ts;n;bid;ask;value;volume;phase;round;active_id
1621252662000;11543934;0.86207;0.86219;0.86213;1;T;True;2
1621252663000;11543935;0.86207;0.86219;0.86213;0;T;True;2
1621252664000;11543939;0.86203;0.86215;0.86209;3;T;True;2
1621252665000;11543943;0.86203;0.86215;0.86209;3;T;True;2
1621252666000;11543944;0.86203;0.86215;0.86209;0;T;True;2
1621252667000;11543947;0.86203;0.86215;0.86209;2;T;True;2
1621252668000;11543949;0.86201;0.86213;0.86207;1;T;True;2
1621252669000;11543950;0.86201;0.86213;0.86207;0;T;True;2
1621252670000;11543953;0.86202;0.86214;0.86208;2;T;True;2
1621252671000;11543954;0.86202;0.86214;0.86208;0;T;True;2
1621252672000;11543955;0.86202;0.86214;0.86208;0;T;True;2
1621252673000;11543958;0.86202;0.86214;0.86208;2;T;True;2
1621252674000;11543963;0.86205;0.86217;0.86211;4;T;True;2
1621252675000;11543964;0.86205;0.86217;0.86211;0;T;True;2
1621252676000;11543967;0.86205;0.86217;0.86211;2;T;True;2
1621252677000;11543968;0.86205;0.86217;0.86211;0;T;True;2
1621252678000;11543969;0.86205;0.86217;0.86211;0;T;True;2
1621252679000;11543972;0.86202;0.86214;0.86208;2;T;True;2
1621252680000;11543975;0.86201;0.86213;0.86207;2;T;True;2
1621252681000;11543976;0.86201;0.86213;0.86207;0;T;True;2
1621252682000;11543978;0.86201;0.86213;0.86207;1;T;True;2
1621252683000;11543979;0.86201;0.86213;0.86207;0;T;True;2
1621252684000;11543985;0.86199;0.86211;0.86205;5;T;True;2
1621252685000;11543988;0.86196;0.86208;0.86202;2;T;True;2
1621252686000;11543999;0.86197;0.86209;0.86203;10;T;True;2
1621252687000;11544005;0.862;0.86212;0.86206;5;T;True;2
1621252688000;11544006;0.862;0.86212;0.86206;0;T;True;2
1621252689000;11544008;0.86199;0.86211;0.86205;1;T;True;2
1621252690000;11544010;0.86198;0.8621;0.86204;1;T;True;2
1621252691000;11544011;0.86198;0.8621;0.86204;0;T;True;2
1621252692000;11544012;0.86198;0.8621;0.86204;0;T;True;2
1621252693000;11544017;0.86195;0.86207;0.86201;4;T;True;2
1621252694000;11544018;0.86195;0.86207;0.86201;0;T;True;2
1621252695000;11544022;0.86195;0.86207;0.86201;3;T;True;2
1621252696000;11544027;0.86197;0.86209;0.86203;4;T;True;2
1621252697000;11544030;0.86197;0.86209;0.86203;2;T;True;2
1621252698000;11544034;0.86197;0.86209;0.86203;3;T;True;2
1621252699000;11544035;0.86197;0.86209;0.86203;0;T;True;2
1621252700000;11544037;0.86197;0.86209;0.86203;1;T;True;2
1621252701000;11544040;0.86197;0.86209;0.86203;2;T;True;2
1621252702000;11544041;0.86197;0.86209;0.86203;0;T;True;2
1621252703000;11544042;0.86197;0.86209;0.86203;0;T;True;2
1621252704000;11544043;0.86197;0.86209;0.86203;0;T;True;2
1621252705000;11544044;0.86197;0.86209;0.86203;0;T;True;2
1621252706000;11544045;0.86197;0.86209;0.86203;0;T;True;2
1621252707000;11544046;0.86197;0.86209;0.86203;0;T;True;2
1621252708000;11544047;0.86197;0.86209;0.86203;0;T;True;2
1621252709000;11544049;0.86197;0.86209;0.86203;1;T;True;2
1621252710000;11544051;0.86197;0.86209;0.86203;1;T;True;2
1621252711000;11544052;0.86197;0.86209;0.86203;0;T;True;2
1621252712000;11544054;0.86197;0.86209;0.86203;1;T;True;2
1621252713000;11544064;0.86199;0.86211;0.86205;9;T;True;2
1621252714000;11544068;0.86198;0.8621;0.86204;3;T;True;2
1621252715000;11544070;0.86198;0.8621;0.86204;1;T;True;2
1621252716000;11544071;0.86198;0.8621;0.86204;0;T;True;2
1621252717000;11544079;0.86195;0.86207;0.86201;7;T;True;2
1621252718000;11544080;0.86195;0.86207;0.86201;0;T;True;2
1621252719000;11544086;0.86194;0.86206;0.862;5;T;True;2
1621252720000;11544089;0.86194;0.86206;0.862;2;T;True;2
1621252721000;11544091;0.86195;0.86207;0.86201;1;T;True;2
1621252722000;11544092;0.86195;0.86207;0.86201;0;T;True;2
1621252723000;11544093;0.86195;0.86207;0.86201;0;T;True;2
1621252724000;11544094;0.86195;0.86207;0.86201;0;T;True;2
1621252725000;11544095;0.86195;0.86207;0.86201;0;T;True;2
1621252726000;11544096;0.86195;0.86207;0.86201;0;T;True;2
1621252727000;11544097;0.86195;0.86207;0.86201;0;T;True;2
1621252728000;11544098;0.86195;0.86207;0.86201;0;T;True;2
1621252729000;11544100;0.86194;0.86206;0.862;1;T;True;2
1621252730000;11544101;0.86194;0.86206;0.862;0;T;True;2
1621252731000;11544102;0.86194;0.86206;0.862;0;T;True;2
1621252732000;11544109;0.8619;0.86202;0.86196;6;T;True;2
1621252733000;11544110;0.8619;0.86202;0.86196;0;T;True;2
1621252734000;11544111;0.8619;0.86202;0.86196;0;T;True;2
1621252735000;11544113;0.86189;0.86201;0.86195;1;T;True;2
1621252736000;11544114;0.86189;0.86201;0.86195;0;T;True;2
1621252737000;11544123;0.86187;0.86199;0.86193;8;T;True;2
1621252738000;11544127;0.86185;0.86197;0.86191;3;T;True;2
1621252739000;11544129;0.86184;0.86196;0.8619;1;T;True;2
1621252740000;11544130;0.86184;0.86196;0.8619;0;T;True;2
1621252741000;11544131;0.86184;0.86196;0.8619;0;T;True;2
1621252742000;11544132;0.86184;0.86196;0.8619;0;T;True;2
1621252743000;11544135;0.86185;0.86197;0.86191;2;T;True;2
1621252744000;11544137;0.86185;0.86197;0.86191;1;T;True;2
1621252745000;11544139;0.86185;0.86197;0.86191;1;T;True;2
1621252746000;11544144;0.86183;0.86195;0.86189;4;T;True;2
1621252747000;11544147;0.86183;0.86195;0.86189;2;T;True;2
1621252748000;11544152;0.86185;0.86197;0.86191;4;T;True;2
1621252749000;11544156;0.86185;0.86197;0.86191;3;T;True;2
1621252750000;11544157;0.86185;0.86197;0.86191;0;T;True;2
1621252751000;11544163;0.86185;0.86197;0.86191;5;T;True;2
1621252752000;11544168;0.86185;0.86197;0.86191;4;T;True;2
1621252753000;11544171;0.86185;0.86197;0.86191;2;T;True;2
1621252754000;11544172;0.86185;0.86197;0.86191;0;T;True;2
1621252755000;11544173;0.86185;0.86197;0.86191;0;T;True;2
1621252756000;11544174;0.86185;0.86197;0.86191;0;T;True;2
1621252757000;11544188;0.86197;0.86209;0.86203;13;T;True;2
1621252758000;11544197;0.86201;0.86213;0.86207;8;T;True;2
1621252759000;11544203;0.86199;0.86211;0.86205;5;T;True;2
1621252760000;11544207;0.86199;0.86211;0.86205;3;T;True;2
1621252761000;11544213;0.86199;0.86211;0.86205;5;T;True;2
1621252762000;11544215;0.862;0.86212;0.86206;1;T;True;2
1621252763000;11544219;0.86201;0.86213;0.86207;3;T;True;2
1621252764000;11544221;0.86202;0.86214;0.86208;1;T;True;2
1621252765000;11544222;0.86202;0.86214;0.86208;0;T;True;2
1621252766000;11544225;0.86202;0.86214;0.86208;2;T;True;2
1621252767000;11544226;0.86202;0.86214;0.86208;0;T;True;2
1621252768000;11544231;0.86202;0.86214;0.86208;4;T;True;2
1621252769000;11544233;0.86202;0.86214;0.86208;1;T;True;2
1621252770000;11544241;0.86196;0.86208;0.86202;7;T;True;2
1621252771000;11544242;0.86196;0.86208;0.86202;0;T;True;2
1621252772000;11544243;0.86196;0.86208;0.86202;0;T;True;2
1621252773000;11544247;0.86198;0.8621;0.86204;3;T;True;2
1621252774000;11544251;0.86197;0.86209;0.86203;3;T;True;2
1621252775000;11544252;0.86197;0.86209;0.86203;0;T;True;2
1621252776000;11544253;0.86197;0.86209;0.86203;0;T;True;2
1621252777000;11544254;0.86197;0.86209;0.86203;0;T;True;2
1621252778000;11544256;0.86197;0.86209;0.86203;1;T;True;2
1621252779000;11544259;0.86197;0.86209;0.86203;2;T;True;2
1621252780000;11544260;0.86197;0.86209;0.86203;0;T;True;2
1621252781000;11544263;0.86197;0.86209;0.86203;2;T;True;2
1621252782000;11544264;0.86197;0.86209;0.86203;0;T;True;2
1621252783000;11544265;0.86197;0.86209;0.86203;0;T;True;2
1621252784000;11544267;0.86197;0.86209;0.86203;1;T;True;2
1621252785000;11544268;0.86197;0.86209;0.86203;0;T;True;2
1621252786000;11544269;0.86197;0.86209;0.86203;0;T;True;2
1621252787000;11544272;0.86194;0.86206;0.862;2;T;True;2
1621252788000;11544275;0.86195;0.86207;0.86201;2;T;True;2
1621252789000;11544286;0.86202;0.86214;0.86208;10;T;True;2
1621252790000;11544291;0.86202;0.86214;0.86208;4;T;True;2
1621252791000;11544294;0.86201;0.86213;0.86207;2;T;True;2
1621252792000;11544298;0.862;0.86212;0.86206;3;T;True;2
1621252793000;11544301;0.86201;0.86213;0.86207;2;T;True;2
1621252794000;11544302;0.86201;0.86213;0.86207;0;T;True;2
1621252795000;11544304;0.86201;0.86213;0.86207;1;T;True;2
1621252796000;11544308;0.862;0.86212;0.86206;3;T;True;2
1621252797000;11544315;0.86193;0.86205;0.86199;6;T;True;2
1621252798000;11544319;0.86193;0.86205;0.86199;3;T;True;2
1621252799000;11544321;0.86193;0.86205;0.86199;1;T;True;2
1621252800000;11544322;0.86193;0.86205;0.86199;0;T;True;2
1621252801000;11544325;0.86193;0.86205;0.86199;2;T;True;2
1621252802000;11544328;0.86195;0.86207;0.86201;2;T;True;2
1621252803000;11544334;0.86195;0.86207;0.86201;5;T;True;2
1621252804000;11544342;0.86197;0.86209;0.86203;7;T;True;2
1621252805000;11544345;0.86199;0.86211;0.86205;2;T;True;2
1621252806000;11544347;0.86199;0.86211;0.86205;1;T;True;2
1621252807000;11544348;0.86199;0.86211;0.86205;0;T;True;2
1621252808000;11544351;0.86201;0.86213;0.86207;2;T;True;2
1621252809000;11544355;0.86203;0.86215;0.86209;3;T;True;2
1621252810000;11544356;0.86203;0.86215;0.86209;0;T;True;2
1621252811000;11544360;0.86201;0.86213;0.86207;3;T;True;2
1621252812000;11544362;0.862;0.86212;0.86206;1;T;True;2
1621252813000;11544364;0.86199;0.86211;0.86205;1;T;True;2
1621252814000;11544365;0.86199;0.86211;0.86205;0;T;True;2
1621252815000;11544369;0.86199;0.86211;0.86205;3;T;True;2
1621252816000;11544375;0.86207;0.86219;0.86213;5;T;True;2
1621252817000;11544379;0.86205;0.86217;0.86211;3;T;True;2
1621252818000;11544380;0.86205;0.86217;0.86211;0;T;True;2
1621252819000;11544382;0.86206;0.86218;0.86212;1;T;True;2
1621252820000;11544383;0.86206;0.86218;0.86212;0;T;True;2
1621252821000;11544386;0.86207;0.86219;0.86213;2;T;True;2
1621252822000;11544392;0.86209;0.86221;0.86215;5;T;True;2
1621252823000;11544397;0.86212;0.86224;0.86218;4;T;True;2
1621252824000;11544402;0.86211;0.86223;0.86217;4;T;True;2
1621252825000;11544403;0.86211;0.86223;0.86217;0;T;True;2
1621252826000;11544406;0.86213;0.86225;0.86219;2;T;True;2
1621252827000;11544412;0.86218;0.8623;0.86224;5;T;True;2
1621252828000;11544414;0.86217;0.86229;0.86223;1;T;True;2
1621252829000;11544415;0.86217;0.86229;0.86223;0;T;True;2
1621252830000;11544421;0.86219;0.86231;0.86225;5;T;True;2
1621252831000;11544423;0.86218;0.8623;0.86224;1;T;True;2
1621252832000;11544424;0.86218;0.8623;0.86224;0;T;True;2
1621252833000;11544425;0.86218;0.8623;0.86224;0;T;True;2
1621252834000;11544426;0.86218;0.8623;0.86224;0;T;True;2
1621252835000;11544427;0.86218;0.8623;0.86224;0;T;True;2
1621252836000;11544430;0.86217;0.86229;0.86223;2;T;True;2
1621252837000;11544436;0.86215;0.86227;0.86221;5;T;True;2
1621252838000;11544439;0.86213;0.86225;0.86219;2;T;True;2
1621252839000;11544441;0.86213;0.86225;0.86219;1;T;True;2
1621252840000;11544444;0.86215;0.86227;0.86221;2;T;True;2
1621252841000;11544449;0.86219;0.86231;0.86225;4;T;True;2
1621252842000;11544451;0.86219;0.86231;0.86225;1;T;True;2
1621252843000;11544452;0.86219;0.86231;0.86225;0;T;True;2
1621252844000;11544454;0.86219;0.86231;0.86225;1;T;True;2
1621252845000;11544455;0.86219;0.86231;0.86225;0;T;True;2
1621252846000;11544458;0.86217;0.86229;0.86223;2;T;True;2
1621252847000;11544459;0.86217;0.86229;0.86223;0;T;True;2
1621252848000;11544460;0.86217;0.86229;0.86223;0;T;True;2
1621252849000;11544461;0.86217;0.86229;0.86223;0;T;True;2
1621252850000;11544462;0.86217;0.86229;0.86223;0;T;True;2
1621252851000;11544464;0.86215;0.86227;0.86221;1;T;True;2
1621252852000;11544465;0.86215;0.86227;0.86221;0;T;True;2
1621252853000;11544466;0.86215;0.86227;0.86221;0;T;True;2
1621252854000;11544467;0.86215;0.86227;0.86221;0;T;True;2
1621252855000;11544469;0.86214;0.86226;0.8622;1;T;True;2
1621252856000;11544470;0.86214;0.86226;0.8622;0;T;True;2
1621252857000;11544473;0.86214;0.86226;0.8622;2;T;True;2
1621252858000;11544475;0.86214;0.86226;0.8622;1;T;True;2
1621252859000;11544476;0.86214;0.86226;0.8622;0;T;True;2
1621252860000;11544478;0.86213;0.86225;0.86219;1;T;True;2
1621252861000;11544480;0.86212;0.86224;0.86218;1;T;True;2
1621252862000;11544488;0.86211;0.86223;0.86217;7;T;True;2
1621252863000;11544491;0.86212;0.86224;0.86218;2;T;True;2
1621252864000;11544494;0.86213;0.86225;0.86219;2;T;True;2
1621252865000;11544498;0.86213;0.86225;0.86219;3;T;True;2
1621252866000;11544502;0.86215;0.86227;0.86221;3;T;True;2
1621252867000;11544505;0.86217;0.86229;0.86223;2;T;True;2
1621252868000;11544506;0.86217;0.86229;0.86223;0;T;True;2
1621252869000;11544515;0.86211;0.86223;0.86217;8;T;True;2
1621252870000;11544516;0.86211;0.86223;0.86217;0;T;True;2
1621252871000;11544518;0.86212;0.86224;0.86218;1;T;True;2
1621252872000;11544519;0.86212;0.86224;0.86218;0;T;True;2
1621252873000;11544522;0.86212;0.86224;0.86218;2;T;True;2
1621252874000;11544523;0.86212;0.86224;0.86218;0;T;True;2
1621252875000;11544524;0.86212;0.86224;0.86218;0;T;True;2
1621252876000;11544525;0.86212;0.86224;0.86218;0;T;True;2
1621252877000;11544527;0.86212;0.86224;0.86218;1;T;True;2
1621252878000;11544528;0.86212;0.86224;0.86218;0;T;True;2
1621252879000;11544530;0.86212;0.86224;0.86218;1;T;True;2
1621252880000;11544531;0.86212;0.86224;0.86218;0;T;True;2
1621252881000;11544532;0.86212;0.86224;0.86218;0;T;True;2
1621252882000;11544533;0.86212;0.86224;0.86218;0;T;True;2
1621252883000;11544534;0.86212;0.86224;0.86218;0;T;True;2
1621252884000;11544535;0.86212;0.86224;0.86218;0;T;True;2
1621252885000;11544537;0.86211;0.86223;0.86217;1;T;True;2
1621252886000;11544538;0.86211;0.86223;0.86217;0;T;True;2
1621252887000;11544539;0.86211;0.86223;0.86217;0;T;True;2
1621252888000;11544548;0.86217;0.86229;0.86223;8;T;True;2
1621252889000;11544550;0.86219;0.86231;0.86225;1;T;True;2
1621252890000;11544551;0.86219;0.86231;0.86225;0;T;True;2
1621252891000;11544552;0.86219;0.86231;0.86225;0;T;True;2
1621252892000;11544553;0.86219;0.86231;0.86225;0;T;True;2
1621252893000;11544554;0.86219;0.86231;0.86225;0;T;True;2
1621252894000;11544555;0.86219;0.86231;0.86225;0;T;True;2
1621252895000;11544556;0.86219;0.86231;0.86225;0;T;True;2
1621252896000;11544557;0.86219;0.86231;0.86225;0;T;True;2
1621252897000;11544561;0.86218;0.8623;0.86224;3;T;True;2
1621252898000;11544564;0.86217;0.86229;0.86223;2;T;True;2
1621252899000;11544565;0.86217;0.86229;0.86223;0;T;True;2
1621252900000;11544566;0.86217;0.86229;0.86223;0;T;True;2
1621252901000;11544568;0.86216;0.86228;0.86222;1;T;True;2
1621252902000;11544571;0.86215;0.86227;0.86221;2;T;True;2
1621252903000;11544577;0.86218;0.8623;0.86224;5;T;True;2
1621252904000;11544580;0.86219;0.86231;0.86225;2;T;True;2
1621252905000;11544581;0.86219;0.86231;0.86225;0;T;True;2
1621252906000;11544585;0.86219;0.86231;0.86225;3;T;True;2
1621252907000;11544587;0.86219;0.86231;0.86225;1;T;True;2
1621252908000;11544588;0.86219;0.86231;0.86225;0;T;True;2
1621252909000;11544591;0.86219;0.86231;0.86225;2;T;True;2
1621252910000;11544592;0.86219;0.86231;0.86225;0;T;True;2
1621252911000;11544594;0.86219;0.86231;0.86225;1;T;True;2
1621252912000;11544595;0.86219;0.86231;0.86225;0;T;True;2
1621252913000;11544597;0.86219;0.86231;0.86225;1;T;True;2
1621252914000;11544599;0.86219;0.86231;0.86225;1;T;True;2
1621252915000;11544602;0.86219;0.86231;0.86225;2;T;True;2
1621252916000;11544605;0.86219;0.86231;0.86225;2;T;True;2
1621252917000;11544606;0.86219;0.86231;0.86225;0;T;True;2
1621252918000;11544607;0.86219;0.86231;0.86225;0;T;True;2
1621252919000;11544608;0.86219;0.86231;0.86225;0;T;True;2
1621252920000;11544610;0.86219;0.86231;0.86225;1;T;True;2
1621252921000;11544611;0.86219;0.86231;0.86225;0;T;True;2
1621252922000;11544612;0.86219;0.86231;0.86225;0;T;True;2
1621252923000;11544613;0.86219;0.86231;0.86225;0;T;True;2
1621252924000;11544614;0.86219;0.86231;0.86225;0;T;True;2
1621252925000;11544615;0.86219;0.86231;0.86225;0;T;True;2
1621252926000;11544618;0.86219;0.86231;0.86225;2;T;True;2
1621252927000;11544620;0.86219;0.86231;0.86225;1;T;True;2
1621252928000;11544622;0.86219;0.86231;0.86225;1;T;True;2
1621252929000;11544623;0.86219;0.86231;0.86225;0;T;True;2
1621252930000;11544624;0.86219;0.86231;0.86225;0;T;True;2
1621252931000;11544625;0.86219;0.86231;0.86225;0;T;True;2
1621252932000;11544626;0.86219;0.86231;0.86225;0;T;True;2
1621252933000;11544627;0.86219;0.86231;0.86225;0;T;True;2
1621252934000;11544628;0.86219;0.86231;0.86225;0;T;True;2
1621252935000;11544629;0.86219;0.86231;0.86225;0;T;True;2
1621252936000;11544630;0.86219;0.86231;0.86225;0;T;True;2
1621252937000;11544632;0.86219;0.86231;0.86225;1;T;True;2
1621252938000;11544633;0.86219;0.86231;0.86225;0;T;True;2
1621252939000;11544638;0.86217;0.86229;0.86223;4;T;True;2
1621252940000;11544640;0.86217;0.86229;0.86223;1;T;True;2
1621252941000;11544643;0.86219;0.86231;0.86225;2;T;True;2
1621252942000;11544645;0.86219;0.86231;0.86225;1;T;True;2
1621252943000;11544647;0.86219;0.86231;0.86225;1;T;True;2
1621252944000;11544648;0.86219;0.86231;0.86225;0;T;True;2
1621252945000;11544649;0.86219;0.86231;0.86225;0;T;True;2
1621252946000;11544650;0.86219;0.86231;0.86225;0;T;True;2
1621252947000;11544653;0.8622;0.86232;0.86226;2;T;True;2
1621252948000;11544654;0.8622;0.86232;0.86226;0;T;True;2
1621252949000;11544655;0.8622;0.86232;0.86226;0;T;True;2
1621252950000;11544656;0.8622;0.86232;0.86226;0;T;True;2
1621252951000;11544657;0.8622;0.86232;0.86226;0;T;True;2
1621252952000;11544659;0.86221;0.86233;0.86227;1;T;True;2
1621252953000;11544661;0.86221;0.86233;0.86227;1;T;True;2
1621252954000;11544662;0.86221;0.86233;0.86227;0;T;True;2
1621252955000;11544663;0.86221;0.86233;0.86227;0;T;True;2
1621252956000;11544664;0.86221;0.86233;0.86227;0;T;True;2
1621252957000;11544665;0.86221;0.86233;0.86227;0;T;True;2
1621252958000;11544667;0.86223;0.86235;0.86229;1;T;True;2
1621252959000;11544669;0.86223;0.86235;0.86229;1;T;True;2
1621252960000;11544673;0.86223;0.86235;0.86229;3;T;True;2
1621252961000;11544674;0.86223;0.86235;0.86229;0;T;True;2
1621252962000;11544675;0.86223;0.86235;0.86229;0;T;True;2
1621252963000;11544676;0.86223;0.86235;0.86229;0;T;True;2
1621252964000;11544677;0.86223;0.86235;0.86229;0;T;True;2
1621252965000;11544678;0.86223;0.86235;0.86229;0;T;True;2
1621252966000;11544679;0.86223;0.86235;0.86229;0;T;True;2
1621252967000;11544681;0.86222;0.86234;0.86228;1;T;True;2
1621252968000;11544682;0.86222;0.86234;0.86228;0;T;True;2
1621252969000;11544683;0.86222;0.86234;0.86228;0;T;True;2
1621252970000;11544684;0.86222;0.86234;0.86228;0;T;True;2
1621252971000;11544686;0.86221;0.86233;0.86227;1;T;True;2
1621252972000;11544687;0.86221;0.86233;0.86227;0;T;True;2
1621252973000;11544688;0.86221;0.86233;0.86227;0;T;True;2
1621252974000;11544689;0.86221;0.86233;0.86227;0;T;True;2
1621252975000;11544690;0.86221;0.86233;0.86227;0;T;True;2
1621252976000;11544693;0.86219;0.86231;0.86225;2;T;True;2
1621252977000;11544696;0.86217;0.86229;0.86223;2;T;True;2
1621252978000;11544701;0.86214;0.86226;0.8622;4;T;True;2
1621252979000;11544702;0.86214;0.86226;0.8622;0;T;True;2
1621252980000;11544703;0.86214;0.86226;0.8622;0;T;True;2
1621252981000;11544704;0.86214;0.86226;0.8622;0;T;True;2
1621252982000;11544705;0.86214;0.86226;0.8622;0;T;True;2
1621252983000;11544708;0.86215;0.86227;0.86221;2;T;True;2
1621252984000;11544709;0.86215;0.86227;0.86221;0;T;True;2
1621252985000;11544710;0.86215;0.86227;0.86221;0;T;True;2
1621252986000;11544711;0.86215;0.86227;0.86221;0;T;True;2
1621252987000;11544712;0.86215;0.86227;0.86221;0;T;True;2
1621252988000;11544713;0.86215;0.86227;0.86221;0;T;True;2
1621252989000;11544716;0.86213;0.86225;0.86219;2;T;True;2
1621252990000;11544719;0.86211;0.86223;0.86217;2;T;True;2
1621252991000;11544720;0.86211;0.86223;0.86217;0;T;True;2
1621252992000;11544721;0.86211;0.86223;0.86217;0;T;True;2
1621252993000;11544723;0.86212;0.86224;0.86218;1;T;True;2
1621252994000;11544727;0.86212;0.86224;0.86218;3;T;True;2
1621252995000;11544728;0.86212;0.86224;0.86218;0;T;True;2
1621252996000;11544729;0.86212;0.86224;0.86218;0;T;True;2
1621252997000;11544730;0.86212;0.86224;0.86218;0;T;True;2
1621252998000;11544735;0.86206;0.86218;0.86212;4;T;True;2
1621252999000;11544736;0.86206;0.86218;0.86212;0;T;True;2
1621253000000;11544738;0.86205;0.86217;0.86211;1;T;True;2
1621253001000;11544739;0.86205;0.86217;0.86211;0;T;True;2
1621253002000;11544740;0.86205;0.86217;0.86211;0;T;True;2
1621253003000;11544741;0.86205;0.86217;0.86211;0;T;True;2
1621253004000;11544742;0.86205;0.86217;0.86211;0;T;True;2
1621253005000;11544743;0.86205;0.86217;0.86211;0;T;True;2
1621253006000;11544746;0.86207;0.86219;0.86213;2;T;True;2
1621253007000;11544747;0.86207;0.86219;0.86213;0;T;True;2
1621253008000;11544748;0.86207;0.86219;0.86213;0;T;True;2
1621253009000;11544751;0.86209;0.86221;0.86215;2;T;True;2
1621253010000;11544752;0.86209;0.86221;0.86215;0;T;True;2
1621253011000;11544754;0.8621;0.86222;0.86216;1;T;True;2
1621253012000;11544755;0.8621;0.86222;0.86216;0;T;True;2
1621253013000;11544756;0.8621;0.86222;0.86216;0;T;True;2
1621253014000;11544757;0.8621;0.86222;0.86216;0;T;True;2
1621253015000;11544758;0.8621;0.86222;0.86216;0;T;True;2
1621253016000;11544767;0.8621;0.86222;0.86216;8;T;True;2
1621253017000;11544770;0.86209;0.86221;0.86215;2;T;True;2
1621253018000;11544771;0.86209;0.86221;0.86215;0;T;True;2
1621253019000;11544774;0.86209;0.86221;0.86215;2;T;True;2
1621253020000;11544775;0.86209;0.86221;0.86215;0;T;True;2
1621253021000;11544776;0.86209;0.86221;0.86215;0;T;True;2
1621253022000;11544777;0.86209;0.86221;0.86215;0;T;True;2
1621253023000;11544781;0.86213;0.86225;0.86219;3;T;True;2
1621253024000;11544783;0.86214;0.86226;0.8622;1;T;True;2
1621253025000;11544784;0.86214;0.86226;0.8622;0;T;True;2
1621253026000;11544785;0.86214;0.86226;0.8622;0;T;True;2
1621253027000;11544787;0.86213;0.86225;0.86219;1;T;True;2
1621253028000;11544788;0.86213;0.86225;0.86219;0;T;True;2
1621253029000;11544790;0.86214;0.86226;0.8622;1;T;True;2
1621253030000;11544791;0.86214;0.86226;0.8622;0;T;True;2
1621253031000;11544792;0.86214;0.86226;0.8622;0;T;True;2
1621253032000;11544796;0.86209;0.86221;0.86215;3;T;True;2
1621253033000;11544797;0.86209;0.86221;0.86215;0;T;True;2
1621253034000;11544798;0.86209;0.86221;0.86215;0;T;True;2
1621253035000;11544799;0.86209;0.86221;0.86215;0;T;True;2
1621253036000;11544800;0.86209;0.86221;0.86215;0;T;True;2
1621253037000;11544801;0.86209;0.86221;0.86215;0;T;True;2
1621253038000;11544802;0.86209;0.86221;0.86215;0;T;True;2
1621253039000;11544803;0.86209;0.86221;0.86215;0;T;True;2
1621253040000;11544807;0.8621;0.86222;0.86216;3;T;True;2
1621253041000;11544808;0.8621;0.86222;0.86216;0;T;True;2
1621253042000;11544811;0.86208;0.8622;0.86214;2;T;True;2
1621253043000;11544813;0.86209;0.86221;0.86215;1;T;True;2
1621253044000;11544814;0.86209;0.86221;0.86215;0;T;True;2
1621253045000;11544821;0.86209;0.86221;0.86215;6;T;True;2
1621253046000;11544822;0.86209;0.86221;0.86215;0;T;True;2
1621253047000;11544823;0.86209;0.86221;0.86215;0;T;True;2
1621253048000;11544830;0.86209;0.86221;0.86215;6;T;True;2
1621253049000;11544832;0.86211;0.86223;0.86217;1;T;True;2
1621253050000;11544833;0.86211;0.86223;0.86217;0;T;True;2
1621253051000;11544842;0.86215;0.86227;0.86221;8;T;True;2
1621253052000;11544844;0.86216;0.86228;0.86222;1;T;True;2
1621253053000;11544854;0.86217;0.86229;0.86223;9;T;True;2
1621253054000;11544855;0.86217;0.86229;0.86223;0;T;True;2
1621253055000;11544856;0.86217;0.86229;0.86223;0;T;True;2
1621253056000;11544858;0.86217;0.86229;0.86223;1;T;True;2
1621253057000;11544859;0.86217;0.86229;0.86223;0;T;True;2
1621253058000;11544862;0.86218;0.8623;0.86224;2;T;True;2
1621253059000;11544864;0.86218;0.8623;0.86224;1;T;True;2
1621253060000;11544872;0.86221;0.86233;0.86227;7;T;True;2
1621253061000;11544874;0.86221;0.86233;0.86227;1;T;True;2
1621253062000;11544877;0.86221;0.86233;0.86227;2;T;True;2
1621253063000;11544878;0.86221;0.86233;0.86227;0;T;True;2
1621253064000;11544879;0.86221;0.86233;0.86227;0;T;True;2
1621253065000;11544882;0.86221;0.86233;0.86227;2;T;True;2
1621253066000;11544892;0.86211;0.86223;0.86217;9;T;True;2
1621253067000;11544894;0.8621;0.86222;0.86216;1;T;True;2
1621253068000;11544895;0.8621;0.86222;0.86216;0;T;True;2
1621253069000;11544903;0.86211;0.86223;0.86217;7;T;True;2
1621253070000;11544906;0.86211;0.86223;0.86217;2;T;True;2
1621253071000;11544907;0.86211;0.86223;0.86217;0;T;True;2
1621253072000;11544910;0.86209;0.86221;0.86215;2;T;True;2
1621253073000;11544911;0.86209;0.86221;0.86215;0;T;True;2
1621253074000;11544912;0.86209;0.86221;0.86215;0;T;True;2
1621253075000;11544914;0.86209;0.86221;0.86215;1;T;True;2
1621253076000;11544915;0.86209;0.86221;0.86215;0;T;True;2
1621253077000;11544916;0.86209;0.86221;0.86215;0;T;True;2
1621253078000;11544917;0.86209;0.86221;0.86215;0;T;True;2
1621253079000;11544919;0.86207;0.86219;0.86213;1;T;True;2
1621253080000;11544922;0.86205;0.86217;0.86211;2;T;True;2
1621253081000;11544924;0.86205;0.86217;0.86211;1;T;True;2
1621253082000;11544925;0.86205;0.86217;0.86211;0;T;True;2
1621253083000;11544929;0.86204;0.86216;0.8621;3;T;True;2
1621253084000;11544934;0.86203;0.86215;0.86209;4;T;True;2
1621253085000;11544935;0.86203;0.86215;0.86209;0;T;True;2
1621253086000;11544936;0.86203;0.86215;0.86209;0;T;True;2
1621253087000;11544937;0.86203;0.86215;0.86209;0;T;True;2
1621253088000;11544938;0.86203;0.86215;0.86209;0;T;True;2
1621253089000;11544942;0.86205;0.86217;0.86211;3;T;True;2
1621253090000;11544944;0.86205;0.86217;0.86211;1;T;True;2
1621253091000;11544947;0.86206;0.86218;0.86212;2;T;True;2
1621253092000;11544953;0.86211;0.86223;0.86217;5;T;True;2
1621253093000;11544954;0.86211;0.86223;0.86217;0;T;True;2
1621253094000;11544965;0.86217;0.86229;0.86223;10;T;True;2
1621253095000;11544967;0.86217;0.86229;0.86223;1;T;True;2
1621253096000;11544968;0.86217;0.86229;0.86223;0;T;True;2
1621253097000;11544969;0.86217;0.86229;0.86223;0;T;True;2
1621253098000;11544970;0.86217;0.86229;0.86223;0;T;True;2
1621253099000;11544971;0.86217;0.86229;0.86223;0;T;True;2
1621253100000;11544972;0.86217;0.86229;0.86223;0;T;True;2
1621253101000;11544973;0.86217;0.86229;0.86223;0;T;True;2
1621253102000;11544976;0.86215;0.86227;0.86221;2;T;True;2
1621253103000;11544980;0.86213;0.86225;0.86219;3;T;True;2
1621253104000;11544981;0.86213;0.86225;0.86219;0;T;True;2
1621253105000;11544983;0.86212;0.86224;0.86218;1;T;True;2
1621253106000;11544987;0.86211;0.86223;0.86217;3;T;True;2
1621253107000;11544988;0.86211;0.86223;0.86217;0;T;True;2
1621253108000;11544989;0.86211;0.86223;0.86217;0;T;True;2
1621253109000;11544995;0.86207;0.86219;0.86213;5;T;True;2
1621253110000;11544997;0.86207;0.86219;0.86213;1;T;True;2
1621253111000;11544998;0.86207;0.86219;0.86213;0;T;True;2
1621253112000;11544999;0.86207;0.86219;0.86213;0;T;True;2
1621253113000;11545000;0.86207;0.86219;0.86213;0;T;True;2
1621253114000;11545001;0.86207;0.86219;0.86213;0;T;True;2
1621253115000;11545002;0.86207;0.86219;0.86213;0;T;True;2
1621253116000;11545003;0.86207;0.86219;0.86213;0;T;True;2
1621253117000;11545006;0.86209;0.86221;0.86215;2;T;True;2
1621253118000;11545007;0.86209;0.86221;0.86215;0;T;True;2
1621253119000;11545008;0.86209;0.86221;0.86215;0;T;True;2
1621253120000;11545009;0.86209;0.86221;0.86215;0;T;True;2
1621253121000;11545010;0.86209;0.86221;0.86215;0;T;True;2
1621253122000;11545011;0.86209;0.86221;0.86215;0;T;True;2
1621253123000;11545012;0.86209;0.86221;0.86215;0;T;True;2
1621253124000;11545013;0.86209;0.86221;0.86215;0;T;True;2
1621253125000;11545014;0.86209;0.86221;0.86215;0;T;True;2
1621253126000;11545015;0.86209;0.86221;0.86215;0;T;True;2
1621253127000;11545016;0.86209;0.86221;0.86215;0;T;True;2
1621253128000;11545017;0.86209;0.86221;0.86215;0;T;True;2
1621253129000;11545018;0.86209;0.86221;0.86215;0;T;True;2
1621253130000;11545019;0.86209;0.86221;0.86215;0;T;True;2
1621253131000;11545020;0.86209;0.86221;0.86215;0;T;True;2
1621253132000;11545021;0.86209;0.86221;0.86215;0;T;True;2
1621253133000;11545022;0.86209;0.86221;0.86215;0;T;True;2
1621253134000;11545023;0.86209;0.86221;0.86215;0;T;True;2
1621253135000;11545027;0.86212;0.86224;0.86218;3;T;True;2
1621253136000;11545031;0.86215;0.86227;0.86221;3;T;True;2
1621253137000;11545032;0.86215;0.86227;0.86221;0;T;True;2
1621253138000;11545033;0.86215;0.86227;0.86221;0;T;True;2
1621253139000;11545035;0.86217;0.86229;0.86223;1;T;True;2
1621253140000;11545036;0.86217;0.86229;0.86223;0;T;True;2
1621253141000;11545038;0.86216;0.86228;0.86222;1;T;True;2
1621253142000;11545039;0.86216;0.86228;0.86222;0;T;True;2
1621253143000;11545041;0.86215;0.86227;0.86221;1;T;True;2
1621253144000;11545042;0.86215;0.86227;0.86221;0;T;True;2
1621253145000;11545043;0.86215;0.86227;0.86221;0;T;True;2
1621253146000;11545044;0.86215;0.86227;0.86221;0;T;True;2
1621253147000;11545046;0.86213;0.86225;0.86219;1;T;True;2
1621253148000;11545054;0.86207;0.86219;0.86213;7;T;True;2
1621253149000;11545055;0.86207;0.86219;0.86213;0;T;True;2
1621253150000;11545058;0.86209;0.86221;0.86215;2;T;True;2
1621253151000;11545059;0.86209;0.86221;0.86215;0;T;True;2
1621253152000;11545061;0.86209;0.86221;0.86215;1;T;True;2
1621253153000;11545062;0.86209;0.86221;0.86215;0;T;True;2
1621253154000;11545063;0.86209;0.86221;0.86215;0;T;True;2
1621253155000;11545064;0.86209;0.86221;0.86215;0;T;True;2
1621253156000;11545065;0.86209;0.86221;0.86215;0;T;True;2
1621253157000;11545066;0.86209;0.86221;0.86215;0;T;True;2
1621253158000;11545067;0.86209;0.86221;0.86215;0;T;True;2
1621253159000;11545068;0.86209;0.86221;0.86215;0;T;True;2
1621253160000;11545070;0.86209;0.86221;0.86215;1;T;True;2
1621253161000;11545072;0.86208;0.8622;0.86214;1;T;True;2
1621253162000;11545078;0.86204;0.86216;0.8621;5;T;True;2
1621253163000;11545079;0.86204;0.86216;0.8621;0;T;True;2
1621253164000;11545081;0.86203;0.86215;0.86209;1;T;True;2
1621253165000;11545082;0.86203;0.86215;0.86209;0;T;True;2
1621253166000;11545083;0.86203;0.86215;0.86209;0;T;True;2
1621253167000;11545084;0.86203;0.86215;0.86209;0;T;True;2
1621253168000;11545085;0.86203;0.86215;0.86209;0;T;True;2
1621253169000;11545086;0.86203;0.86215;0.86209;0;T;True;2
1621253170000;11545087;0.86203;0.86215;0.86209;0;T;True;2
1621253171000;11545088;0.86203;0.86215;0.86209;0;T;True;2
1621253172000;11545089;0.86203;0.86215;0.86209;0;T;True;2
1621253173000;11545090;0.86203;0.86215;0.86209;0;T;True;2
1621253174000;11545091;0.86203;0.86215;0.86209;0;T;True;2
1621253175000;11545093;0.86202;0.86214;0.86208;1;T;True;2
1621253176000;11545096;0.86202;0.86214;0.86208;2;T;True;2
1621253177000;11545098;0.86201;0.86213;0.86207;1;T;True;2
1621253178000;11545099;0.86201;0.86213;0.86207;0;T;True;2
1621253179000;11545100;0.86201;0.86213;0.86207;0;T;True;2
1621253180000;11545101;0.86201;0.86213;0.86207;0;T;True;2
1621253181000;11545103;0.86199;0.86211;0.86205;1;T;True;2
1621253182000;11545106;0.86199;0.86211;0.86205;2;T;True;2
1621253183000;11545107;0.86199;0.86211;0.86205;0;T;True;2
1621253184000;11545108;0.86199;0.86211;0.86205;0;T;True;2
1621253185000;11545109;0.86199;0.86211;0.86205;0;T;True;2
1621253186000;11545110;0.86199;0.86211;0.86205;0;T;True;2
1621253187000;11545111;0.86199;0.86211;0.86205;0;T;True;2
1621253188000;11545123;0.86201;0.86213;0.86207;11;T;True;2
1621253189000;11545127;0.86203;0.86215;0.86209;3;T;True;2
1621253190000;11545128;0.86203;0.86215;0.86209;0;T;True;2
1621253191000;11545129;0.86203;0.86215;0.86209;0;T;True;2
1621253192000;11545130;0.86203;0.86215;0.86209;0;T;True;2
1621253193000;11545133;0.86205;0.86217;0.86211;2;T;True;2
1621253194000;11545136;0.86206;0.86218;0.86212;2;T;True;2
1621253195000;11545137;0.86206;0.86218;0.86212;0;T;True;2
1621253196000;11545139;0.86207;0.86219;0.86213;1;T;True;2
1621253197000;11545144;0.86209;0.86221;0.86215;4;T;True;2
1621253198000;11545146;0.86209;0.86221;0.86215;1;T;True;2
1621253199000;11545150;0.86208;0.8622;0.86214;3;T;True;2
1621253200000;11545151;0.86208;0.8622;0.86214;0;T;True;2
1621253201000;11545152;0.86208;0.8622;0.86214;0;T;True;2
1621253202000;11545153;0.86208;0.8622;0.86214;0;T;True;2
1621253203000;11545154;0.86208;0.8622;0.86214;0;T;True;2
1621253204000;11545155;0.86208;0.8622;0.86214;0;T;True;2
1621253205000;11545156;0.86208;0.8622;0.86214;0;T;True;2
1621253206000;11545157;0.86208;0.8622;0.86214;0;T;True;2
1621253207000;11545160;0.86209;0.86221;0.86215;2;T;True;2
1621253208000;11545162;0.86209;0.86221;0.86215;1;T;True;2
1621253209000;11545163;0.86209;0.86221;0.86215;0;T;True;2
1621253210000;11545167;0.8621;0.86222;0.86216;3;T;True;2
1621253211000;11545169;0.86211;0.86223;0.86217;1;T;True;2
1621253212000;11545171;0.86209;0.86221;0.86215;1;T;True;2
1621253213000;11545173;0.86209;0.86221;0.86215;1;T;True;2
1621253214000;11545176;0.86209;0.86221;0.86215;2;T;True;2
1621253215000;11545178;0.86209;0.86221;0.86215;1;T;True;2
1621253216000;11545180;0.8621;0.86222;0.86216;1;T;True;2
1621253217000;11545181;0.8621;0.86222;0.86216;0;T;True;2
1621253218000;11545184;0.86207;0.86219;0.86213;2;T;True;2
1621253219000;11545186;0.86208;0.8622;0.86214;1;T;True;2
1621253220000;11545187;0.86208;0.8622;0.86214;0;T;True;2
1621253221000;11545189;0.86207;0.86219;0.86213;1;T;True;2
1621253222000;11545190;0.86207;0.86219;0.86213;0;T;True;2
1621253223000;11545191;0.86207;0.86219;0.86213;0;T;True;2
1621253224000;11545192;0.86207;0.86219;0.86213;0;T;True;2
1621253225000;11545194;0.86207;0.86219;0.86213;1;T;True;2
1621253226000;11545195;0.86207;0.86219;0.86213;0;T;True;2
1621253227000;11545196;0.86207;0.86219;0.86213;0;T;True;2
1621253228000;11545197;0.86207;0.86219;0.86213;0;T;True;2
1621253229000;11545198;0.86207;0.86219;0.86213;0;T;True;2
1621253230000;11545199;0.86207;0.86219;0.86213;0;T;True;2
1621253231000;11545200;0.86207;0.86219;0.86213;0;T;True;2
1621253232000;11545201;0.86207;0.86219;0.86213;0;T;True;2
1621253233000;11545202;0.86207;0.86219;0.86213;0;T;True;2
1621253234000;11545204;0.86207;0.86219;0.86213;1;T;True;2
1621253235000;11545206;0.86207;0.86219;0.86213;1;T;True;2
1621253236000;11545208;0.86207;0.86219;0.86213;1;T;True;2
1621253237000;11545209;0.86207;0.86219;0.86213;0;T;True;2
1621253238000;11545210;0.86207;0.86219;0.86213;0;T;True;2
1621253239000;11545211;0.86207;0.86219;0.86213;0;T;True;2
1621253240000;11545215;0.86209;0.86221;0.86215;3;T;True;2
1621253241000;11545218;0.86211;0.86223;0.86217;2;T;True;2
1621253242000;11545219;0.86211;0.86223;0.86217;0;T;True;2
1621253243000;11545220;0.86211;0.86223;0.86217;0;T;True;2
1621253244000;11545222;0.8621;0.86222;0.86216;1;T;True;2
1621253245000;11545224;0.8621;0.86222;0.86216;1;T;True;2
1621253246000;11545226;0.8621;0.86222;0.86216;1;T;True;2
1621253247000;11545227;0.8621;0.86222;0.86216;0;T;True;2
1621253248000;11545228;0.8621;0.86222;0.86216;0;T;True;2
1621253249000;11545229;0.8621;0.86222;0.86216;0;T;True;2
1621253250000;11545230;0.8621;0.86222;0.86216;0;T;True;2
1621253251000;11545231;0.8621;0.86222;0.86216;0;T;True;2
1621253252000;11545232;0.8621;0.86222;0.86216;0;T;True;2
1621253253000;11545236;0.86207;0.86219;0.86213;3;T;True;2
1621253254000;11545239;0.86206;0.86218;0.86212;2;T;True;2
1621253255000;11545240;0.86206;0.86218;0.86212;0;T;True;2
1621253256000;11545244;0.86203;0.86215;0.86209;3;T;True;2
1621253257000;11545245;0.86203;0.86215;0.86209;0;T;True;2
1621253258000;11545249;0.86202;0.86214;0.86208;3;T;True;2
1621253259000;11545250;0.86202;0.86214;0.86208;0;T;True;2
1621253260000;11545252;0.86201;0.86213;0.86207;1;T;True;2
1621253261000;11545254;0.86201;0.86213;0.86207;1;T;True;2
1621253262000;11545256;0.862;0.86212;0.86206;1;T;True;2
1621253263000;11545262;0.86205;0.86217;0.86211;5;T;True;2
1621253264000;11545271;0.86208;0.8622;0.86214;8;T;True;2
1621253265000;11545272;0.86208;0.8622;0.86214;0;T;True;2
1621253266000;11545273;0.86208;0.8622;0.86214;0;T;True;2
1621253267000;11545274;0.86208;0.8622;0.86214;0;T;True;2
1621253268000;11545275;0.86208;0.8622;0.86214;0;T;True;2
1621253269000;11545277;0.86207;0.86219;0.86213;1;T;True;2
1621253270000;11545278;0.86207;0.86219;0.86213;0;T;True;2
1621253271000;11545279;0.86207;0.86219;0.86213;0;T;True;2
1621253272000;11545280;0.86207;0.86219;0.86213;0;T;True;2
1621253273000;11545281;0.86207;0.86219;0.86213;0;T;True;2
1621253274000;11545282;0.86207;0.86219;0.86213;0;T;True;2
1621253275000;11545285;0.86207;0.86219;0.86213;2;T;True;2
1621253276000;11545286;0.86207;0.86219;0.86213;0;T;True;2
1621253277000;11545287;0.86207;0.86219;0.86213;0;T;True;2
1621253278000;11545288;0.86207;0.86219;0.86213;0;T;True;2
1621253279000;11545290;0.86206;0.86218;0.86212;1;T;True;2
1621253280000;11545292;0.86206;0.86218;0.86212;1;T;True;2
1621253281000;11545293;0.86206;0.86218;0.86212;0;T;True;2
1621253282000;11545296;0.86206;0.86218;0.86212;2;T;True;2
1621253283000;11545301;0.86202;0.86214;0.86208;4;T;True;2
1621253284000;11545303;0.86203;0.86215;0.86209;1;T;True;2
1621253285000;11545304;0.86203;0.86215;0.86209;0;T;True;2
1621253286000;11545305;0.86203;0.86215;0.86209;0;T;True;2
1621253287000;11545306;0.86203;0.86215;0.86209;0;T;True;2
1621253288000;11545307;0.86203;0.86215;0.86209;0;T;True;2
1621253289000;11545308;0.86203;0.86215;0.86209;0;T;True;2
1621253290000;11545309;0.86203;0.86215;0.86209;0;T;True;2
1621253291000;11545310;0.86203;0.86215;0.86209;0;T;True;2
1621253292000;11545311;0.86203;0.86215;0.86209;0;T;True;2
1621253293000;11545313;0.86202;0.86214;0.86208;1;T;True;2
1621253294000;11545316;0.86201;0.86213;0.86207;2;T;True;2
1621253295000;11545317;0.86201;0.86213;0.86207;0;T;True;2
1621253296000;11545318;0.86201;0.86213;0.86207;0;T;True;2
1621253297000;11545319;0.86201;0.86213;0.86207;0;T;True;2
1621253298000;11545322;0.86203;0.86215;0.86209;2;T;True;2
1621253299000;11545324;0.86202;0.86214;0.86208;1;T;True;2
1621253300000;11545325;0.86202;0.86214;0.86208;0;T;True;2
1621253301000;11545327;0.86203;0.86215;0.86209;1;T;True;2
1621253302000;11545328;0.86203;0.86215;0.86209;0;T;True;2
1621253303000;11545329;0.86203;0.86215;0.86209;0;T;True;2
1621253304000;11545330;0.86203;0.86215;0.86209;0;T;True;2
1621253305000;11545331;0.86203;0.86215;0.86209;0;T;True;2
1621253306000;11545335;0.86207;0.86219;0.86213;3;T;True;2
1621253307000;11545336;0.86207;0.86219;0.86213;0;T;True;2
1621253308000;11545338;0.86206;0.86218;0.86212;1;T;True;2
1621253309000;11545340;0.86205;0.86217;0.86211;1;T;True;2
1621253310000;11545342;0.86205;0.86217;0.86211;1;T;True;2
1621253311000;11545343;0.86205;0.86217;0.86211;0;T;True;2
1621253312000;11545346;0.86204;0.86216;0.8621;2;T;True;2
1621253313000;11545347;0.86204;0.86216;0.8621;0;T;True;2
1621253314000;11545349;0.86203;0.86215;0.86209;1;T;True;2
1621253315000;11545350;0.86203;0.86215;0.86209;0;T;True;2
1621253316000;11545351;0.86203;0.86215;0.86209;0;T;True;2
1621253317000;11545355;0.86203;0.86215;0.86209;3;T;True;2
1621253318000;11545358;0.86203;0.86215;0.86209;2;T;True;2
1621253319000;11545359;0.86203;0.86215;0.86209;0;T;True;2
1621253320000;11545361;0.86203;0.86215;0.86209;1;T;True;2
1621253321000;11545362;0.86203;0.86215;0.86209;0;T;True;2
1621253322000;11545363;0.86203;0.86215;0.86209;0;T;True;2
1621253323000;11545364;0.86203;0.86215;0.86209;0;T;True;2
1621253324000;11545369;0.86207;0.86219;0.86213;4;T;True;2
1621253325000;11545370;0.86207;0.86219;0.86213;0;T;True;2
1621253326000;11545372;0.86209;0.86221;0.86215;1;T;True;2
1621253327000;11545373;0.86209;0.86221;0.86215;0;T;True;2
1621253328000;11545374;0.86209;0.86221;0.86215;0;T;True;2
1621253329000;11545375;0.86209;0.86221;0.86215;0;T;True;2
1621253330000;11545377;0.86209;0.86221;0.86215;1;T;True;2
1621253331000;11545378;0.86209;0.86221;0.86215;0;T;True;2
1621253332000;11545379;0.86209;0.86221;0.86215;0;T;True;2
1621253333000;11545380;0.86209;0.86221;0.86215;0;T;True;2
1621253334000;11545381;0.86209;0.86221;0.86215;0;T;True;2
1621253335000;11545382;0.86209;0.86221;0.86215;0;T;True;2
1621253336000;11545383;0.86209;0.86221;0.86215;0;T;True;2
1621253337000;11545385;0.86209;0.86221;0.86215;1;T;True;2
1621253338000;11545388;0.86207;0.86219;0.86213;2;T;True;2
1621253339000;11545392;0.86204;0.86216;0.8621;3;T;True;2
1621253340000;11545393;0.86204;0.86216;0.8621;0;T;True;2
1621253341000;11545397;0.86203;0.86215;0.86209;3;T;True;2
1621253342000;11545404;0.86202;0.86214;0.86208;6;T;True;2
1621253343000;11545407;0.86201;0.86213;0.86207;2;T;True;2
1621253344000;11545410;0.86202;0.86214;0.86208;2;T;True;2
1621253345000;11545416;0.86207;0.86219;0.86213;5;T;True;2
1621253346000;11545418;0.86205;0.86217;0.86211;1;T;True;2
1621253347000;11545419;0.86205;0.86217;0.86211;0;T;True;2
1621253348000;11545421;0.86206;0.86218;0.86212;1;T;True;2
1621253349000;11545422;0.86206;0.86218;0.86212;0;T;True;2
1621253350000;11545423;0.86206;0.86218;0.86212;0;T;True;2
1621253351000;11545425;0.86207;0.86219;0.86213;1;T;True;2
1621253352000;11545426;0.86207;0.86219;0.86213;0;T;True;2
1621253353000;11545427;0.86207;0.86219;0.86213;0;T;True;2
1621253354000;11545428;0.86207;0.86219;0.86213;0;T;True;2
1621253355000;11545429;0.86207;0.86219;0.86213;0;T;True;2
1621253356000;11545430;0.86207;0.86219;0.86213;0;T;True;2
1621253357000;11545431;0.86207;0.86219;0.86213;0;T;True;2
1621253358000;11545432;0.86207;0.86219;0.86213;0;T;True;2
1621253359000;11545433;0.86207;0.86219;0.86213;0;T;True;2
1621253360000;11545434;0.86207;0.86219;0.86213;0;T;True;2
1621253361000;11545435;0.86207;0.86219;0.86213;0;T;True;2
1621253362000;11545436;0.86207;0.86219;0.86213;0;T;True;2
1621253363000;11545440;0.86207;0.86219;0.86213;3;T;True;2
1621253364000;11545442;0.86207;0.86219;0.86213;1;T;True;2
1621253365000;11545451;0.862;0.86212;0.86206;8;T;True;2
1621253366000;11545455;0.86199;0.86211;0.86205;3;T;True;2
1621253367000;11545457;0.86199;0.86211;0.86205;1;T;True;2
1621253368000;11545459;0.86198;0.8621;0.86204;1;T;True;2
1621253369000;11545461;0.86199;0.86211;0.86205;1;T;True;2
1621253370000;11545462;0.86199;0.86211;0.86205;0;T;True;2
1621253371000;11545463;0.86199;0.86211;0.86205;0;T;True;2
1621253372000;11545464;0.86199;0.86211;0.86205;0;T;True;2
1621253373000;11545467;0.86199;0.86211;0.86205;2;T;True;2
1621253374000;11545468;0.86199;0.86211;0.86205;0;T;True;2
1621253375000;11545469;0.86199;0.86211;0.86205;0;T;True;2
1621253376000;11545470;0.86199;0.86211;0.86205;0;T;True;2
1621253377000;11545471;0.86199;0.86211;0.86205;0;T;True;2
1621253378000;11545474;0.86201;0.86213;0.86207;2;T;True;2
1621253379000;11545475;0.86201;0.86213;0.86207;0;T;True;2
1621253380000;11545476;0.86201;0.86213;0.86207;0;T;True;2
1621253381000;11545478;0.86202;0.86214;0.86208;1;T;True;2
1621253382000;11545479;0.86202;0.86214;0.86208;0;T;True;2
1621253383000;11545480;0.86202;0.86214;0.86208;0;T;True;2
1621253384000;11545482;0.86201;0.86213;0.86207;1;T;True;2
1621253385000;11545483;0.86201;0.86213;0.86207;0;T;True;2
1621253386000;11545484;0.86201;0.86213;0.86207;0;T;True;2
1621253387000;11545489;0.86197;0.86209;0.86203;4;T;True;2
1621253388000;11545493;0.86197;0.86209;0.86203;3;T;True;2
1621253389000;11545496;0.86197;0.86209;0.86203;2;T;True;2
1621253390000;11545498;0.86197;0.86209;0.86203;1;T;True;2
1621253391000;11545501;0.86197;0.86209;0.86203;2;T;True;2
1621253392000;11545503;0.86198;0.8621;0.86204;1;T;True;2
1621253393000;11545504;0.86198;0.8621;0.86204;0;T;True;2
1621253394000;11545507;0.86198;0.8621;0.86204;2;T;True;2
1621253395000;11545508;0.86198;0.8621;0.86204;0;T;True;2
1621253396000;11545509;0.86198;0.8621;0.86204;0;T;True;2
1621253397000;11545510;0.86198;0.8621;0.86204;0;T;True;2
1621253398000;11545511;0.86198;0.8621;0.86204;0;T;True;2
1621253399000;11545512;0.86198;0.8621;0.86204;0;T;True;2
1621253400000;11545513;0.86198;0.8621;0.86204;0;T;True;2
1621253401000;11545514;0.86198;0.8621;0.86204;0;T;True;2
1621253402000;11545515;0.86198;0.8621;0.86204;0;T;True;2
1621253403000;11545516;0.86198;0.8621;0.86204;0;T;True;2
1621253404000;11545519;0.86198;0.8621;0.86204;2;T;True;2
1621253405000;11545521;0.86198;0.8621;0.86204;1;T;True;2
1621253406000;11545522;0.86198;0.8621;0.86204;0;T;True;2
1621253407000;11545523;0.86198;0.8621;0.86204;0;T;True;2
1621253408000;11545525;0.86198;0.8621;0.86204;1;T;True;2
1621253409000;11545526;0.86198;0.8621;0.86204;0;T;True;2
1621253410000;11545529;0.86198;0.8621;0.86204;2;T;True;2
1621253411000;11545530;0.86198;0.8621;0.86204;0;T;True;2
1621253412000;11545531;0.86198;0.8621;0.86204;0;T;True;2
1621253413000;11545533;0.86197;0.86209;0.86203;1;T;True;2
1621253414000;11545535;0.86197;0.86209;0.86203;1;T;True;2
1621253415000;11545536;0.86197;0.86209;0.86203;0;T;True;2
1621253416000;11545537;0.86197;0.86209;0.86203;0;T;True;2
1621253417000;11545540;0.86197;0.86209;0.86203;2;T;True;2
1621253418000;11545541;0.86197;0.86209;0.86203;0;T;True;2
1621253419000;11545542;0.86197;0.86209;0.86203;0;T;True;2
1621253420000;11545545;0.86197;0.86209;0.86203;2;T;True;2
1621253421000;11545548;0.86197;0.86209;0.86203;2;T;True;2
1621253422000;11545550;0.86196;0.86208;0.86202;1;T;True;2
1621253423000;11545552;0.86197;0.86209;0.86203;1;T;True;2
1621253424000;11545553;0.86197;0.86209;0.86203;0;T;True;2
1621253425000;11545554;0.86197;0.86209;0.86203;0;T;True;2
1621253426000;11545555;0.86197;0.86209;0.86203;0;T;True;2
1621253427000;11545556;0.86197;0.86209;0.86203;0;T;True;2
1621253428000;11545557;0.86197;0.86209;0.86203;0;T;True;2
1621253429000;11545558;0.86197;0.86209;0.86203;0;T;True;2
1621253430000;11545559;0.86197;0.86209;0.86203;0;T;True;2
1621253431000;11545560;0.86197;0.86209;0.86203;0;T;True;2
1621253432000;11545561;0.86197;0.86209;0.86203;0;T;True;2
1621253433000;11545562;0.86197;0.86209;0.86203;0;T;True;2
1621253434000;11545563;0.86197;0.86209;0.86203;0;T;True;2
1621253435000;11545568;0.86197;0.86209;0.86203;4;T;True;2
1621253436000;11545570;0.86197;0.86209;0.86203;1;T;True;2
1621253437000;11545571;0.86197;0.86209;0.86203;0;T;True;2
1621253438000;11545572;0.86197;0.86209;0.86203;0;T;True;2
1621253439000;11545573;0.86197;0.86209;0.86203;0;T;True;2
1621253440000;11545574;0.86197;0.86209;0.86203;0;T;True;2
1621253441000;11545582;0.862;0.86212;0.86206;7;T;True;2
1621253442000;11545583;0.862;0.86212;0.86206;0;T;True;2
1621253443000;11545584;0.862;0.86212;0.86206;0;T;True;2
1621253444000;11545585;0.862;0.86212;0.86206;0;T;True;2
1621253445000;11545586;0.862;0.86212;0.86206;0;T;True;2
1621253446000;11545587;0.862;0.86212;0.86206;0;T;True;2
1621253447000;11545588;0.862;0.86212;0.86206;0;T;True;2
1621253448000;11545589;0.862;0.86212;0.86206;0;T;True;2
1621253449000;11545590;0.862;0.86212;0.86206;0;T;True;2
1621253450000;11545591;0.862;0.86212;0.86206;0;T;True;2
1621253451000;11545592;0.862;0.86212;0.86206;0;T;True;2
1621253452000;11545593;0.862;0.86212;0.86206;0;T;True;2
1621253453000;11545594;0.862;0.86212;0.86206;0;T;True;2
1621253454000;11545595;0.862;0.86212;0.86206;0;T;True;2
1621253455000;11545596;0.862;0.86212;0.86206;0;T;True;2
1621253456000;11545598;0.862;0.86212;0.86206;1;T;True;2
1621253457000;11545599;0.862;0.86212;0.86206;0;T;True;2
1621253458000;11545600;0.862;0.86212;0.86206;0;T;True;2
1621253459000;11545601;0.862;0.86212;0.86206;0;T;True;2
1621253460000;11545603;0.862;0.86212;0.86206;1;T;True;2
1621253461000;11545604;0.862;0.86212;0.86206;0;T;True;2
1621253462000;11545606;0.862;0.86212;0.86206;1;T;True;2
1621253463000;11545607;0.862;0.86212;0.86206;0;T;True;2
1621253464000;11545609;0.86199;0.86211;0.86205;1;T;True;2
1621253465000;11545613;0.86197;0.86209;0.86203;3;T;True;2
1621253466000;11545614;0.86197;0.86209;0.86203;0;T;True;2
1621253467000;11545615;0.86197;0.86209;0.86203;0;T;True;2
1621253468000;11545617;0.86197;0.86209;0.86203;1;T;True;2
1621253469000;11545618;0.86197;0.86209;0.86203;0;T;True;2
1621253470000;11545619;0.86197;0.86209;0.86203;0;T;True;2
1621253471000;11545621;0.86197;0.86209;0.86203;1;T;True;2
1621253472000;11545623;0.86197;0.86209;0.86203;1;T;True;2
1621253473000;11545624;0.86197;0.86209;0.86203;0;T;True;2
1621253474000;11545625;0.86197;0.86209;0.86203;0;T;True;2
1621253475000;11545626;0.86197;0.86209;0.86203;0;T;True;2
1621253476000;11545628;0.86197;0.86209;0.86203;1;T;True;2
1621253477000;11545629;0.86197;0.86209;0.86203;0;T;True;2
1621253478000;11545630;0.86197;0.86209;0.86203;0;T;True;2
1621253479000;11545633;0.86199;0.86211;0.86205;2;T;True;2
1621253480000;11545634;0.86199;0.86211;0.86205;0;T;True;2
1621253481000;11545635;0.86199;0.86211;0.86205;0;T;True;2
1621253482000;11545636;0.86199;0.86211;0.86205;0;T;True;2
1621253483000;11545637;0.86199;0.86211;0.86205;0;T;True;2
1621253484000;11545640;0.862;0.86212;0.86206;2;T;True;2
1621253485000;11545641;0.862;0.86212;0.86206;0;T;True;2
1621253486000;11545646;0.86199;0.86211;0.86205;4;T;True;2
1621253487000;11545649;0.862;0.86212;0.86206;2;T;True;2
1621253488000;11545650;0.862;0.86212;0.86206;0;T;True;2
1621253489000;11545651;0.862;0.86212;0.86206;0;T;True;2
1621253490000;11545652;0.862;0.86212;0.86206;0;T;True;2
1621253491000;11545653;0.862;0.86212;0.86206;0;T;True;2
1621253492000;11545654;0.862;0.86212;0.86206;0;T;True;2
1621253493000;11545655;0.862;0.86212;0.86206;0;T;True;2
1621253494000;11545656;0.862;0.86212;0.86206;0;T;True;2
1621253495000;11545657;0.862;0.86212;0.86206;0;T;True;2
1621253496000;11545658;0.862;0.86212;0.86206;0;T;True;2
1621253497000;11545659;0.862;0.86212;0.86206;0;T;True;2
1621253498000;11545660;0.862;0.86212;0.86206;0;T;True;2
1621253499000;11545662;0.86199;0.86211;0.86205;1;T;True;2
1621253500000;11545663;0.86199;0.86211;0.86205;0;T;True;2
1621253501000;11545664;0.86199;0.86211;0.86205;0;T;True;2
1621253502000;11545665;0.86199;0.86211;0.86205;0;T;True;2
1621253503000;11545666;0.86199;0.86211;0.86205;0;T;True;2
1621253504000;11545667;0.86199;0.86211;0.86205;0;T;True;2
1621253505000;11545668;0.86199;0.86211;0.86205;0;T;True;2
1621253506000;11545669;0.86199;0.86211;0.86205;0;T;True;2
1621253507000;11545671;0.862;0.86212;0.86206;1;T;True;2
1621253508000;11545677;0.86199;0.86211;0.86205;5;T;True;2
1621253509000;11545678;0.86199;0.86211;0.86205;0;T;True;2
1621253510000;11545681;0.862;0.86212;0.86206;2;T;True;2
1621253511000;11545683;0.862;0.86212;0.86206;1;T;True;2
1621253512000;11545684;0.862;0.86212;0.86206;0;T;True;2
1621253513000;11545685;0.862;0.86212;0.86206;0;T;True;2
1621253514000;11545686;0.862;0.86212;0.86206;0;T;True;2
1621253515000;11545687;0.862;0.86212;0.86206;0;T;True;2
1621253516000;11545691;0.86199;0.86211;0.86205;3;T;True;2
1621253517000;11545692;0.86199;0.86211;0.86205;0;T;True;2
1621253518000;11545693;0.86199;0.86211;0.86205;0;T;True;2
1621253519000;11545694;0.86199;0.86211;0.86205;0;T;True;2
1621253520000;11545695;0.86199;0.86211;0.86205;0;T;True;2
1621253521000;11545696;0.86199;0.86211;0.86205;0;T;True;2
1621253522000;11545697;0.86199;0.86211;0.86205;0;T;True;2
1621253523000;11545700;0.86198;0.8621;0.86204;2;T;True;2
1621253524000;11545701;0.86198;0.8621;0.86204;0;T;True;2
1621253525000;11545702;0.86198;0.8621;0.86204;0;T;True;2
1621253526000;11545703;0.86198;0.8621;0.86204;0;T;True;2
1621253527000;11545704;0.86198;0.8621;0.86204;0;T;True;2
1621253528000;11545705;0.86198;0.8621;0.86204;0;T;True;2
1621253529000;11545706;0.86198;0.8621;0.86204;0;T;True;2
1621253530000;11545707;0.86198;0.8621;0.86204;0;T;True;2
1621253531000;11545714;0.86197;0.86209;0.86203;6;T;True;2
1621253532000;11545715;0.86197;0.86209;0.86203;0;T;True;2
1621253533000;11545716;0.86197;0.86209;0.86203;0;T;True;2
1621253534000;11545717;0.86197;0.86209;0.86203;0;T;True;2
1621253535000;11545718;0.86197;0.86209;0.86203;0;T;True;2
1621253536000;11545719;0.86197;0.86209;0.86203;0;T;True;2
1621253537000;11545720;0.86197;0.86209;0.86203;0;T;True;2
1621253538000;11545721;0.86197;0.86209;0.86203;0;T;True;2
1621253539000;11545722;0.86197;0.86209;0.86203;0;T;True;2
1621253540000;11545723;0.86197;0.86209;0.86203;0;T;True;2
1621253541000;11545725;0.86198;0.8621;0.86204;1;T;True;2
1621253542000;11545726;0.86198;0.8621;0.86204;0;T;True;2
1621253543000;11545730;0.86199;0.86211;0.86205;3;T;True;2
1621253544000;11545732;0.86199;0.86211;0.86205;1;T;True;2
1621253545000;11545736;0.86198;0.8621;0.86204;3;T;True;2
1621253546000;11545740;0.86197;0.86209;0.86203;3;T;True;2
1621253547000;11545746;0.86197;0.86209;0.86203;5;T;True;2
1621253548000;11545748;0.86195;0.86207;0.86201;1;T;True;2
1621253549000;11545749;0.86195;0.86207;0.86201;0;T;True;2
1621253550000;11545753;0.86197;0.86209;0.86203;3;T;True;2
1621253551000;11545755;0.86197;0.86209;0.86203;1;T;True;2
1621253552000;11545758;0.86197;0.86209;0.86203;2;T;True;2
1621253553000;11545760;0.86197;0.86209;0.86203;1;T;True;2
1621253554000;11545764;0.86197;0.86209;0.86203;3;T;True;2
1621253555000;11545765;0.86197;0.86209;0.86203;0;T;True;2
1621253556000;11545767;0.86196;0.86208;0.86202;1;T;True;2
1621253557000;11545769;0.86196;0.86208;0.86202;1;T;True;2
1621253558000;11545773;0.86197;0.86209;0.86203;3;T;True;2
1621253559000;11545774;0.86197;0.86209;0.86203;0;T;True;2
1621253560000;11545775;0.86197;0.86209;0.86203;0;T;True;2
1621253561000;11545778;0.86197;0.86209;0.86203;2;T;True;2
1621253562000;11545782;0.86197;0.86209;0.86203;3;T;True;2
1621253563000;11545783;0.86197;0.86209;0.86203;0;T;True;2
1621253564000;11545784;0.86197;0.86209;0.86203;0;T;True;2
1621253565000;11545790;0.86197;0.86209;0.86203;5;T;True;2
1621253566000;11545793;0.86195;0.86207;0.86201;2;T;True;2
1621253567000;11545794;0.86195;0.86207;0.86201;0;T;True;2
1621253568000;11545795;0.86195;0.86207;0.86201;0;T;True;2
1621253569000;11545798;0.86195;0.86207;0.86201;2;T;True;2
1621253570000;11545799;0.86195;0.86207;0.86201;0;T;True;2
1621253571000;11545800;0.86195;0.86207;0.86201;0;T;True;2
1621253572000;11545806;0.86195;0.86207;0.86201;5;T;True;2
1621253573000;11545807;0.86195;0.86207;0.86201;0;T;True;2
1621253574000;11545808;0.86195;0.86207;0.86201;0;T;True;2
1621253575000;11545810;0.86195;0.86207;0.86201;1;T;True;2
1621253576000;11545812;0.86195;0.86207;0.86201;1;T;True;2
1621253577000;11545813;0.86195;0.86207;0.86201;0;T;True;2
1621253578000;11545814;0.86195;0.86207;0.86201;0;T;True;2
1621253579000;11545816;0.86195;0.86207;0.86201;1;T;True;2
1621253580000;11545819;0.86195;0.86207;0.86201;2;T;True;2
1621253581000;11545821;0.86195;0.86207;0.86201;1;T;True;2
1621253582000;11545824;0.86195;0.86207;0.86201;2;T;True;2
1621253583000;11545825;0.86195;0.86207;0.86201;0;T;True;2
1621253584000;11545829;0.86193;0.86205;0.86199;3;T;True;2
1621253585000;11545832;0.86193;0.86205;0.86199;2;T;True;2
1621253586000;11545834;0.86194;0.86206;0.862;1;T;True;2
1621253587000;11545836;0.86193;0.86205;0.86199;1;T;True;2
1621253588000;11545837;0.86193;0.86205;0.86199;0;T;True;2
1621253589000;11545849;0.86193;0.86205;0.86199;11;T;True;2
1621253590000;11545850;0.86193;0.86205;0.86199;0;T;True;2
1621253591000;11545857;0.86194;0.86206;0.862;6;T;True;2
1621253592000;11545860;0.86194;0.86206;0.862;2;T;True;2
1621253593000;11545861;0.86194;0.86206;0.862;0;T;True;2
1621253594000;11545862;0.86194;0.86206;0.862;0;T;True;2
1621253595000;11545864;0.86193;0.86205;0.86199;1;T;True;2
1621253596000;11545868;0.86193;0.86205;0.86199;3;T;True;2
1621253597000;11545873;0.86193;0.86205;0.86199;4;T;True;2
1621253598000;11545879;0.86191;0.86203;0.86197;5;T;True;2
1621253599000;11545881;0.86189;0.86201;0.86195;1;T;True;2
1621253600000;11545888;0.86185;0.86197;0.86191;6;T;True;2
1621253601000;11545889;0.86185;0.86197;0.86191;0;T;True;2
1621253602000;11545894;0.86183;0.86195;0.86189;4;T;True;2
1621253603000;11545895;0.86183;0.86195;0.86189;0;T;True;2
1621253604000;11545903;0.86182;0.86194;0.86188;7;T;True;2
1621253605000;11545910;0.8618;0.86192;0.86186;6;T;True;2
1621253606000;11545928;0.86185;0.86197;0.86191;17;T;True;2
1621253607000;11545937;0.86188;0.862;0.86194;8;T;True;2
1621253608000;11545939;0.8619;0.86202;0.86196;1;T;True;2
1621253609000;11545940;0.8619;0.86202;0.86196;0;T;True;2
1621253610000;11545941;0.8619;0.86202;0.86196;0;T;True;2
1621253611000;11545944;0.8619;0.86202;0.86196;2;T;True;2
1621253612000;11545946;0.86191;0.86203;0.86197;1;T;True;2
1621253613000;11545948;0.8619;0.86202;0.86196;1;T;True;2
1621253614000;11545951;0.8619;0.86202;0.86196;2;T;True;2
1621253615000;11545956;0.86187;0.86199;0.86193;4;T;True;2
1621253616000;11545959;0.86189;0.86201;0.86195;2;T;True;2
1621253617000;11545968;0.8619;0.86202;0.86196;8;T;True;2
1621253618000;11545975;0.86191;0.86203;0.86197;6;T;True;2
1621253619000;11545979;0.86191;0.86203;0.86197;3;T;True;2
1621253620000;11545984;0.86193;0.86205;0.86199;4;T;True;2
1621253621000;11545986;0.86193;0.86205;0.86199;1;T;True;2
1621253622000;11545989;0.86193;0.86205;0.86199;2;T;True;2
1621253623000;11545991;0.86193;0.86205;0.86199;1;T;True;2
1621253624000;11545994;0.86194;0.86206;0.862;2;T;True;2
1621253625000;11545996;0.86195;0.86207;0.86201;1;T;True;2
1621253626000;11545997;0.86195;0.86207;0.86201;0;T;True;2
1621253627000;11545999;0.86194;0.86206;0.862;1;T;True;2
1621253628000;11546007;0.86195;0.86207;0.86201;7;T;True;2
1621253629000;11546010;0.86195;0.86207;0.86201;2;T;True;2
1621253630000;11546012;0.86197;0.86209;0.86203;1;T;True;2
1621253631000;11546013;0.86197;0.86209;0.86203;0;T;True;2
1621253632000;11546016;0.86195;0.86207;0.86201;2;T;True;2
1621253633000;11546019;0.86195;0.86207;0.86201;2;T;True;2
1621253634000;11546022;0.86195;0.86207;0.86201;2;T;True;2
1621253635000;11546023;0.86195;0.86207;0.86201;0;T;True;2
1621253636000;11546025;0.86195;0.86207;0.86201;1;T;True;2
1621253637000;11546026;0.86195;0.86207;0.86201;0;T;True;2
1621253638000;11546030;0.86197;0.86209;0.86203;3;T;True;2
1621253639000;11546035;0.86197;0.86209;0.86203;4;T;True;2
1621253640000;11546039;0.86198;0.8621;0.86204;3;T;True;2
1621253641000;11546043;0.86199;0.86211;0.86205;3;T;True;2
1621253642000;11546045;0.86198;0.8621;0.86204;1;T;True;2
1621253643000;11546049;0.86197;0.86209;0.86203;3;T;True;2
1621253644000;11546050;0.86197;0.86209;0.86203;0;T;True;2
1621253645000;11546051;0.86197;0.86209;0.86203;0;T;True;2
1621253646000;11546052;0.86197;0.86209;0.86203;0;T;True;2
1621253647000;11546053;0.86197;0.86209;0.86203;0;T;True;2
1621253648000;11546055;0.86197;0.86209;0.86203;1;T;True;2
1621253649000;11546057;0.86198;0.8621;0.86204;1;T;True;2
1621253650000;11546058;0.86198;0.8621;0.86204;0;T;True;2
1621253651000;11546059;0.86198;0.8621;0.86204;0;T;True;2
1621253652000;11546062;0.86199;0.86211;0.86205;2;T;True;2
1621253653000;11546066;0.86197;0.86209;0.86203;3;T;True;2
1621253654000;11546067;0.86197;0.86209;0.86203;0;T;True;2
1621253655000;11546070;0.86197;0.86209;0.86203;2;T;True;2
1621253656000;11546071;0.86197;0.86209;0.86203;0;T;True;2
1621253657000;11546072;0.86197;0.86209;0.86203;0;T;True;2
1621253658000;11546073;0.86197;0.86209;0.86203;0;T;True;2
1621253659000;11546075;0.86196;0.86208;0.86202;1;T;True;2
1621253660000;11546076;0.86196;0.86208;0.86202;0;T;True;2
1621253661000;11546083;0.86192;0.86204;0.86198;6;T;True;2
1621253662000;11546084;0.86192;0.86204;0.86198;0;T;True;2
1621253663000;11546085;0.86192;0.86204;0.86198;0;T;True;2
1621253664000;11546086;0.86192;0.86204;0.86198;0;T;True;2
1621253665000;11546089;0.86192;0.86204;0.86198;2;T;True;2
1621253666000;11546094;0.86194;0.86206;0.862;4;T;True;2
1621253667000;11546096;0.86194;0.86206;0.862;1;T;True;2
1621253668000;11546098;0.86195;0.86207;0.86201;1;T;True;2
1621253669000;11546101;0.86195;0.86207;0.86201;2;T;True;2
1621253670000;11546103;0.86195;0.86207;0.86201;1;T;True;2
1621253671000;11546104;0.86195;0.86207;0.86201;0;T;True;2
1621253672000;11546107;0.86195;0.86207;0.86201;2;T;True;2
1621253673000;11546111;0.86197;0.86209;0.86203;3;T;True;2
1621253674000;11546112;0.86197;0.86209;0.86203;0;T;True;2
1621253675000;11546113;0.86197;0.86209;0.86203;0;T;True;2
1621253676000;11546114;0.86197;0.86209;0.86203;0;T;True;2
1621253677000;11546115;0.86197;0.86209;0.86203;0;T;True;2
1621253678000;11546116;0.86197;0.86209;0.86203;0;T;True;2
1621253679000;11546121;0.86197;0.86209;0.86203;4;T;True;2
1621253680000;11546122;0.86197;0.86209;0.86203;0;T;True;2
1621253681000;11546127;0.86196;0.86208;0.86202;4;T;True;2
1621253682000;11546129;0.86195;0.86207;0.86201;1;T;True;2
1621253683000;11546133;0.86194;0.86206;0.862;3;T;True;2
1621253684000;11546137;0.86195;0.86207;0.86201;3;T;True;2
1621253685000;11546138;0.86195;0.86207;0.86201;0;T;True;2
1621253686000;11546142;0.86195;0.86207;0.86201;3;T;True;2
1621253687000;11546143;0.86195;0.86207;0.86201;0;T;True;2
1621253688000;11546151;0.86197;0.86209;0.86203;7;T;True;2
1621253689000;11546154;0.86198;0.8621;0.86204;2;T;True;2
1621253690000;11546157;0.86199;0.86211;0.86205;2;T;True;2
1621253691000;11546162;0.86201;0.86213;0.86207;4;T;True;2
1621253692000;11546163;0.86201;0.86213;0.86207;0;T;True;2
1621253693000;11546167;0.86205;0.86217;0.86211;3;T;True;2
1621253694000;11546168;0.86205;0.86217;0.86211;0;T;True;2
1621253695000;11546169;0.86205;0.86217;0.86211;0;T;True;2
1621253696000;11546170;0.86205;0.86217;0.86211;0;T;True;2
1621253697000;11546171;0.86205;0.86217;0.86211;0;T;True;2
1621253698000;11546174;0.86205;0.86217;0.86211;2;T;True;2
1621253699000;11546177;0.86205;0.86217;0.86211;2;T;True;2
1621253700000;11546181;0.86206;0.86218;0.86212;3;T;True;2
1621253701000;11546187;0.86206;0.86218;0.86212;5;T;True;2
1621253702000;11546188;0.86206;0.86218;0.86212;0;T;True;2
1621253703000;11546191;0.86207;0.86219;0.86213;2;T;True;2
1621253704000;11546194;0.86205;0.86217;0.86211;2;T;True;2
1621253705000;11546195;0.86205;0.86217;0.86211;0;T;True;2
1621253706000;11546196;0.86205;0.86217;0.86211;0;T;True;2
1621253707000;11546199;0.86206;0.86218;0.86212;2;T;True;2
1621253708000;11546203;0.86205;0.86217;0.86211;3;T;True;2
1621253709000;11546204;0.86205;0.86217;0.86211;0;T;True;2
1621253710000;11546205;0.86205;0.86217;0.86211;0;T;True;2
1621253711000;11546208;0.86205;0.86217;0.86211;2;T;True;2
1621253712000;11546210;0.86205;0.86217;0.86211;1;T;True;2
1621253713000;11546214;0.86205;0.86217;0.86211;3;T;True;2
1621253714000;11546215;0.86205;0.86217;0.86211;0;T;True;2
1621253715000;11546216;0.86205;0.86217;0.86211;0;T;True;2
1621253716000;11546219;0.86204;0.86216;0.8621;2;T;True;2
1621253717000;11546220;0.86204;0.86216;0.8621;0;T;True;2
1621253718000;11546221;0.86204;0.86216;0.8621;0;T;True;2
1621253719000;11546226;0.86203;0.86215;0.86209;4;T;True;2
1621253720000;11546228;0.86203;0.86215;0.86209;1;T;True;2
1621253721000;11546238;0.86203;0.86215;0.86209;9;T;True;2
1621253722000;11546241;0.86204;0.86216;0.8621;2;T;True;2
1621253723000;11546243;0.86205;0.86217;0.86211;1;T;True;2
1621253724000;11546244;0.86205;0.86217;0.86211;0;T;True;2
1621253725000;11546248;0.86203;0.86215;0.86209;3;T;True;2
1621253726000;11546252;0.86201;0.86213;0.86207;3;T;True;2
1621253727000;11546255;0.86201;0.86213;0.86207;2;T;True;2
1621253728000;11546257;0.86201;0.86213;0.86207;1;T;True;2
1621253729000;11546259;0.86202;0.86214;0.86208;1;T;True;2
1621253730000;11546264;0.86203;0.86215;0.86209;4;T;True;2
1621253731000;11546265;0.86203;0.86215;0.86209;0;T;True;2
1621253732000;11546266;0.86203;0.86215;0.86209;0;T;True;2
1621253733000;11546273;0.86204;0.86216;0.8621;6;T;True;2
1621253734000;11546275;0.86204;0.86216;0.8621;1;T;True;2
1621253735000;11546282;0.86208;0.8622;0.86214;6;T;True;2
1621253736000;11546285;0.86207;0.86219;0.86213;2;T;True;2
1621253737000;11546286;0.86207;0.86219;0.86213;0;T;True;2
1621253738000;11546288;0.86207;0.86219;0.86213;1;T;True;2
1621253739000;11546294;0.86211;0.86223;0.86217;5;T;True;2
1621253740000;11546296;0.86211;0.86223;0.86217;1;T;True;2
1621253741000;11546299;0.86213;0.86225;0.86219;2;T;True;2
1621253742000;11546302;0.86213;0.86225;0.86219;2;T;True;2
1621253743000;11546309;0.86219;0.86231;0.86225;6;T;True;2
1621253744000;11546310;0.86219;0.86231;0.86225;0;T;True;2
1621253745000;11546312;0.86218;0.8623;0.86224;1;T;True;2
1621253746000;11546314;0.86217;0.86229;0.86223;1;T;True;2
1621253747000;11546321;0.86223;0.86235;0.86229;6;T;True;2
1621253748000;11546322;0.86223;0.86235;0.86229;0;T;True;2
1621253749000;11546325;0.86223;0.86235;0.86229;2;T;True;2
1621253750000;11546326;0.86223;0.86235;0.86229;0;T;True;2
1621253751000;11546327;0.86223;0.86235;0.86229;0;T;True;2
1621253752000;11546328;0.86223;0.86235;0.86229;0;T;True;2
1621253753000;11546329;0.86223;0.86235;0.86229;0;T;True;2
1621253754000;11546330;0.86223;0.86235;0.86229;0;T;True;2
1621253755000;11546331;0.86223;0.86235;0.86229;0;T;True;2
1621253756000;11546335;0.86223;0.86235;0.86229;3;T;True;2
1621253757000;11546337;0.86221;0.86233;0.86227;1;T;True;2
1621253758000;11546339;0.86221;0.86233;0.86227;1;T;True;2
1621253759000;11546340;0.86221;0.86233;0.86227;0;T;True;2
1621253760000;11546341;0.86221;0.86233;0.86227;0;T;True;2
1621253761000;11546345;0.86222;0.86234;0.86228;3;T;True;2
1621253762000;11546348;0.86222;0.86234;0.86228;2;T;True;2
1621253763000;11546350;0.86222;0.86234;0.86228;1;T;True;2
1621253764000;11546351;0.86222;0.86234;0.86228;0;T;True;2
1621253765000;11546353;0.86222;0.86234;0.86228;1;T;True;2
1621253766000;11546354;0.86222;0.86234;0.86228;0;T;True;2
1621253767000;11546356;0.86223;0.86235;0.86229;1;T;True;2
1621253768000;11546357;0.86223;0.86235;0.86229;0;T;True;2
1621253769000;11546358;0.86223;0.86235;0.86229;0;T;True;2
1621253770000;11546360;0.86222;0.86234;0.86228;1;T;True;2
1621253771000;11546362;0.86222;0.86234;0.86228;1;T;True;2
1621253772000;11546363;0.86222;0.86234;0.86228;0;T;True;2
1621253773000;11546366;0.86222;0.86234;0.86228;2;T;True;2
1621253774000;11546368;0.86222;0.86234;0.86228;1;T;True;2
1621253775000;11546371;0.86223;0.86235;0.86229;2;T;True;2
1621253776000;11546372;0.86223;0.86235;0.86229;0;T;True;2
1621253777000;11546373;0.86223;0.86235;0.86229;0;T;True;2
1621253778000;11546374;0.86223;0.86235;0.86229;0;T;True;2
1621253779000;11546376;0.86223;0.86235;0.86229;1;T;True;2
1621253780000;11546377;0.86223;0.86235;0.86229;0;T;True;2
1621253781000;11546378;0.86223;0.86235;0.86229;0;T;True;2
1621253782000;11546379;0.86223;0.86235;0.86229;0;T;True;2
1621253783000;11546380;0.86223;0.86235;0.86229;0;T;True;2
1621253784000;11546381;0.86223;0.86235;0.86229;0;T;True;2
1621253785000;11546382;0.86223;0.86235;0.86229;0;T;True;2
1621253786000;11546383;0.86223;0.86235;0.86229;0;T;True;2
1621253787000;11546387;0.86225;0.86237;0.86231;3;T;True;2
1621253788000;11546394;0.86223;0.86235;0.86229;6;T;True;2
1621253789000;11546395;0.86223;0.86235;0.86229;0;T;True;2
1621253790000;11546399;0.86221;0.86233;0.86227;3;T;True;2
1621253791000;11546407;0.86223;0.86235;0.86229;7;T;True;2
1621253792000;11546409;0.86223;0.86235;0.86229;1;T;True;2
1621253793000;11546410;0.86223;0.86235;0.86229;0;T;True;2
1621253794000;11546414;0.86225;0.86237;0.86231;3;T;True;2
1621253795000;11546417;0.86225;0.86237;0.86231;2;T;True;2
1621253796000;11546418;0.86225;0.86237;0.86231;0;T;True;2
1621253797000;11546420;0.86225;0.86237;0.86231;1;T;True;2
1621253798000;11546421;0.86225;0.86237;0.86231;0;T;True;2
1621253799000;11546422;0.86225;0.86237;0.86231;0;T;True;2
1621253800000;11546428;0.86231;0.86243;0.86237;5;T;True;2
1621253801000;11546437;0.86227;0.86239;0.86233;8;T;True;2
1621253802000;11546440;0.86225;0.86237;0.86231;2;T;True;2
1621253803000;11546441;0.86225;0.86237;0.86231;0;T;True;2
1621253804000;11546442;0.86225;0.86237;0.86231;0;T;True;2
1621253805000;11546443;0.86225;0.86237;0.86231;0;T;True;2
1621253806000;11546449;0.86224;0.86236;0.8623;5;T;True;2
1621253807000;11546452;0.86224;0.86236;0.8623;2;T;True;2
1621253808000;11546453;0.86224;0.86236;0.8623;0;T;True;2
1621253809000;11546455;0.86224;0.86236;0.8623;1;T;True;2
1621253810000;11546459;0.86224;0.86236;0.8623;3;T;True;2
1621253811000;11546464;0.86226;0.86238;0.86232;4;T;True;2
1621253812000;11546465;0.86226;0.86238;0.86232;0;T;True;2
1621253813000;11546466;0.86226;0.86238;0.86232;0;T;True;2
1621253814000;11546467;0.86226;0.86238;0.86232;0;T;True;2
1621253815000;11546468;0.86226;0.86238;0.86232;0;T;True;2
1621253816000;11546469;0.86226;0.86238;0.86232;0;T;True;2
1621253817000;11546471;0.86225;0.86237;0.86231;1;T;True;2
1621253818000;11546474;0.86226;0.86238;0.86232;2;T;True;2
1621253819000;11546475;0.86226;0.86238;0.86232;0;T;True;2
1621253820000;11546477;0.86226;0.86238;0.86232;1;T;True;2
1621253821000;11546481;0.86225;0.86237;0.86231;3;T;True;2
1621253822000;11546483;0.86227;0.86239;0.86233;1;T;True;2
1621253823000;11546484;0.86227;0.86239;0.86233;0;T;True;2
1621253824000;11546485;0.86227;0.86239;0.86233;0;T;True;2
1621253825000;11546486;0.86227;0.86239;0.86233;0;T;True;2
1621253826000;11546487;0.86227;0.86239;0.86233;0;T;True;2
1621253827000;11546488;0.86227;0.86239;0.86233;0;T;True;2
1621253828000;11546491;0.86227;0.86239;0.86233;2;T;True;2
1621253829000;11546494;0.86225;0.86237;0.86231;2;T;True;2
1621253830000;11546495;0.86225;0.86237;0.86231;0;T;True;2
1621253831000;11546499;0.86227;0.86239;0.86233;3;T;True;2
1621253832000;11546501;0.86228;0.8624;0.86234;1;T;True;2
1621253833000;11546505;0.86227;0.86239;0.86233;3;T;True;2
1621253834000;11546507;0.86228;0.8624;0.86234;1;T;True;2
1621253835000;11546508;0.86228;0.8624;0.86234;0;T;True;2
1621253836000;11546511;0.86229;0.86241;0.86235;2;T;True;2
1621253837000;11546512;0.86229;0.86241;0.86235;0;T;True;2
1621253838000;11546513;0.86229;0.86241;0.86235;0;T;True;2
1621253839000;11546514;0.86229;0.86241;0.86235;0;T;True;2
1621253840000;11546515;0.86229;0.86241;0.86235;0;T;True;2
1621253841000;11546516;0.86229;0.86241;0.86235;0;T;True;2
1621253842000;11546517;0.86229;0.86241;0.86235;0;T;True;2
1621253843000;11546518;0.86229;0.86241;0.86235;0;T;True;2
1621253844000;11546519;0.86229;0.86241;0.86235;0;T;True;2
1621253845000;11546520;0.86229;0.86241;0.86235;0;T;True;2
1621253846000;11546522;0.86229;0.86241;0.86235;1;T;True;2
1621253847000;11546524;0.86229;0.86241;0.86235;1;T;True;2
1621253848000;11546528;0.86226;0.86238;0.86232;3;T;True;2
1621253849000;11546530;0.86227;0.86239;0.86233;1;T;True;2
1621253850000;11546531;0.86227;0.86239;0.86233;0;T;True;2
1621253851000;11546534;0.86229;0.86241;0.86235;2;T;True;2
1621253852000;11546535;0.86229;0.86241;0.86235;0;T;True;2
1621253853000;11546536;0.86229;0.86241;0.86235;0;T;True;2
1621253854000;11546537;0.86229;0.86241;0.86235;0;T;True;2
1621253855000;11546538;0.86229;0.86241;0.86235;0;T;True;2
1621253856000;11546540;0.86228;0.8624;0.86234;1;T;True;2
1621253857000;11546542;0.86229;0.86241;0.86235;1;T;True;2
1621253858000;11546543;0.86229;0.86241;0.86235;0;T;True;2
1621253859000;11546544;0.86229;0.86241;0.86235;0;T;True;2
1621253860000;11546545;0.86229;0.86241;0.86235;0;T;True;2
1621253861000;11546546;0.86229;0.86241;0.86235;0;T;True;2
1621253862000;11546548;0.86231;0.86243;0.86237;1;T;True;2
1621253863000;11546549;0.86231;0.86243;0.86237;0;T;True;2
1621253864000;11546551;0.86231;0.86243;0.86237;1;T;True;2
1621253865000;11546553;0.86231;0.86243;0.86237;1;T;True;2
1621253866000;11546554;0.86231;0.86243;0.86237;0;T;True;2
1621253867000;11546556;0.86231;0.86243;0.86237;1;T;True;2
1621253868000;11546557;0.86231;0.86243;0.86237;0;T;True;2
1621253869000;11546558;0.86231;0.86243;0.86237;0;T;True;2
1621253870000;11546559;0.86231;0.86243;0.86237;0;T;True;2
1621253871000;11546565;0.8623;0.86242;0.86236;5;T;True;2
1621253872000;11546566;0.8623;0.86242;0.86236;0;T;True;2
1621253873000;11546567;0.8623;0.86242;0.86236;0;T;True;2
1621253874000;11546568;0.8623;0.86242;0.86236;0;T;True;2
1621253875000;11546569;0.8623;0.86242;0.86236;0;T;True;2
1621253876000;11546570;0.8623;0.86242;0.86236;0;T;True;2
1621253877000;11546571;0.8623;0.86242;0.86236;0;T;True;2
1621253878000;11546573;0.86229;0.86241;0.86235;1;T;True;2
1621253879000;11546575;0.86227;0.86239;0.86233;1;T;True;2
1621253880000;11546576;0.86227;0.86239;0.86233;0;T;True;2
1621253881000;11546577;0.86227;0.86239;0.86233;0;T;True;2
1621253882000;11546580;0.86227;0.86239;0.86233;2;T;True;2
1621253883000;11546581;0.86227;0.86239;0.86233;0;T;True;2
1621253884000;11546582;0.86227;0.86239;0.86233;0;T;True;2
1621253885000;11546583;0.86227;0.86239;0.86233;0;T;True;2
1621253886000;11546588;0.86225;0.86237;0.86231;4;T;True;2
1621253887000;11546590;0.86226;0.86238;0.86232;1;T;True;2
1621253888000;11546591;0.86226;0.86238;0.86232;0;T;True;2
1621253889000;11546592;0.86226;0.86238;0.86232;0;T;True;2
1621253890000;11546593;0.86226;0.86238;0.86232;0;T;True;2
1621253891000;11546594;0.86226;0.86238;0.86232;0;T;True;2
1621253892000;11546595;0.86226;0.86238;0.86232;0;T;True;2
1621253893000;11546596;0.86226;0.86238;0.86232;0;T;True;2
1621253894000;11546597;0.86226;0.86238;0.86232;0;T;True;2
1621253895000;11546598;0.86226;0.86238;0.86232;0;T;True;2
1621253896000;11546600;0.86226;0.86238;0.86232;1;T;True;2
1621253897000;11546603;0.86229;0.86241;0.86235;2;T;True;2
1621253898000;11546605;0.86228;0.8624;0.86234;1;T;True;2
1621253899000;11546614;0.86227;0.86239;0.86233;8;T;True;2
1621253900000;11546619;0.86224;0.86236;0.8623;4;T;True;2
1621253901000;11546622;0.86225;0.86237;0.86231;2;T;True;2
1621253902000;11546625;0.86225;0.86237;0.86231;2;T;True;2
1621253903000;11546628;0.86223;0.86235;0.86229;2;T;True;2
1621253904000;11546629;0.86223;0.86235;0.86229;0;T;True;2
1621253905000;11546630;0.86223;0.86235;0.86229;0;T;True;2
1621253906000;11546631;0.86223;0.86235;0.86229;0;T;True;2
1621253907000;11546633;0.86223;0.86235;0.86229;1;T;True;2
1621253908000;11546635;0.86223;0.86235;0.86229;1;T;True;2
1621253909000;11546639;0.86223;0.86235;0.86229;3;T;True;2
1621253910000;11546640;0.86223;0.86235;0.86229;0;T;True;2
1621253911000;11546641;0.86223;0.86235;0.86229;0;T;True;2
1621253912000;11546642;0.86223;0.86235;0.86229;0;T;True;2
1621253913000;11546643;0.86223;0.86235;0.86229;0;T;True;2
1621253914000;11546644;0.86223;0.86235;0.86229;0;T;True;2
1621253915000;11546645;0.86223;0.86235;0.86229;0;T;True;2
1621253916000;11546651;0.8622;0.86232;0.86226;5;T;True;2
1621253917000;11546653;0.86219;0.86231;0.86225;1;T;True;2
1621253918000;11546666;0.86219;0.86231;0.86225;12;T;True;2
1621253919000;11546669;0.86218;0.8623;0.86224;2;T;True;2
1621253920000;11546670;0.86218;0.8623;0.86224;0;T;True;2
1621253921000;11546673;0.8622;0.86232;0.86226;2;T;True;2
1621253922000;11546676;0.86221;0.86233;0.86227;2;T;True;2
1621253923000;11546679;0.86221;0.86233;0.86227;2;T;True;2
1621253924000;11546680;0.86221;0.86233;0.86227;0;T;True;2
1621253925000;11546684;0.86221;0.86233;0.86227;3;T;True;2
1621253926000;11546686;0.8622;0.86232;0.86226;1;T;True;2
1621253927000;11546691;0.86215;0.86227;0.86221;4;T;True;2
1621253928000;11546694;0.86215;0.86227;0.86221;2;T;True;2
1621253929000;11546696;0.86216;0.86228;0.86222;1;T;True;2
1621253930000;11546697;0.86216;0.86228;0.86222;0;T;True;2
1621253931000;11546698;0.86216;0.86228;0.86222;0;T;True;2
1621253932000;11546699;0.86216;0.86228;0.86222;0;T;True;2
1621253933000;11546700;0.86216;0.86228;0.86222;0;T;True;2
1621253934000;11546701;0.86216;0.86228;0.86222;0;T;True;2
1621253935000;11546702;0.86216;0.86228;0.86222;0;T;True;2
1621253936000;11546703;0.86216;0.86228;0.86222;0;T;True;2
1621253937000;11546706;0.86218;0.8623;0.86224;2;T;True;2
1621253938000;11546707;0.86218;0.8623;0.86224;0;T;True;2
1621253939000;11546708;0.86218;0.8623;0.86224;0;T;True;2
1621253940000;11546710;0.86217;0.86229;0.86223;1;T;True;2
1621253941000;11546714;0.86212;0.86224;0.86218;3;T;True;2
1621253942000;11546720;0.86212;0.86224;0.86218;5;T;True;2
1621253943000;11546725;0.86214;0.86226;0.8622;4;T;True;2
1621253944000;11546727;0.86215;0.86227;0.86221;1;T;True;2
1621253945000;11546729;0.86215;0.86227;0.86221;1;T;True;2
1621253946000;11546732;0.86215;0.86227;0.86221;2;T;True;2
1621253947000;11546733;0.86215;0.86227;0.86221;0;T;True;2
1621253948000;11546734;0.86215;0.86227;0.86221;0;T;True;2
1621253949000;11546742;0.86206;0.86218;0.86212;7;T;True;2
1621253950000;11546746;0.86203;0.86215;0.86209;3;T;True;2
1621253951000;11546749;0.86203;0.86215;0.86209;2;T;True;2
1621253952000;11546759;0.86209;0.86221;0.86215;9;T;True;2
1621253953000;11546760;0.86209;0.86221;0.86215;0;T;True;2
1621253954000;11546763;0.8621;0.86222;0.86216;2;T;True;2
1621253955000;11546764;0.8621;0.86222;0.86216;0;T;True;2
1621253956000;11546766;0.86211;0.86223;0.86217;1;T;True;2
1621253957000;11546767;0.86211;0.86223;0.86217;0;T;True;2
1621253958000;11546769;0.8621;0.86222;0.86216;1;T;True;2
1621253959000;11546770;0.8621;0.86222;0.86216;0;T;True;2
1621253960000;11546771;0.8621;0.86222;0.86216;0;T;True;2
1621253961000;11546774;0.86209;0.86221;0.86215;2;T;True;2
1621253962000;11546775;0.86209;0.86221;0.86215;0;T;True;2
1621253963000;11546776;0.86209;0.86221;0.86215;0;T;True;2
1621253964000;11546779;0.86209;0.86221;0.86215;2;T;True;2
1621253965000;11546784;0.86211;0.86223;0.86217;4;T;True;2
1621253966000;11546786;0.86211;0.86223;0.86217;1;T;True;2
1621253967000;11546787;0.86211;0.86223;0.86217;0;T;True;2
1621253968000;11546796;0.86205;0.86217;0.86211;8;T;True;2
1621253969000;11546798;0.86205;0.86217;0.86211;1;T;True;2
1621253970000;11546799;0.86205;0.86217;0.86211;0;T;True;2
1621253971000;11546800;0.86205;0.86217;0.86211;0;T;True;2
1621253972000;11546801;0.86205;0.86217;0.86211;0;T;True;2
1621253973000;11546811;0.86205;0.86217;0.86211;9;T;True;2
1621253974000;11546812;0.86205;0.86217;0.86211;0;T;True;2
1621253975000;11546813;0.86205;0.86217;0.86211;0;T;True;2
1621253976000;11546814;0.86205;0.86217;0.86211;0;T;True;2
1621253977000;11546815;0.86205;0.86217;0.86211;0;T;True;2
1621253978000;11546816;0.86205;0.86217;0.86211;0;T;True;2
1621253979000;11546817;0.86205;0.86217;0.86211;0;T;True;2
1621253980000;11546818;0.86205;0.86217;0.86211;0;T;True;2
1621253981000;11546819;0.86205;0.86217;0.86211;0;T;True;2
1621253982000;11546820;0.86205;0.86217;0.86211;0;T;True;2
1621253983000;11546821;0.86205;0.86217;0.86211;0;T;True;2
1621253984000;11546822;0.86205;0.86217;0.86211;0;T;True;2
1621253985000;11546823;0.86205;0.86217;0.86211;0;T;True;2
1621253986000;11546826;0.86203;0.86215;0.86209;2;T;True;2
1621253987000;11546829;0.86205;0.86217;0.86211;2;T;True;2
1621253988000;11546837;0.86207;0.86219;0.86213;7;T;True;2
1621253989000;11546838;0.86207;0.86219;0.86213;0;T;True;2
1621253990000;11546840;0.86207;0.86219;0.86213;1;T;True;2
1621253991000;11546845;0.86208;0.8622;0.86214;4;T;True;2
1621253992000;11546848;0.86209;0.86221;0.86215;2;T;True;2
1621253993000;11546852;0.86209;0.86221;0.86215;3;T;True;2
1621253994000;11546854;0.86209;0.86221;0.86215;1;T;True;2
1621253995000;11546855;0.86209;0.86221;0.86215;0;T;True;2
1621253996000;11546857;0.86209;0.86221;0.86215;1;T;True;2
1621253997000;11546858;0.86209;0.86221;0.86215;0;T;True;2
1621253998000;11546860;0.86211;0.86223;0.86217;1;T;True;2
1621253999000;11546861;0.86211;0.86223;0.86217;0;T;True;2
1621254000000;11546865;0.86215;0.86227;0.86221;3;T;True;2
1621254001000;11546874;0.86212;0.86224;0.86218;8;T;True;2
1621254002000;11546877;0.86213;0.86225;0.86219;2;T;True;2
1621254003000;11546881;0.86211;0.86223;0.86217;3;T;True;2
1621254004000;11546884;0.86209;0.86221;0.86215;2;T;True;2
1621254005000;11546888;0.86207;0.86219;0.86213;3;T;True;2
1621254006000;11546889;0.86207;0.86219;0.86213;0;T;True;2
1621254007000;11546890;0.86207;0.86219;0.86213;0;T;True;2
1621254008000;11546891;0.86207;0.86219;0.86213;0;T;True;2
1621254009000;11546893;0.86207;0.86219;0.86213;1;T;True;2
1621254010000;11546897;0.86211;0.86223;0.86217;3;T;True;2
1621254011000;11546898;0.86211;0.86223;0.86217;0;T;True;2
1621254012000;11546901;0.86213;0.86225;0.86219;2;T;True;2
1621254013000;11546904;0.86211;0.86223;0.86217;2;T;True;2
1621254014000;11546905;0.86211;0.86223;0.86217;0;T;True;2
1621254015000;11546907;0.8621;0.86222;0.86216;1;T;True;2
1621254016000;11546909;0.86209;0.86221;0.86215;1;T;True;2
1621254017000;11546920;0.86205;0.86217;0.86211;10;T;True;2
1621254018000;11546923;0.86205;0.86217;0.86211;2;T;True;2
1621254019000;11546932;0.86206;0.86218;0.86212;8;T;True;2
1621254020000;11546935;0.86207;0.86219;0.86213;2;T;True;2
1621254021000;11546944;0.86205;0.86217;0.86211;8;T;True;2
1621254022000;11546948;0.86204;0.86216;0.8621;3;T;True;2
1621254023000;11546949;0.86204;0.86216;0.8621;0;T;True;2
1621254024000;11546950;0.86204;0.86216;0.8621;0;T;True;2
1621254025000;11546952;0.86205;0.86217;0.86211;1;T;True;2
1621254026000;11546954;0.86205;0.86217;0.86211;1;T;True;2
1621254027000;11546956;0.86205;0.86217;0.86211;1;T;True;2
1621254028000;11546957;0.86205;0.86217;0.86211;0;T;True;2
1621254029000;11546958;0.86205;0.86217;0.86211;0;T;True;2
1621254030000;11546960;0.86204;0.86216;0.8621;1;T;True;2
1621254031000;11546962;0.86205;0.86217;0.86211;1;T;True;2
1621254032000;11546963;0.86205;0.86217;0.86211;0;T;True;2
1621254033000;11546964;0.86205;0.86217;0.86211;0;T;True;2
1621254034000;11546965;0.86205;0.86217;0.86211;0;T;True;2
1621254035000;11546966;0.86205;0.86217;0.86211;0;T;True;2
1621254036000;11546967;0.86205;0.86217;0.86211;0;T;True;2
1621254037000;11546968;0.86205;0.86217;0.86211;0;T;True;2
1621254038000;11546971;0.86206;0.86218;0.86212;2;T;True;2
1621254039000;11546972;0.86206;0.86218;0.86212;0;T;True;2
1621254040000;11546977;0.86209;0.86221;0.86215;4;T;True;2
1621254041000;11546978;0.86209;0.86221;0.86215;0;T;True;2
1621254042000;11546982;0.86211;0.86223;0.86217;3;T;True;2
1621254043000;11546983;0.86211;0.86223;0.86217;0;T;True;2
1621254044000;11546989;0.86211;0.86223;0.86217;5;T;True;2
1621254045000;11546992;0.86211;0.86223;0.86217;2;T;True;2
1621254046000;11546993;0.86211;0.86223;0.86217;0;T;True;2
1621254047000;11546994;0.86211;0.86223;0.86217;0;T;True;2
1621254048000;11546996;0.86211;0.86223;0.86217;1;T;True;2
1621254049000;11546999;0.86209;0.86221;0.86215;2;T;True;2
1621254050000;11547002;0.86207;0.86219;0.86213;2;T;True;2
1621254051000;11547003;0.86207;0.86219;0.86213;0;T;True;2
1621254052000;11547004;0.86207;0.86219;0.86213;0;T;True;2
1621254053000;11547005;0.86207;0.86219;0.86213;0;T;True;2
1621254054000;11547006;0.86207;0.86219;0.86213;0;T;True;2
1621254055000;11547007;0.86207;0.86219;0.86213;0;T;True;2
1621254056000;11547008;0.86207;0.86219;0.86213;0;T;True;2
1621254057000;11547011;0.86205;0.86217;0.86211;2;T;True;2
1621254058000;11547012;0.86205;0.86217;0.86211;0;T;True;2
1621254059000;11547013;0.86205;0.86217;0.86211;0;T;True;2
1621254060000;11547014;0.86205;0.86217;0.86211;0;T;True;2
1621254061000;11547015;0.86205;0.86217;0.86211;0;T;True;2
1621254062000;11547016;0.86205;0.86217;0.86211;0;T;True;2
1621254063000;11547017;0.86205;0.86217;0.86211;0;T;True;2
1621254064000;11547020;0.86208;0.8622;0.86214;2;T;True;2
1621254065000;11547024;0.86207;0.86219;0.86213;3;T;True;2
1621254066000;11547025;0.86207;0.86219;0.86213;0;T;True;2
1621254067000;11547028;0.86209;0.86221;0.86215;2;T;True;2
1621254068000;11547029;0.86209;0.86221;0.86215;0;T;True;2
1621254069000;11547030;0.86209;0.86221;0.86215;0;T;True;2
1621254070000;11547032;0.86209;0.86221;0.86215;1;T;True;2
1621254071000;11547033;0.86209;0.86221;0.86215;0;T;True;2
1621254072000;11547035;0.86211;0.86223;0.86217;1;T;True;2
1621254073000;11547036;0.86211;0.86223;0.86217;0;T;True;2
1621254074000;11547037;0.86211;0.86223;0.86217;0;T;True;2
1621254075000;11547038;0.86211;0.86223;0.86217;0;T;True;2
1621254076000;11547039;0.86211;0.86223;0.86217;0;T;True;2
1621254077000;11547040;0.86211;0.86223;0.86217;0;T;True;2
1621254078000;11547041;0.86211;0.86223;0.86217;0;T;True;2
1621254079000;11547042;0.86211;0.86223;0.86217;0;T;True;2
1621254080000;11547043;0.86211;0.86223;0.86217;0;T;True;2
1621254081000;11547045;0.8621;0.86222;0.86216;1;T;True;2
1621254082000;11547046;0.8621;0.86222;0.86216;0;T;True;2
1621254083000;11547048;0.8621;0.86222;0.86216;1;T;True;2
1621254084000;11547049;0.8621;0.86222;0.86216;0;T;True;2
1621254085000;11547053;0.86208;0.8622;0.86214;3;T;True;2
1621254086000;11547054;0.86208;0.8622;0.86214;0;T;True;2
1621254087000;11547056;0.86209;0.86221;0.86215;1;T;True;2
1621254088000;11547057;0.86209;0.86221;0.86215;0;T;True;2
1621254089000;11547063;0.86213;0.86225;0.86219;5;T;True;2
1621254090000;11547067;0.86211;0.86223;0.86217;3;T;True;2
1621254091000;11547069;0.86211;0.86223;0.86217;1;T;True;2
1621254092000;11547076;0.86211;0.86223;0.86217;6;T;True;2
1621254093000;11547079;0.86209;0.86221;0.86215;2;T;True;2
1621254094000;11547081;0.86209;0.86221;0.86215;1;T;True;2
1621254095000;11547086;0.86207;0.86219;0.86213;4;T;True;2
1621254096000;11547088;0.86209;0.86221;0.86215;1;T;True;2
1621254097000;11547089;0.86209;0.86221;0.86215;0;T;True;2
1621254098000;11547092;0.8621;0.86222;0.86216;2;T;True;2
1621254099000;11547093;0.8621;0.86222;0.86216;0;T;True;2
1621254100000;11547095;0.86209;0.86221;0.86215;1;T;True;2
1621254101000;11547098;0.86211;0.86223;0.86217;2;T;True;2
1621254102000;11547099;0.86211;0.86223;0.86217;0;T;True;2
1621254103000;11547101;0.86211;0.86223;0.86217;1;T;True;2
1621254104000;11547103;0.86212;0.86224;0.86218;1;T;True;2
1621254105000;11547107;0.86209;0.86221;0.86215;3;T;True;2
1621254106000;11547108;0.86209;0.86221;0.86215;0;T;True;2
1621254107000;11547113;0.86204;0.86216;0.8621;4;T;True;2
1621254108000;11547122;0.86205;0.86217;0.86211;8;T;True;2
1621254109000;11547123;0.86205;0.86217;0.86211;0;T;True;2
1621254110000;11547127;0.86203;0.86215;0.86209;3;T;True;2
1621254111000;11547132;0.86203;0.86215;0.86209;4;T;True;2
1621254112000;11547138;0.86198;0.8621;0.86204;5;T;True;2
1621254113000;11547141;0.86197;0.86209;0.86203;2;T;True;2
1621254114000;11547142;0.86197;0.86209;0.86203;0;T;True;2
1621254115000;11547144;0.86197;0.86209;0.86203;1;T;True;2
1621254116000;11547145;0.86197;0.86209;0.86203;0;T;True;2
1621254117000;11547149;0.86195;0.86207;0.86201;3;T;True;2
1621254118000;11547152;0.86193;0.86205;0.86199;2;T;True;2
1621254119000;11547153;0.86193;0.86205;0.86199;0;T;True;2
1621254120000;11547154;0.86193;0.86205;0.86199;0;T;True;2
1621254121000;11547155;0.86193;0.86205;0.86199;0;T;True;2
1621254122000;11547156;0.86193;0.86205;0.86199;0;T;True;2
1621254123000;11547166;0.86199;0.86211;0.86205;9;T;True;2
1621254124000;11547167;0.86199;0.86211;0.86205;0;T;True;2
1621254125000;11547171;0.86201;0.86213;0.86207;3;T;True;2
1621254126000;11547172;0.86201;0.86213;0.86207;0;T;True;2
1621254127000;11547173;0.86201;0.86213;0.86207;0;T;True;2
1621254128000;11547174;0.86201;0.86213;0.86207;0;T;True;2
1621254129000;11547177;0.86201;0.86213;0.86207;2;T;True;2
1621254130000;11547178;0.86201;0.86213;0.86207;0;T;True;2
1621254131000;11547179;0.86201;0.86213;0.86207;0;T;True;2
1621254132000;11547180;0.86201;0.86213;0.86207;0;T;True;2
1621254133000;11547181;0.86201;0.86213;0.86207;0;T;True;2
1621254134000;11547182;0.86201;0.86213;0.86207;0;T;True;2
1621254135000;11547183;0.86201;0.86213;0.86207;0;T;True;2
1621254136000;11547184;0.86201;0.86213;0.86207;0;T;True;2
1621254137000;11547186;0.86201;0.86213;0.86207;1;T;True;2
1621254138000;11547187;0.86201;0.86213;0.86207;0;T;True;2
1621254139000;11547188;0.86201;0.86213;0.86207;0;T;True;2
1621254140000;11547189;0.86201;0.86213;0.86207;0;T;True;2
1621254141000;11547190;0.86201;0.86213;0.86207;0;T;True;2
1621254142000;11547191;0.86201;0.86213;0.86207;0;T;True;2
1621254143000;11547192;0.86201;0.86213;0.86207;0;T;True;2
1621254144000;11547195;0.86203;0.86215;0.86209;2;T;True;2
1621254145000;11547196;0.86203;0.86215;0.86209;0;T;True;2
1621254146000;11547198;0.86203;0.86215;0.86209;1;T;True;2
1621254147000;11547199;0.86203;0.86215;0.86209;0;T;True;2
1621254148000;11547200;0.86203;0.86215;0.86209;0;T;True;2
1621254149000;11547201;0.86203;0.86215;0.86209;0;T;True;2
1621254150000;11547202;0.86203;0.86215;0.86209;0;T;True;2
1621254151000;11547203;0.86203;0.86215;0.86209;0;T;True;2
1621254152000;11547204;0.86203;0.86215;0.86209;0;T;True;2
1621254153000;11547205;0.86203;0.86215;0.86209;0;T;True;2
1621254154000;11547206;0.86203;0.86215;0.86209;0;T;True;2
1621254155000;11547207;0.86203;0.86215;0.86209;0;T;True;2
1621254156000;11547208;0.86203;0.86215;0.86209;0;T;True;2
1621254157000;11547209;0.86203;0.86215;0.86209;0;T;True;2
1621254158000;11547210;0.86203;0.86215;0.86209;0;T;True;2
1621254159000;11547212;0.86202;0.86214;0.86208;1;T;True;2
1621254160000;11547214;0.86202;0.86214;0.86208;1;T;True;2
1621254161000;11547215;0.86202;0.86214;0.86208;0;T;True;2
1621254162000;11547217;0.86201;0.86213;0.86207;1;T;True;2
1621254163000;11547220;0.862;0.86212;0.86206;2;T;True;2
1621254164000;11547221;0.862;0.86212;0.86206;0;T;True;2
1621254165000;11547222;0.862;0.86212;0.86206;0;T;True;2
1621254166000;11547223;0.862;0.86212;0.86206;0;T;True;2
1621254167000;11547224;0.862;0.86212;0.86206;0;T;True;2
1621254168000;11547225;0.862;0.86212;0.86206;0;T;True;2
1621254169000;11547226;0.862;0.86212;0.86206;0;T;True;2
1621254170000;11547228;0.86201;0.86213;0.86207;1;T;True;2
1621254171000;11547229;0.86201;0.86213;0.86207;0;T;True;2
1621254172000;11547231;0.862;0.86212;0.86206;1;T;True;2
1621254173000;11547232;0.862;0.86212;0.86206;0;T;True;2
1621254174000;11547233;0.862;0.86212;0.86206;0;T;True;2
1621254175000;11547234;0.862;0.86212;0.86206;0;T;True;2
1621254176000;11547239;0.86199;0.86211;0.86205;4;T;True;2
1621254177000;11547240;0.86199;0.86211;0.86205;0;T;True;2
1621254178000;11547241;0.86199;0.86211;0.86205;0;T;True;2
1621254179000;11547242;0.86199;0.86211;0.86205;0;T;True;2
1621254180000;11547247;0.86197;0.86209;0.86203;4;T;True;2
1621254181000;11547248;0.86197;0.86209;0.86203;0;T;True;2
1621254182000;11547249;0.86197;0.86209;0.86203;0;T;True;2
1621254183000;11547250;0.86197;0.86209;0.86203;0;T;True;2
1621254184000;11547251;0.86197;0.86209;0.86203;0;T;True;2
1621254185000;11547252;0.86197;0.86209;0.86203;0;T;True;2
1621254186000;11547253;0.86197;0.86209;0.86203;0;T;True;2
1621254187000;11547254;0.86197;0.86209;0.86203;0;T;True;2
1621254188000;11547256;0.86198;0.8621;0.86204;1;T;True;2
1621254189000;11547257;0.86198;0.8621;0.86204;0;T;True;2
1621254190000;11547258;0.86198;0.8621;0.86204;0;T;True;2
1621254191000;11547261;0.862;0.86212;0.86206;2;T;True;2
1621254192000;11547263;0.86201;0.86213;0.86207;1;T;True;2
1621254193000;11547266;0.86201;0.86213;0.86207;2;T;True;2
1621254194000;11547267;0.86201;0.86213;0.86207;0;T;True;2
1621254195000;11547268;0.86201;0.86213;0.86207;0;T;True;2
1621254196000;11547269;0.86201;0.86213;0.86207;0;T;True;2
1621254197000;11547270;0.86201;0.86213;0.86207;0;T;True;2
1621254198000;11547275;0.86207;0.86219;0.86213;4;T;True;2
1621254199000;11547276;0.86207;0.86219;0.86213;0;T;True;2
1621254200000;11547277;0.86207;0.86219;0.86213;0;T;True;2
1621254201000;11547278;0.86207;0.86219;0.86213;0;T;True;2
1621254202000;11547279;0.86207;0.86219;0.86213;0;T;True;2
1621254203000;11547280;0.86207;0.86219;0.86213;0;T;True;2
1621254204000;11547281;0.86207;0.86219;0.86213;0;T;True;2
1621254205000;11547286;0.86202;0.86214;0.86208;4;T;True;2
1621254206000;11547288;0.86201;0.86213;0.86207;1;T;True;2
1621254207000;11547289;0.86201;0.86213;0.86207;0;T;True;2
1621254208000;11547291;0.862;0.86212;0.86206;1;T;True;2
1621254209000;11547293;0.86199;0.86211;0.86205;1;T;True;2
1621254210000;11547294;0.86199;0.86211;0.86205;0;T;True;2
1621254211000;11547295;0.86199;0.86211;0.86205;0;T;True;2
1621254212000;11547296;0.86199;0.86211;0.86205;0;T;True;2
1621254213000;11547298;0.862;0.86212;0.86206;1;T;True;2
1621254214000;11547300;0.86201;0.86213;0.86207;1;T;True;2
1621254215000;11547301;0.86201;0.86213;0.86207;0;T;True;2
1621254216000;11547302;0.86201;0.86213;0.86207;0;T;True;2
1621254217000;11547303;0.86201;0.86213;0.86207;0;T;True;2
1621254218000;11547304;0.86201;0.86213;0.86207;0;T;True;2
1621254219000;11547305;0.86201;0.86213;0.86207;0;T;True;2
1621254220000;11547306;0.86201;0.86213;0.86207;0;T;True;2
1621254221000;11547307;0.86201;0.86213;0.86207;0;T;True;2
1621254222000;11547308;0.86201;0.86213;0.86207;0;T;True;2
1621254223000;11547310;0.86202;0.86214;0.86208;1;T;True;2
1621254224000;11547311;0.86202;0.86214;0.86208;0;T;True;2
1621254225000;11547312;0.86202;0.86214;0.86208;0;T;True;2
1621254226000;11547314;0.86203;0.86215;0.86209;1;T;True;2
1621254227000;11547316;0.86202;0.86214;0.86208;1;T;True;2
1621254228000;11547317;0.86202;0.86214;0.86208;0;T;True;2
1621254229000;11547319;0.86203;0.86215;0.86209;1;T;True;2
1621254230000;11547320;0.86203;0.86215;0.86209;0;T;True;2
1621254231000;11547321;0.86203;0.86215;0.86209;0;T;True;2
1621254232000;11547322;0.86203;0.86215;0.86209;0;T;True;2
1621254233000;11547323;0.86203;0.86215;0.86209;0;T;True;2
1621254234000;11547324;0.86203;0.86215;0.86209;0;T;True;2
1621254235000;11547330;0.86201;0.86213;0.86207;5;T;True;2
1621254236000;11547337;0.86195;0.86207;0.86201;6;T;True;2
1621254237000;11547339;0.86194;0.86206;0.862;1;T;True;2
1621254238000;11547340;0.86194;0.86206;0.862;0;T;True;2
1621254239000;11547341;0.86194;0.86206;0.862;0;T;True;2
1621254240000;11547342;0.86194;0.86206;0.862;0;T;True;2
1621254241000;11547346;0.86191;0.86203;0.86197;3;T;True;2
1621254242000;11547348;0.86189;0.86201;0.86195;1;T;True;2
1621254243000;11547351;0.86189;0.86201;0.86195;2;T;True;2
1621254244000;11547352;0.86189;0.86201;0.86195;0;T;True;2
1621254245000;11547353;0.86189;0.86201;0.86195;0;T;True;2
1621254246000;11547355;0.86188;0.862;0.86194;1;T;True;2
1621254247000;11547356;0.86188;0.862;0.86194;0;T;True;2
1621254248000;11547357;0.86188;0.862;0.86194;0;T;True;2
1621254249000;11547358;0.86188;0.862;0.86194;0;T;True;2
1621254250000;11547360;0.86189;0.86201;0.86195;1;T;True;2
1621254251000;11547361;0.86189;0.86201;0.86195;0;T;True;2
1621254252000;11547362;0.86189;0.86201;0.86195;0;T;True;2
1621254253000;11547363;0.86189;0.86201;0.86195;0;T;True;2
1621254254000;11547364;0.86189;0.86201;0.86195;0;T;True;2
1621254255000;11547365;0.86189;0.86201;0.86195;0;T;True;2
1621254256000;11547366;0.86189;0.86201;0.86195;0;T;True;2
1621254257000;11547367;0.86189;0.86201;0.86195;0;T;True;2
1621254258000;11547368;0.86189;0.86201;0.86195;0;T;True;2
1621254259000;11547369;0.86189;0.86201;0.86195;0;T;True;2
1621254260000;11547370;0.86189;0.86201;0.86195;0;T;True;2
1621254261000;11547371;0.86189;0.86201;0.86195;0;T;True;2
1621254262000;11547372;0.86189;0.86201;0.86195;0;T;True;2
1621254263000;11547373;0.86189;0.86201;0.86195;0;T;True;2
1621254264000;11547374;0.86189;0.86201;0.86195;0;T;True;2
1621254265000;11547375;0.86189;0.86201;0.86195;0;T;True;2
1621254266000;11547379;0.86193;0.86205;0.86199;3;T;True;2
1621254267000;11547380;0.86193;0.86205;0.86199;0;T;True;2
1621254268000;11547381;0.86193;0.86205;0.86199;0;T;True;2
1621254269000;11547386;0.86195;0.86207;0.86201;4;T;True;2
1621254270000;11547387;0.86195;0.86207;0.86201;0;T;True;2
1621254271000;11547388;0.86195;0.86207;0.86201;0;T;True;2
1621254272000;11547390;0.86196;0.86208;0.86202;1;T;True;2
1621254273000;11547391;0.86196;0.86208;0.86202;0;T;True;2
1621254274000;11547395;0.86197;0.86209;0.86203;3;T;True;2
1621254275000;11547396;0.86197;0.86209;0.86203;0;T;True;2
1621254276000;11547397;0.86197;0.86209;0.86203;0;T;True;2
1621254277000;11547398;0.86197;0.86209;0.86203;0;T;True;2
1621254278000;11547399;0.86197;0.86209;0.86203;0;T;True;2
1621254279000;11547402;0.86193;0.86205;0.86199;2;T;True;2
1621254280000;11547403;0.86193;0.86205;0.86199;0;T;True;2
1621254281000;11547404;0.86193;0.86205;0.86199;0;T;True;2
1621254282000;11547407;0.86193;0.86205;0.86199;2;T;True;2
1621254283000;11547408;0.86193;0.86205;0.86199;0;T;True;2
1621254284000;11547409;0.86193;0.86205;0.86199;0;T;True;2
1621254285000;11547410;0.86193;0.86205;0.86199;0;T;True;2
1621254286000;11547411;0.86193;0.86205;0.86199;0;T;True;2
1621254287000;11547414;0.86191;0.86203;0.86197;2;T;True;2
1621254288000;11547415;0.86191;0.86203;0.86197;0;T;True;2
1621254289000;11547416;0.86191;0.86203;0.86197;0;T;True;2
1621254290000;11547417;0.86191;0.86203;0.86197;0;T;True;2
1621254291000;11547418;0.86191;0.86203;0.86197;0;T;True;2
1621254292000;11547420;0.86193;0.86205;0.86199;1;T;True;2
1621254293000;11547424;0.86197;0.86209;0.86203;3;T;True;2
1621254294000;11547425;0.86197;0.86209;0.86203;0;T;True;2
1621254295000;11547426;0.86197;0.86209;0.86203;0;T;True;2
1621254296000;11547427;0.86197;0.86209;0.86203;0;T;True;2
1621254297000;11547430;0.86199;0.86211;0.86205;2;T;True;2
1621254298000;11547431;0.86199;0.86211;0.86205;0;T;True;2
1621254299000;11547433;0.86197;0.86209;0.86203;1;T;True;2
1621254300000;11547436;0.86199;0.86211;0.86205;2;T;True;2
1621254301000;11547442;0.86205;0.86217;0.86211;5;T;True;2
1621254302000;11547444;0.86203;0.86215;0.86209;1;T;True;2
1621254303000;11547447;0.86203;0.86215;0.86209;2;T;True;2
1621254304000;11547449;0.86202;0.86214;0.86208;1;T;True;2
1621254305000;11547450;0.86202;0.86214;0.86208;0;T;True;2
1621254306000;11547451;0.86202;0.86214;0.86208;0;T;True;2
1621254307000;11547453;0.86203;0.86215;0.86209;1;T;True;2
1621254308000;11547454;0.86203;0.86215;0.86209;0;T;True;2
1621254309000;11547456;0.86202;0.86214;0.86208;1;T;True;2
1621254310000;11547458;0.86203;0.86215;0.86209;1;T;True;2
1621254311000;11547459;0.86203;0.86215;0.86209;0;T;True;2
1621254312000;11547460;0.86203;0.86215;0.86209;0;T;True;2
1621254313000;11547461;0.86203;0.86215;0.86209;0;T;True;2
1621254314000;11547462;0.86203;0.86215;0.86209;0;T;True;2
1621254315000;11547463;0.86203;0.86215;0.86209;0;T;True;2
1621254316000;11547465;0.86204;0.86216;0.8621;1;T;True;2
1621254317000;11547466;0.86204;0.86216;0.8621;0;T;True;2
1621254318000;11547467;0.86204;0.86216;0.8621;0;T;True;2
1621254319000;11547469;0.86203;0.86215;0.86209;1;T;True;2
1621254320000;11547470;0.86203;0.86215;0.86209;0;T;True;2
1621254321000;11547472;0.86201;0.86213;0.86207;1;T;True;2
1621254322000;11547475;0.86201;0.86213;0.86207;2;T;True;2
1621254323000;11547476;0.86201;0.86213;0.86207;0;T;True;2
1621254324000;11547477;0.86201;0.86213;0.86207;0;T;True;2
1621254325000;11547478;0.86201;0.86213;0.86207;0;T;True;2
1621254326000;11547479;0.86201;0.86213;0.86207;0;T;True;2
1621254327000;11547480;0.86201;0.86213;0.86207;0;T;True;2
1621254328000;11547481;0.86201;0.86213;0.86207;0;T;True;2
1621254329000;11547482;0.86201;0.86213;0.86207;0;T;True;2
1621254330000;11547483;0.86201;0.86213;0.86207;0;T;True;2
1621254331000;11547486;0.86198;0.8621;0.86204;2;T;True;2
1621254332000;11547490;0.86199;0.86211;0.86205;3;T;True;2
1621254333000;11547494;0.86198;0.8621;0.86204;3;T;True;2
1621254334000;11547496;0.86197;0.86209;0.86203;1;T;True;2
1621254335000;11547497;0.86197;0.86209;0.86203;0;T;True;2
1621254336000;11547498;0.86197;0.86209;0.86203;0;T;True;2
1621254337000;11547499;0.86197;0.86209;0.86203;0;T;True;2
1621254338000;11547500;0.86197;0.86209;0.86203;0;T;True;2
1621254339000;11547501;0.86197;0.86209;0.86203;0;T;True;2
1621254340000;11547504;0.86199;0.86211;0.86205;2;T;True;2
1621254341000;11547505;0.86199;0.86211;0.86205;0;T;True;2
1621254342000;11547506;0.86199;0.86211;0.86205;0;T;True;2
1621254343000;11547507;0.86199;0.86211;0.86205;0;T;True;2
1621254344000;11547508;0.86199;0.86211;0.86205;0;T;True;2
1621254345000;11547509;0.86199;0.86211;0.86205;0;T;True;2
1621254346000;11547510;0.86199;0.86211;0.86205;0;T;True;2
1621254347000;11547514;0.86202;0.86214;0.86208;3;T;True;2
1621254348000;11547515;0.86202;0.86214;0.86208;0;T;True;2
1621254349000;11547516;0.86202;0.86214;0.86208;0;T;True;2
1621254350000;11547517;0.86202;0.86214;0.86208;0;T;True;2
1621254351000;11547518;0.86202;0.86214;0.86208;0;T;True;2
1621254352000;11547520;0.86201;0.86213;0.86207;1;T;True;2
1621254353000;11547521;0.86201;0.86213;0.86207;0;T;True;2
1621254354000;11547522;0.86201;0.86213;0.86207;0;T;True;2
1621254355000;11547523;0.86201;0.86213;0.86207;0;T;True;2
1621254356000;11547524;0.86201;0.86213;0.86207;0;T;True;2
1621254357000;11547525;0.86201;0.86213;0.86207;0;T;True;2
1621254358000;11547526;0.86201;0.86213;0.86207;0;T;True;2
1621254359000;11547527;0.86201;0.86213;0.86207;0;T;True;2
1621254360000;11547528;0.86201;0.86213;0.86207;0;T;True;2
1621254361000;11547529;0.86201;0.86213;0.86207;0;T;True;2
1621254362000;11547534;0.86202;0.86214;0.86208;4;T;True;2
1621254363000;11547535;0.86202;0.86214;0.86208;0;T;True;2
1621254364000;11547537;0.86201;0.86213;0.86207;1;T;True;2
1621254365000;11547540;0.86203;0.86215;0.86209;2;T;True;2
1621254366000;11547543;0.86201;0.86213;0.86207;2;T;True;2
1621254367000;11547544;0.86201;0.86213;0.86207;0;T;True;2
1621254368000;11547545;0.86201;0.86213;0.86207;0;T;True;2
1621254369000;11547546;0.86201;0.86213;0.86207;0;T;True;2
1621254370000;11547547;0.86201;0.86213;0.86207;0;T;True;2
1621254371000;11547551;0.86197;0.86209;0.86203;3;T;True;2
1621254372000;11547553;0.86195;0.86207;0.86201;1;T;True;2
1621254373000;11547557;0.86193;0.86205;0.86199;3;T;True;2
1621254374000;11547561;0.86192;0.86204;0.86198;3;T;True;2
1621254375000;11547563;0.86193;0.86205;0.86199;1;T;True;2
1621254376000;11547566;0.86193;0.86205;0.86199;2;T;True;2
1621254377000;11547567;0.86193;0.86205;0.86199;0;T;True;2
1621254378000;11547569;0.86192;0.86204;0.86198;1;T;True;2
1621254379000;11547573;0.86195;0.86207;0.86201;3;T;True;2
1621254380000;11547576;0.86195;0.86207;0.86201;2;T;True;2
1621254381000;11547578;0.86197;0.86209;0.86203;1;T;True;2
1621254382000;11547579;0.86197;0.86209;0.86203;0;T;True;2
1621254383000;11547581;0.86198;0.8621;0.86204;1;T;True;2
1621254384000;11547584;0.86198;0.8621;0.86204;2;T;True;2
1621254385000;11547585;0.86198;0.8621;0.86204;0;T;True;2
1621254386000;11547591;0.86197;0.86209;0.86203;5;T;True;2
1621254387000;11547593;0.86198;0.8621;0.86204;1;T;True;2
1621254388000;11547596;0.86199;0.86211;0.86205;2;T;True;2
1621254389000;11547598;0.86198;0.8621;0.86204;1;T;True;2
1621254390000;11547600;0.86199;0.86211;0.86205;1;T;True;2
