ts;n;bid;ask;value;volume;phase;round;active_id
1621250862000;11540579;0.86252;0.86264;0.86258;1;T;True;2
1621250863000;11540580;0.86252;0.86264;0.86258;0;T;True;2
1621250864000;11540582;0.86252;0.86264;0.86258;1;T;True;2
1621250865000;11540583;0.86252;0.86264;0.86258;0;T;True;2
1621250866000;11540584;0.86252;0.86264;0.86258;0;T;True;2
1621250867000;11540585;0.86252;0.86264;0.86258;0;T;True;2
1621250868000;11540587;0.86253;0.86265;0.86259;1;T;True;2
1621250869000;11540588;0.86253;0.86265;0.86259;0;T;True;2
1621250870000;11540593;0.86255;0.86267;0.86261;4;T;True;2
1621250871000;11540594;0.86255;0.86267;0.86261;0;T;True;2
1621250872000;11540596;0.86256;0.86268;0.86262;1;T;True;2
1621250873000;11540598;0.86257;0.86269;0.86263;1;T;True;2
1621250874000;11540600;0.86257;0.86269;0.86263;1;T;True;2
1621250875000;11540601;0.86257;0.86269;0.86263;0;T;True;2
1621250876000;11540602;0.86257;0.86269;0.86263;0;T;True;2
1621250877000;11540605;0.86255;0.86267;0.86261;2;T;True;2
1621250878000;11540609;0.86253;0.86265;0.86259;3;T;True;2
1621250879000;11540610;0.86253;0.86265;0.86259;0;T;True;2
1621250880000;11540611;0.86253;0.86265;0.86259;0;T;True;2
1621250881000;11540613;0.86253;0.86265;0.86259;1;T;True;2
1621250882000;11540614;0.86253;0.86265;0.86259;0;T;True;2
1621250883000;11540615;0.86253;0.86265;0.86259;0;T;True;2
1621250884000;11540616;0.86253;0.86265;0.86259;0;T;True;2
1621250885000;11540617;0.86253;0.86265;0.86259;0;T;True;2
1621250886000;11540618;0.86253;0.86265;0.86259;0;T;True;2
1621250887000;11540619;0.86253;0.86265;0.86259;0;T;True;2
1621250888000;11540620;0.86253;0.86265;0.86259;0;T;True;2
1621250889000;11540621;0.86253;0.86265;0.86259;0;T;True;2
1621250890000;11540626;0.86251;0.86263;0.86257;4;T;True;2
1621250891000;11540628;0.86251;0.86263;0.86257;1;T;True;2
1621250892000;11540630;0.86251;0.86263;0.86257;1;T;True;2
1621250893000;11540632;0.86251;0.86263;0.86257;1;T;True;2
1621250894000;11540633;0.86251;0.86263;0.86257;0;T;True;2
1621250895000;11540634;0.86251;0.86263;0.86257;0;T;True;2
1621250896000;11540635;0.86251;0.86263;0.86257;0;T;True;2
1621250897000;11540638;0.86251;0.86263;0.86257;2;T;True;2
1621250898000;11540640;0.86251;0.86263;0.86257;1;T;True;2
1621250899000;11540641;0.86251;0.86263;0.86257;0;T;True;2
1621250900000;11540642;0.86251;0.86263;0.86257;0;T;True;2
1621250901000;11540645;0.86251;0.86263;0.86257;2;T;True;2
1621250902000;11540646;0.86251;0.86263;0.86257;0;T;True;2
1621250903000;11540647;0.86251;0.86263;0.86257;0;T;True;2
1621250904000;11540648;0.86251;0.86263;0.86257;0;T;True;2
1621250905000;11540649;0.86251;0.86263;0.86257;0;T;True;2
1621250906000;11540650;0.86251;0.86263;0.86257;0;T;True;2
1621250907000;11540651;0.86251;0.86263;0.86257;0;T;True;2
1621250908000;11540652;0.86251;0.86263;0.86257;0;T;True;2
1621250909000;11540653;0.86251;0.86263;0.86257;0;T;True;2
1621250910000;11540656;0.86251;0.86263;0.86257;2;T;True;2
1621250911000;11540657;0.86251;0.86263;0.86257;0;T;True;2
1621250912000;11540658;0.86251;0.86263;0.86257;0;T;True;2
1621250913000;11540659;0.86251;0.86263;0.86257;0;T;True;2
1621250914000;11540660;0.86251;0.86263;0.86257;0;T;True;2
1621250915000;11540661;0.86251;0.86263;0.86257;0;T;True;2
1621250916000;11540662;0.86251;0.86263;0.86257;0;T;True;2
1621250917000;11540663;0.86251;0.86263;0.86257;0;T;True;2
1621250918000;11540664;0.86251;0.86263;0.86257;0;T;True;2
1621250919000;11540665;0.86251;0.86263;0.86257;0;T;True;2
1621250920000;11540666;0.86251;0.86263;0.86257;0;T;True;2
1621250921000;11540667;0.86251;0.86263;0.86257;0;T;True;2
1621250922000;11540668;0.86251;0.86263;0.86257;0;T;True;2
1621250923000;11540669;0.86251;0.86263;0.86257;0;T;True;2
1621250924000;11540674;0.86251;0.86263;0.86257;4;T;True;2
1621250925000;11540675;0.86251;0.86263;0.86257;0;T;True;2
1621250926000;11540683;0.86251;0.86263;0.86257;7;T;True;2
1621250927000;11540685;0.86252;0.86264;0.86258;1;T;True;2
1621250928000;11540686;0.86252;0.86264;0.86258;0;T;True;2
1621250929000;11540687;0.86252;0.86264;0.86258;0;T;True;2
1621250930000;11540689;0.86253;0.86265;0.86259;1;T;True;2
1621250931000;11540692;0.86252;0.86264;0.86258;2;T;True;2
1621250932000;11540694;0.86251;0.86263;0.86257;1;T;True;2
1621250933000;11540698;0.86251;0.86263;0.86257;3;T;True;2
1621250934000;11540700;0.86251;0.86263;0.86257;1;T;True;2
1621250935000;11540701;0.86251;0.86263;0.86257;0;T;True;2
1621250936000;11540702;0.86251;0.86263;0.86257;0;T;True;2
1621250937000;11540703;0.86251;0.86263;0.86257;0;T;True;2
1621250938000;11540705;0.86251;0.86263;0.86257;1;T;True;2
1621250939000;11540707;0.8625;0.86262;0.86256;1;T;True;2
1621250940000;11540709;0.86251;0.86263;0.86257;1;T;True;2
1621250941000;11540710;0.86251;0.86263;0.86257;0;T;True;2
1621250942000;11540711;0.86251;0.86263;0.86257;0;T;True;2
1621250943000;11540712;0.86251;0.86263;0.86257;0;T;True;2
1621250944000;11540715;0.86251;0.86263;0.86257;2;T;True;2
1621250945000;11540716;0.86251;0.86263;0.86257;0;T;True;2
1621250946000;11540717;0.86251;0.86263;0.86257;0;T;True;2
1621250947000;11540719;0.86252;0.86264;0.86258;1;T;True;2
1621250948000;11540720;0.86252;0.86264;0.86258;0;T;True;2
1621250949000;11540721;0.86252;0.86264;0.86258;0;T;True;2
1621250950000;11540722;0.86252;0.86264;0.86258;0;T;True;2
1621250951000;11540723;0.86252;0.86264;0.86258;0;T;True;2
1621250952000;11540724;0.86252;0.86264;0.86258;0;T;True;2
1621250953000;11540725;0.86252;0.86264;0.86258;0;T;True;2
1621250954000;11540726;0.86252;0.86264;0.86258;0;T;True;2
1621250955000;11540727;0.86252;0.86264;0.86258;0;T;True;2
1621250956000;11540728;0.86252;0.86264;0.86258;0;T;True;2
1621250957000;11540729;0.86252;0.86264;0.86258;0;T;True;2
1621250958000;11540731;0.86251;0.86263;0.86257;1;T;True;2
1621250959000;11540732;0.86251;0.86263;0.86257;0;T;True;2
1621250960000;11540735;0.86253;0.86265;0.86259;2;T;True;2
1621250961000;11540736;0.86253;0.86265;0.86259;0;T;True;2
1621250962000;11540737;0.86253;0.86265;0.86259;0;T;True;2
1621250963000;11540740;0.86253;0.86265;0.86259;2;T;True;2
1621250964000;11540741;0.86253;0.86265;0.86259;0;T;True;2
1621250965000;11540746;0.86253;0.86265;0.86259;4;T;True;2
1621250966000;11540747;0.86253;0.86265;0.86259;0;T;True;2
1621250967000;11540750;0.86253;0.86265;0.86259;2;T;True;2
1621250968000;11540751;0.86253;0.86265;0.86259;0;T;True;2
1621250969000;11540752;0.86253;0.86265;0.86259;0;T;True;2
1621250970000;11540753;0.86253;0.86265;0.86259;0;T;True;2
1621250971000;11540754;0.86253;0.86265;0.86259;0;T;True;2
1621250972000;11540755;0.86253;0.86265;0.86259;0;T;True;2
1621250973000;11540757;0.86252;0.86264;0.86258;1;T;True;2
1621250974000;11540759;0.86251;0.86263;0.86257;1;T;True;2
1621250975000;11540760;0.86251;0.86263;0.86257;0;T;True;2
1621250976000;11540761;0.86251;0.86263;0.86257;0;T;True;2
1621250977000;11540762;0.86251;0.86263;0.86257;0;T;True;2
1621250978000;11540763;0.86251;0.86263;0.86257;0;T;True;2
1621250979000;11540764;0.86251;0.86263;0.86257;0;T;True;2
1621250980000;11540769;0.86255;0.86267;0.86261;4;T;True;2
1621250981000;11540770;0.86255;0.86267;0.86261;0;T;True;2
1621250982000;11540772;0.86256;0.86268;0.86262;1;T;True;2
1621250983000;11540773;0.86256;0.86268;0.86262;0;T;True;2
1621250984000;11540780;0.86261;0.86273;0.86267;6;T;True;2
1621250985000;11540787;0.86268;0.8628;0.86274;6;T;True;2
1621250986000;11540791;0.86269;0.86281;0.86275;3;T;True;2
1621250987000;11540793;0.86269;0.86281;0.86275;1;T;True;2
1621250988000;11540794;0.86269;0.86281;0.86275;0;T;True;2
1621250989000;11540795;0.86269;0.86281;0.86275;0;T;True;2
1621250990000;11540796;0.86269;0.86281;0.86275;0;T;True;2
1621250991000;11540797;0.86269;0.86281;0.86275;0;T;True;2
1621250992000;11540801;0.86265;0.86277;0.86271;3;T;True;2
1621250993000;11540803;0.86265;0.86277;0.86271;1;T;True;2
1621250994000;11540809;0.86261;0.86273;0.86267;5;T;True;2
1621250995000;11540813;0.86259;0.86271;0.86265;3;T;True;2
1621250996000;11540814;0.86259;0.86271;0.86265;0;T;True;2
1621250997000;11540816;0.86257;0.86269;0.86263;1;T;True;2
1621250998000;11540818;0.86257;0.86269;0.86263;1;T;True;2
1621250999000;11540819;0.86257;0.86269;0.86263;0;T;True;2
1621251000000;11540820;0.86257;0.86269;0.86263;0;T;True;2
1621251001000;11540832;0.86259;0.86271;0.86265;11;T;True;2
1621251002000;11540833;0.86259;0.86271;0.86265;0;T;True;2
1621251003000;11540837;0.86261;0.86273;0.86267;3;T;True;2
1621251004000;11540839;0.86261;0.86273;0.86267;1;T;True;2
1621251005000;11540840;0.86261;0.86273;0.86267;0;T;True;2
1621251006000;11540843;0.86261;0.86273;0.86267;2;T;True;2
1621251007000;11540844;0.86261;0.86273;0.86267;0;T;True;2
1621251008000;11540848;0.8626;0.86272;0.86266;3;T;True;2
1621251009000;11540849;0.8626;0.86272;0.86266;0;T;True;2
1621251010000;11540850;0.8626;0.86272;0.86266;0;T;True;2
1621251011000;11540851;0.8626;0.86272;0.86266;0;T;True;2
1621251012000;11540852;0.8626;0.86272;0.86266;0;T;True;2
1621251013000;11540853;0.8626;0.86272;0.86266;0;T;True;2
1621251014000;11540855;0.8626;0.86272;0.86266;1;T;True;2
1621251015000;11540857;0.8626;0.86272;0.86266;1;T;True;2
1621251016000;11540858;0.8626;0.86272;0.86266;0;T;True;2
1621251017000;11540859;0.8626;0.86272;0.86266;0;T;True;2
1621251018000;11540861;0.86261;0.86273;0.86267;1;T;True;2
1621251019000;11540864;0.86261;0.86273;0.86267;2;T;True;2
1621251020000;11540865;0.86261;0.86273;0.86267;0;T;True;2
1621251021000;11540866;0.86261;0.86273;0.86267;0;T;True;2
1621251022000;11540867;0.86261;0.86273;0.86267;0;T;True;2
1621251023000;11540868;0.86261;0.86273;0.86267;0;T;True;2
1621251024000;11540869;0.86261;0.86273;0.86267;0;T;True;2
1621251025000;11540870;0.86261;0.86273;0.86267;0;T;True;2
1621251026000;11540871;0.86261;0.86273;0.86267;0;T;True;2
1621251027000;11540872;0.86261;0.86273;0.86267;0;T;True;2
1621251028000;11540873;0.86261;0.86273;0.86267;0;T;True;2
1621251029000;11540874;0.86261;0.86273;0.86267;0;T;True;2
1621251030000;11540875;0.86261;0.86273;0.86267;0;T;True;2
1621251031000;11540876;0.86261;0.86273;0.86267;0;T;True;2
1621251032000;11540878;0.86262;0.86274;0.86268;1;T;True;2
1621251033000;11540879;0.86262;0.86274;0.86268;0;T;True;2
1621251034000;11540882;0.86261;0.86273;0.86267;2;T;True;2
1621251035000;11540884;0.86259;0.86271;0.86265;1;T;True;2
1621251036000;11540890;0.86257;0.86269;0.86263;5;T;True;2
1621251037000;11540891;0.86257;0.86269;0.86263;0;T;True;2
1621251038000;11540892;0.86257;0.86269;0.86263;0;T;True;2
1621251039000;11540893;0.86257;0.86269;0.86263;0;T;True;2
1621251040000;11540895;0.86257;0.86269;0.86263;1;T;True;2
1621251041000;11540897;0.86256;0.86268;0.86262;1;T;True;2
1621251042000;11540900;0.86254;0.86266;0.8626;2;T;True;2
1621251043000;11540901;0.86254;0.86266;0.8626;0;T;True;2
1621251044000;11540904;0.86253;0.86265;0.86259;2;T;True;2
1621251045000;11540905;0.86253;0.86265;0.86259;0;T;True;2
1621251046000;11540906;0.86253;0.86265;0.86259;0;T;True;2
1621251047000;11540912;0.86253;0.86265;0.86259;5;T;True;2
1621251048000;11540913;0.86253;0.86265;0.86259;0;T;True;2
1621251049000;11540914;0.86253;0.86265;0.86259;0;T;True;2
1621251050000;11540915;0.86253;0.86265;0.86259;0;T;True;2
1621251051000;11540918;0.86253;0.86265;0.86259;2;T;True;2
1621251052000;11540923;0.86251;0.86263;0.86257;4;T;True;2
1621251053000;11540924;0.86251;0.86263;0.86257;0;T;True;2
1621251054000;11540925;0.86251;0.86263;0.86257;0;T;True;2
1621251055000;11540926;0.86251;0.86263;0.86257;0;T;True;2
1621251056000;11540927;0.86251;0.86263;0.86257;0;T;True;2
1621251057000;11540928;0.86251;0.86263;0.86257;0;T;True;2
1621251058000;11540929;0.86251;0.86263;0.86257;0;T;True;2
1621251059000;11540931;0.86251;0.86263;0.86257;1;T;True;2
1621251060000;11540935;0.86251;0.86263;0.86257;3;T;True;2
1621251061000;11540937;0.86251;0.86263;0.86257;1;T;True;2
1621251062000;11540939;0.86251;0.86263;0.86257;1;T;True;2
1621251063000;11540940;0.86251;0.86263;0.86257;0;T;True;2
1621251064000;11540948;0.86251;0.86263;0.86257;7;T;True;2
1621251065000;11540950;0.86251;0.86263;0.86257;1;T;True;2
1621251066000;11540951;0.86251;0.86263;0.86257;0;T;True;2
1621251067000;11540952;0.86251;0.86263;0.86257;0;T;True;2
1621251068000;11540953;0.86251;0.86263;0.86257;0;T;True;2
1621251069000;11540954;0.86251;0.86263;0.86257;0;T;True;2
1621251070000;11540955;0.86251;0.86263;0.86257;0;T;True;2
1621251071000;11540959;0.86251;0.86263;0.86257;3;T;True;2
1621251072000;11540962;0.86251;0.86263;0.86257;2;T;True;2
1621251073000;11540965;0.86251;0.86263;0.86257;2;T;True;2
1621251074000;11540966;0.86251;0.86263;0.86257;0;T;True;2
1621251075000;11540968;0.86251;0.86263;0.86257;1;T;True;2
1621251076000;11540969;0.86251;0.86263;0.86257;0;T;True;2
1621251077000;11540971;0.86251;0.86263;0.86257;1;T;True;2
1621251078000;11540972;0.86251;0.86263;0.86257;0;T;True;2
1621251079000;11540973;0.86251;0.86263;0.86257;0;T;True;2
1621251080000;11540976;0.86253;0.86265;0.86259;2;T;True;2
1621251081000;11540977;0.86253;0.86265;0.86259;0;T;True;2
1621251082000;11540981;0.86253;0.86265;0.86259;3;T;True;2
1621251083000;11540987;0.86251;0.86263;0.86257;5;T;True;2
1621251084000;11540990;0.86252;0.86264;0.86258;2;T;True;2
1621251085000;11540991;0.86252;0.86264;0.86258;0;T;True;2
1621251086000;11540992;0.86252;0.86264;0.86258;0;T;True;2
1621251087000;11540999;0.86257;0.86269;0.86263;6;T;True;2
1621251088000;11541005;0.86256;0.86268;0.86262;5;T;True;2
1621251089000;11541006;0.86256;0.86268;0.86262;0;T;True;2
1621251090000;11541007;0.86256;0.86268;0.86262;0;T;True;2
1621251091000;11541008;0.86256;0.86268;0.86262;0;T;True;2
1621251092000;11541009;0.86256;0.86268;0.86262;0;T;True;2
1621251093000;11541014;0.86255;0.86267;0.86261;4;T;True;2
1621251094000;11541016;0.86255;0.86267;0.86261;1;T;True;2
1621251095000;11541017;0.86255;0.86267;0.86261;0;T;True;2
1621251096000;11541021;0.86255;0.86267;0.86261;3;T;True;2
1621251097000;11541022;0.86255;0.86267;0.86261;0;T;True;2
1621251098000;11541023;0.86255;0.86267;0.86261;0;T;True;2
1621251099000;11541024;0.86255;0.86267;0.86261;0;T;True;2
1621251100000;11541025;0.86255;0.86267;0.86261;0;T;True;2
1621251101000;11541026;0.86255;0.86267;0.86261;0;T;True;2
1621251102000;11541027;0.86255;0.86267;0.86261;0;T;True;2
1621251103000;11541029;0.86255;0.86267;0.86261;1;T;True;2
1621251104000;11541030;0.86255;0.86267;0.86261;0;T;True;2
1621251105000;11541032;0.86255;0.86267;0.86261;1;T;True;2
1621251106000;11541033;0.86255;0.86267;0.86261;0;T;True;2
1621251107000;11541034;0.86255;0.86267;0.86261;0;T;True;2
1621251108000;11541037;0.86257;0.86269;0.86263;2;T;True;2
1621251109000;11541039;0.86255;0.86267;0.86261;1;T;True;2
1621251110000;11541042;0.86255;0.86267;0.86261;2;T;True;2
1621251111000;11541044;0.86255;0.86267;0.86261;1;T;True;2
1621251112000;11541046;0.86255;0.86267;0.86261;1;T;True;2
1621251113000;11541049;0.86253;0.86265;0.86259;2;T;True;2
1621251114000;11541050;0.86253;0.86265;0.86259;0;T;True;2
1621251115000;11541054;0.86255;0.86267;0.86261;3;T;True;2
1621251116000;11541055;0.86255;0.86267;0.86261;0;T;True;2
1621251117000;11541056;0.86255;0.86267;0.86261;0;T;True;2
1621251118000;11541058;0.86255;0.86267;0.86261;1;T;True;2
1621251119000;11541059;0.86255;0.86267;0.86261;0;T;True;2
1621251120000;11541060;0.86255;0.86267;0.86261;0;T;True;2
1621251121000;11541061;0.86255;0.86267;0.86261;0;T;True;2
1621251122000;11541062;0.86255;0.86267;0.86261;0;T;True;2
1621251123000;11541066;0.86257;0.86269;0.86263;3;T;True;2
1621251124000;11541071;0.86251;0.86263;0.86257;4;T;True;2
1621251125000;11541073;0.86253;0.86265;0.86259;1;T;True;2
1621251126000;11541075;0.86253;0.86265;0.86259;1;T;True;2
1621251127000;11541077;0.86253;0.86265;0.86259;1;T;True;2
1621251128000;11541080;0.86251;0.86263;0.86257;2;T;True;2
1621251129000;11541083;0.86251;0.86263;0.86257;2;T;True;2
1621251130000;11541086;0.86247;0.86259;0.86253;2;T;True;2
1621251131000;11541087;0.86247;0.86259;0.86253;0;T;True;2
1621251132000;11541088;0.86247;0.86259;0.86253;0;T;True;2
1621251133000;11541092;0.86249;0.86261;0.86255;3;T;True;2
1621251134000;11541095;0.8625;0.86262;0.86256;2;T;True;2
1621251135000;11541096;0.8625;0.86262;0.86256;0;T;True;2
1621251136000;11541097;0.8625;0.86262;0.86256;0;T;True;2
1621251137000;11541098;0.8625;0.86262;0.86256;0;T;True;2
1621251138000;11541099;0.8625;0.86262;0.86256;0;T;True;2
1621251139000;11541100;0.8625;0.86262;0.86256;0;T;True;2
1621251140000;11541101;0.8625;0.86262;0.86256;0;T;True;2
1621251141000;11541102;0.8625;0.86262;0.86256;0;T;True;2
1621251142000;11541104;0.8625;0.86262;0.86256;1;T;True;2
1621251143000;11541108;0.86251;0.86263;0.86257;3;T;True;2
1621251144000;11541110;0.86251;0.86263;0.86257;1;T;True;2
1621251145000;11541111;0.86251;0.86263;0.86257;0;T;True;2
1621251146000;11541112;0.86251;0.86263;0.86257;0;T;True;2
1621251147000;11541114;0.86251;0.86263;0.86257;1;T;True;2
1621251148000;11541115;0.86251;0.86263;0.86257;0;T;True;2
1621251149000;11541116;0.86251;0.86263;0.86257;0;T;True;2
1621251150000;11541117;0.86251;0.86263;0.86257;0;T;True;2
1621251151000;11541118;0.86251;0.86263;0.86257;0;T;True;2
1621251152000;11541119;0.86251;0.86263;0.86257;0;T;True;2
1621251153000;11541123;0.8625;0.86262;0.86256;3;T;True;2
1621251154000;11541125;0.86249;0.86261;0.86255;1;T;True;2
1621251155000;11541127;0.86248;0.8626;0.86254;1;T;True;2
1621251156000;11541128;0.86248;0.8626;0.86254;0;T;True;2
1621251157000;11541129;0.86248;0.8626;0.86254;0;T;True;2
1621251158000;11541130;0.86248;0.8626;0.86254;0;T;True;2
1621251159000;11541131;0.86248;0.8626;0.86254;0;T;True;2
1621251160000;11541132;0.86248;0.8626;0.86254;0;T;True;2
1621251161000;11541133;0.86248;0.8626;0.86254;0;T;True;2
1621251162000;11541134;0.86248;0.8626;0.86254;0;T;True;2
1621251163000;11541137;0.86248;0.8626;0.86254;2;T;True;2
1621251164000;11541138;0.86248;0.8626;0.86254;0;T;True;2
1621251165000;11541139;0.86248;0.8626;0.86254;0;T;True;2
1621251166000;11541141;0.86249;0.86261;0.86255;1;T;True;2
1621251167000;11541142;0.86249;0.86261;0.86255;0;T;True;2
1621251168000;11541143;0.86249;0.86261;0.86255;0;T;True;2
1621251169000;11541145;0.86248;0.8626;0.86254;1;T;True;2
1621251170000;11541146;0.86248;0.8626;0.86254;0;T;True;2
1621251171000;11541147;0.86248;0.8626;0.86254;0;T;True;2
1621251172000;11541148;0.86248;0.8626;0.86254;0;T;True;2
1621251173000;11541149;0.86248;0.8626;0.86254;0;T;True;2
1621251174000;11541150;0.86248;0.8626;0.86254;0;T;True;2
1621251175000;11541151;0.86248;0.8626;0.86254;0;T;True;2
1621251176000;11541152;0.86248;0.8626;0.86254;0;T;True;2
1621251177000;11541153;0.86248;0.8626;0.86254;0;T;True;2
1621251178000;11541156;0.86247;0.86259;0.86253;2;T;True;2
1621251179000;11541158;0.86247;0.86259;0.86253;1;T;True;2
1621251180000;11541159;0.86247;0.86259;0.86253;0;T;True;2
1621251181000;11541162;0.86247;0.86259;0.86253;2;T;True;2
1621251182000;11541165;0.86247;0.86259;0.86253;2;T;True;2
1621251183000;11541166;0.86247;0.86259;0.86253;0;T;True;2
1621251184000;11541169;0.86246;0.86258;0.86252;2;T;True;2
1621251185000;11541170;0.86246;0.86258;0.86252;0;T;True;2
1621251186000;11541171;0.86246;0.86258;0.86252;0;T;True;2
1621251187000;11541175;0.86245;0.86257;0.86251;3;T;True;2
1621251188000;11541176;0.86245;0.86257;0.86251;0;T;True;2
1621251189000;11541178;0.86245;0.86257;0.86251;1;T;True;2
1621251190000;11541179;0.86245;0.86257;0.86251;0;T;True;2
1621251191000;11541180;0.86245;0.86257;0.86251;0;T;True;2
1621251192000;11541182;0.86245;0.86257;0.86251;1;T;True;2
1621251193000;11541183;0.86245;0.86257;0.86251;0;T;True;2
1621251194000;11541184;0.86245;0.86257;0.86251;0;T;True;2
1621251195000;11541186;0.86245;0.86257;0.86251;1;T;True;2
1621251196000;11541187;0.86245;0.86257;0.86251;0;T;True;2
1621251197000;11541188;0.86245;0.86257;0.86251;0;T;True;2
1621251198000;11541190;0.86245;0.86257;0.86251;1;T;True;2
1621251199000;11541191;0.86245;0.86257;0.86251;0;T;True;2
1621251200000;11541192;0.86245;0.86257;0.86251;0;T;True;2
1621251201000;11541193;0.86245;0.86257;0.86251;0;T;True;2
1621251202000;11541194;0.86245;0.86257;0.86251;0;T;True;2
1621251203000;11541195;0.86245;0.86257;0.86251;0;T;True;2
1621251204000;11541197;0.86245;0.86257;0.86251;1;T;True;2
1621251205000;11541198;0.86245;0.86257;0.86251;0;T;True;2
1621251206000;11541199;0.86245;0.86257;0.86251;0;T;True;2
1621251207000;11541201;0.86245;0.86257;0.86251;1;T;True;2
1621251208000;11541203;0.86245;0.86257;0.86251;1;T;True;2
1621251209000;11541204;0.86245;0.86257;0.86251;0;T;True;2
1621251210000;11541205;0.86245;0.86257;0.86251;0;T;True;2
1621251211000;11541208;0.86243;0.86255;0.86249;2;T;True;2
1621251212000;11541212;0.86241;0.86253;0.86247;3;T;True;2
1621251213000;11541220;0.86237;0.86249;0.86243;7;T;True;2
1621251214000;11541222;0.86237;0.86249;0.86243;1;T;True;2
1621251215000;11541225;0.86237;0.86249;0.86243;2;T;True;2
1621251216000;11541226;0.86237;0.86249;0.86243;0;T;True;2
1621251217000;11541228;0.86237;0.86249;0.86243;1;T;True;2
1621251218000;11541229;0.86237;0.86249;0.86243;0;T;True;2
1621251219000;11541230;0.86237;0.86249;0.86243;0;T;True;2
1621251220000;11541231;0.86237;0.86249;0.86243;0;T;True;2
1621251221000;11541232;0.86237;0.86249;0.86243;0;T;True;2
1621251222000;11541233;0.86237;0.86249;0.86243;0;T;True;2
1621251223000;11541234;0.86237;0.86249;0.86243;0;T;True;2
1621251224000;11541235;0.86237;0.86249;0.86243;0;T;True;2
1621251225000;11541236;0.86237;0.86249;0.86243;0;T;True;2
1621251226000;11541237;0.86237;0.86249;0.86243;0;T;True;2
1621251227000;11541238;0.86237;0.86249;0.86243;0;T;True;2
1621251228000;11541239;0.86237;0.86249;0.86243;0;T;True;2
1621251229000;11541240;0.86237;0.86249;0.86243;0;T;True;2
1621251230000;11541243;0.86236;0.86248;0.86242;2;T;True;2
1621251231000;11541244;0.86236;0.86248;0.86242;0;T;True;2
1621251232000;11541248;0.86235;0.86247;0.86241;3;T;True;2
1621251233000;11541249;0.86235;0.86247;0.86241;0;T;True;2
1621251234000;11541250;0.86235;0.86247;0.86241;0;T;True;2
1621251235000;11541252;0.86236;0.86248;0.86242;1;T;True;2
1621251236000;11541254;0.86235;0.86247;0.86241;1;T;True;2
1621251237000;11541257;0.86235;0.86247;0.86241;2;T;True;2
1621251238000;11541264;0.86235;0.86247;0.86241;6;T;True;2
1621251239000;11541265;0.86235;0.86247;0.86241;0;T;True;2
1621251240000;11541267;0.86235;0.86247;0.86241;1;T;True;2
1621251241000;11541269;0.86235;0.86247;0.86241;1;T;True;2
1621251242000;11541271;0.86235;0.86247;0.86241;1;T;True;2
1621251243000;11541273;0.86235;0.86247;0.86241;1;T;True;2
1621251244000;11541274;0.86235;0.86247;0.86241;0;T;True;2
1621251245000;11541277;0.86235;0.86247;0.86241;2;T;True;2
1621251246000;11541280;0.86235;0.86247;0.86241;2;T;True;2
1621251247000;11541281;0.86235;0.86247;0.86241;0;T;True;2
1621251248000;11541283;0.86235;0.86247;0.86241;1;T;True;2
1621251249000;11541289;0.86237;0.86249;0.86243;5;T;True;2
1621251250000;11541292;0.86236;0.86248;0.86242;2;T;True;2
1621251251000;11541293;0.86236;0.86248;0.86242;0;T;True;2
1621251252000;11541294;0.86236;0.86248;0.86242;0;T;True;2
1621251253000;11541298;0.86236;0.86248;0.86242;3;T;True;2
1621251254000;11541299;0.86236;0.86248;0.86242;0;T;True;2
1621251255000;11541301;0.86236;0.86248;0.86242;1;T;True;2
1621251256000;11541302;0.86236;0.86248;0.86242;0;T;True;2
1621251257000;11541303;0.86236;0.86248;0.86242;0;T;True;2
1621251258000;11541304;0.86236;0.86248;0.86242;0;T;True;2
1621251259000;11541305;0.86236;0.86248;0.86242;0;T;True;2
1621251260000;11541306;0.86236;0.86248;0.86242;0;T;True;2
1621251261000;11541308;0.86236;0.86248;0.86242;1;T;True;2
1621251262000;11541309;0.86236;0.86248;0.86242;0;T;True;2
1621251263000;11541311;0.86236;0.86248;0.86242;1;T;True;2
1621251264000;11541312;0.86236;0.86248;0.86242;0;T;True;2
1621251265000;11541317;0.86235;0.86247;0.86241;4;T;True;2
1621251266000;11541319;0.86235;0.86247;0.86241;1;T;True;2
1621251267000;11541320;0.86235;0.86247;0.86241;0;T;True;2
1621251268000;11541322;0.86235;0.86247;0.86241;1;T;True;2
1621251269000;11541323;0.86235;0.86247;0.86241;0;T;True;2
1621251270000;11541324;0.86235;0.86247;0.86241;0;T;True;2
1621251271000;11541327;0.86235;0.86247;0.86241;2;T;True;2
1621251272000;11541329;0.86235;0.86247;0.86241;1;T;True;2
1621251273000;11541330;0.86235;0.86247;0.86241;0;T;True;2
1621251274000;11541331;0.86235;0.86247;0.86241;0;T;True;2
1621251275000;11541332;0.86235;0.86247;0.86241;0;T;True;2
1621251276000;11541333;0.86235;0.86247;0.86241;0;T;True;2
1621251277000;11541334;0.86235;0.86247;0.86241;0;T;True;2
1621251278000;11541335;0.86235;0.86247;0.86241;0;T;True;2
1621251279000;11541336;0.86235;0.86247;0.86241;0;T;True;2
1621251280000;11541337;0.86235;0.86247;0.86241;0;T;True;2
1621251281000;11541338;0.86235;0.86247;0.86241;0;T;True;2
1621251282000;11541339;0.86235;0.86247;0.86241;0;T;True;2
1621251283000;11541340;0.86235;0.86247;0.86241;0;T;True;2
1621251284000;11541342;0.86235;0.86247;0.86241;1;T;True;2
1621251285000;11541345;0.86235;0.86247;0.86241;2;T;True;2
1621251286000;11541347;0.86235;0.86247;0.86241;1;T;True;2
1621251287000;11541349;0.86235;0.86247;0.86241;1;T;True;2
1621251288000;11541350;0.86235;0.86247;0.86241;0;T;True;2
1621251289000;11541351;0.86235;0.86247;0.86241;0;T;True;2
1621251290000;11541353;0.86235;0.86247;0.86241;1;T;True;2
1621251291000;11541356;0.86235;0.86247;0.86241;2;T;True;2
1621251292000;11541358;0.86235;0.86247;0.86241;1;T;True;2
1621251293000;11541359;0.86235;0.86247;0.86241;0;T;True;2
1621251294000;11541362;0.86236;0.86248;0.86242;2;T;True;2
1621251295000;11541367;0.86237;0.86249;0.86243;4;T;True;2
1621251296000;11541368;0.86237;0.86249;0.86243;0;T;True;2
1621251297000;11541369;0.86237;0.86249;0.86243;0;T;True;2
1621251298000;11541370;0.86237;0.86249;0.86243;0;T;True;2
1621251299000;11541371;0.86237;0.86249;0.86243;0;T;True;2
1621251300000;11541372;0.86237;0.86249;0.86243;0;T;True;2
1621251301000;11541373;0.86237;0.86249;0.86243;0;T;True;2
1621251302000;11541374;0.86237;0.86249;0.86243;0;T;True;2
1621251303000;11541376;0.86237;0.86249;0.86243;1;T;True;2
1621251304000;11541377;0.86237;0.86249;0.86243;0;T;True;2
1621251305000;11541378;0.86237;0.86249;0.86243;0;T;True;2
1621251306000;11541379;0.86237;0.86249;0.86243;0;T;True;2
1621251307000;11541380;0.86237;0.86249;0.86243;0;T;True;2
1621251308000;11541381;0.86237;0.86249;0.86243;0;T;True;2
1621251309000;11541383;0.86237;0.86249;0.86243;1;T;True;2
1621251310000;11541384;0.86237;0.86249;0.86243;0;T;True;2
1621251311000;11541385;0.86237;0.86249;0.86243;0;T;True;2
1621251312000;11541386;0.86237;0.86249;0.86243;0;T;True;2
1621251313000;11541387;0.86237;0.86249;0.86243;0;T;True;2
1621251314000;11541388;0.86237;0.86249;0.86243;0;T;True;2
1621251315000;11541389;0.86237;0.86249;0.86243;0;T;True;2
1621251316000;11541390;0.86237;0.86249;0.86243;0;T;True;2
1621251317000;11541392;0.86235;0.86247;0.86241;1;T;True;2
1621251318000;11541393;0.86235;0.86247;0.86241;0;T;True;2
1621251319000;11541395;0.86234;0.86246;0.8624;1;T;True;2
1621251320000;11541398;0.86233;0.86245;0.86239;2;T;True;2
1621251321000;11541399;0.86233;0.86245;0.86239;0;T;True;2
1621251322000;11541400;0.86233;0.86245;0.86239;0;T;True;2
1621251323000;11541401;0.86233;0.86245;0.86239;0;T;True;2
1621251324000;11541402;0.86233;0.86245;0.86239;0;T;True;2
1621251325000;11541403;0.86233;0.86245;0.86239;0;T;True;2
1621251326000;11541404;0.86233;0.86245;0.86239;0;T;True;2
1621251327000;11541405;0.86233;0.86245;0.86239;0;T;True;2
1621251328000;11541408;0.86232;0.86244;0.86238;2;T;True;2
1621251329000;11541413;0.86231;0.86243;0.86237;4;T;True;2
1621251330000;11541418;0.86232;0.86244;0.86238;4;T;True;2
1621251331000;11541420;0.86232;0.86244;0.86238;1;T;True;2
1621251332000;11541422;0.86232;0.86244;0.86238;1;T;True;2
1621251333000;11541424;0.86232;0.86244;0.86238;1;T;True;2
1621251334000;11541426;0.86232;0.86244;0.86238;1;T;True;2
1621251335000;11541427;0.86232;0.86244;0.86238;0;T;True;2
1621251336000;11541429;0.86232;0.86244;0.86238;1;T;True;2
1621251337000;11541430;0.86232;0.86244;0.86238;0;T;True;2
1621251338000;11541431;0.86232;0.86244;0.86238;0;T;True;2
1621251339000;11541433;0.86232;0.86244;0.86238;1;T;True;2
1621251340000;11541434;0.86232;0.86244;0.86238;0;T;True;2
1621251341000;11541436;0.86232;0.86244;0.86238;1;T;True;2
1621251342000;11541437;0.86232;0.86244;0.86238;0;T;True;2
1621251343000;11541438;0.86232;0.86244;0.86238;0;T;True;2
1621251344000;11541439;0.86232;0.86244;0.86238;0;T;True;2
1621251345000;11541441;0.86232;0.86244;0.86238;1;T;True;2
1621251346000;11541442;0.86232;0.86244;0.86238;0;T;True;2
1621251347000;11541443;0.86232;0.86244;0.86238;0;T;True;2
1621251348000;11541444;0.86232;0.86244;0.86238;0;T;True;2
1621251349000;11541445;0.86232;0.86244;0.86238;0;T;True;2
1621251350000;11541447;0.86233;0.86245;0.86239;1;T;True;2
1621251351000;11541448;0.86233;0.86245;0.86239;0;T;True;2
1621251352000;11541449;0.86233;0.86245;0.86239;0;T;True;2
1621251353000;11541450;0.86233;0.86245;0.86239;0;T;True;2
1621251354000;11541451;0.86233;0.86245;0.86239;0;T;True;2
1621251355000;11541452;0.86233;0.86245;0.86239;0;T;True;2
1621251356000;11541453;0.86233;0.86245;0.86239;0;T;True;2
1621251357000;11541454;0.86233;0.86245;0.86239;0;T;True;2
1621251358000;11541455;0.86233;0.86245;0.86239;0;T;True;2
1621251359000;11541456;0.86233;0.86245;0.86239;0;T;True;2
1621251360000;11541459;0.86233;0.86245;0.86239;2;T;True;2
1621251361000;11541460;0.86233;0.86245;0.86239;0;T;True;2
1621251362000;11541461;0.86233;0.86245;0.86239;0;T;True;2
1621251363000;11541462;0.86233;0.86245;0.86239;0;T;True;2
1621251364000;11541463;0.86233;0.86245;0.86239;0;T;True;2
1621251365000;11541464;0.86233;0.86245;0.86239;0;T;True;2
1621251366000;11541465;0.86233;0.86245;0.86239;0;T;True;2
1621251367000;11541466;0.86233;0.86245;0.86239;0;T;True;2
1621251368000;11541467;0.86233;0.86245;0.86239;0;T;True;2
1621251369000;11541468;0.86233;0.86245;0.86239;0;T;True;2
1621251370000;11541482;0.86236;0.86248;0.86242;13;T;True;2
1621251371000;11541487;0.86236;0.86248;0.86242;4;T;True;2
1621251372000;11541494;0.86238;0.8625;0.86244;6;T;True;2
1621251373000;11541500;0.86241;0.86253;0.86247;5;T;True;2
1621251374000;11541502;0.86241;0.86253;0.86247;1;T;True;2
1621251375000;11541505;0.86241;0.86253;0.86247;2;T;True;2
1621251376000;11541507;0.86241;0.86253;0.86247;1;T;True;2
1621251377000;11541509;0.86241;0.86253;0.86247;1;T;True;2
1621251378000;11541514;0.8624;0.86252;0.86246;4;T;True;2
1621251379000;11541515;0.8624;0.86252;0.86246;0;T;True;2
1621251380000;11541516;0.8624;0.86252;0.86246;0;T;True;2
1621251381000;11541522;0.86237;0.86249;0.86243;5;T;True;2
1621251382000;11541525;0.86237;0.86249;0.86243;2;T;True;2
1621251383000;11541526;0.86237;0.86249;0.86243;0;T;True;2
1621251384000;11541527;0.86237;0.86249;0.86243;0;T;True;2
1621251385000;11541528;0.86237;0.86249;0.86243;0;T;True;2
1621251386000;11541529;0.86237;0.86249;0.86243;0;T;True;2
1621251387000;11541534;0.86235;0.86247;0.86241;4;T;True;2
1621251388000;11541539;0.86239;0.86251;0.86245;4;T;True;2
1621251389000;11541546;0.86239;0.86251;0.86245;6;T;True;2
1621251390000;11541551;0.8624;0.86252;0.86246;4;T;True;2
1621251391000;11541556;0.86241;0.86253;0.86247;4;T;True;2
1621251392000;11541560;0.86241;0.86253;0.86247;3;T;True;2
1621251393000;11541563;0.86241;0.86253;0.86247;2;T;True;2
1621251394000;11541565;0.86241;0.86253;0.86247;1;T;True;2
1621251395000;11541566;0.86241;0.86253;0.86247;0;T;True;2
1621251396000;11541567;0.86241;0.86253;0.86247;0;T;True;2
1621251397000;11541568;0.86241;0.86253;0.86247;0;T;True;2
1621251398000;11541569;0.86241;0.86253;0.86247;0;T;True;2
1621251399000;11541572;0.86241;0.86253;0.86247;2;T;True;2
1621251400000;11541573;0.86241;0.86253;0.86247;0;T;True;2
1621251401000;11541574;0.86241;0.86253;0.86247;0;T;True;2
1621251402000;11541575;0.86241;0.86253;0.86247;0;T;True;2
1621251403000;11541576;0.86241;0.86253;0.86247;0;T;True;2
1621251404000;11541577;0.86241;0.86253;0.86247;0;T;True;2
1621251405000;11541578;0.86241;0.86253;0.86247;0;T;True;2
1621251406000;11541579;0.86241;0.86253;0.86247;0;T;True;2
1621251407000;11541580;0.86241;0.86253;0.86247;0;T;True;2
1621251408000;11541583;0.86241;0.86253;0.86247;2;T;True;2
1621251409000;11541584;0.86241;0.86253;0.86247;0;T;True;2
1621251410000;11541585;0.86241;0.86253;0.86247;0;T;True;2
1621251411000;11541587;0.86241;0.86253;0.86247;1;T;True;2
1621251412000;11541588;0.86241;0.86253;0.86247;0;T;True;2
1621251413000;11541589;0.86241;0.86253;0.86247;0;T;True;2
1621251414000;11541590;0.86241;0.86253;0.86247;0;T;True;2
1621251415000;11541591;0.86241;0.86253;0.86247;0;T;True;2
1621251416000;11541592;0.86241;0.86253;0.86247;0;T;True;2
1621251417000;11541593;0.86241;0.86253;0.86247;0;T;True;2
1621251418000;11541594;0.86241;0.86253;0.86247;0;T;True;2
1621251419000;11541595;0.86241;0.86253;0.86247;0;T;True;2
1621251420000;11541596;0.86241;0.86253;0.86247;0;T;True;2
1621251421000;11541599;0.8624;0.86252;0.86246;2;T;True;2
1621251422000;11541600;0.8624;0.86252;0.86246;0;T;True;2
1621251423000;11541601;0.8624;0.86252;0.86246;0;T;True;2
1621251424000;11541602;0.8624;0.86252;0.86246;0;T;True;2
1621251425000;11541607;0.86239;0.86251;0.86245;4;T;True;2
1621251426000;11541609;0.86239;0.86251;0.86245;1;T;True;2
1621251427000;11541613;0.86239;0.86251;0.86245;3;T;True;2
1621251428000;11541614;0.86239;0.86251;0.86245;0;T;True;2
1621251429000;11541621;0.86235;0.86247;0.86241;6;T;True;2
1621251430000;11541623;0.86235;0.86247;0.86241;1;T;True;2
1621251431000;11541625;0.86235;0.86247;0.86241;1;T;True;2
1621251432000;11541626;0.86235;0.86247;0.86241;0;T;True;2
1621251433000;11541627;0.86235;0.86247;0.86241;0;T;True;2
1621251434000;11541628;0.86235;0.86247;0.86241;0;T;True;2
1621251435000;11541629;0.86235;0.86247;0.86241;0;T;True;2
1621251436000;11541633;0.86235;0.86247;0.86241;3;T;True;2
1621251437000;11541634;0.86235;0.86247;0.86241;0;T;True;2
1621251438000;11541636;0.86235;0.86247;0.86241;1;T;True;2
1621251439000;11541637;0.86235;0.86247;0.86241;0;T;True;2
1621251440000;11541642;0.86238;0.8625;0.86244;4;T;True;2
1621251441000;11541646;0.86238;0.8625;0.86244;3;T;True;2
1621251442000;11541648;0.86237;0.86249;0.86243;1;T;True;2
1621251443000;11541651;0.86236;0.86248;0.86242;2;T;True;2
1621251444000;11541654;0.86235;0.86247;0.86241;2;T;True;2
1621251445000;11541655;0.86235;0.86247;0.86241;0;T;True;2
1621251446000;11541656;0.86235;0.86247;0.86241;0;T;True;2
1621251447000;11541659;0.86237;0.86249;0.86243;2;T;True;2
1621251448000;11541662;0.86235;0.86247;0.86241;2;T;True;2
1621251449000;11541663;0.86235;0.86247;0.86241;0;T;True;2
1621251450000;11541664;0.86235;0.86247;0.86241;0;T;True;2
1621251451000;11541665;0.86235;0.86247;0.86241;0;T;True;2
1621251452000;11541666;0.86235;0.86247;0.86241;0;T;True;2
1621251453000;11541668;0.86234;0.86246;0.8624;1;T;True;2
1621251454000;11541669;0.86234;0.86246;0.8624;0;T;True;2
1621251455000;11541671;0.86234;0.86246;0.8624;1;T;True;2
1621251456000;11541672;0.86234;0.86246;0.8624;0;T;True;2
1621251457000;11541674;0.86232;0.86244;0.86238;1;T;True;2
1621251458000;11541675;0.86232;0.86244;0.86238;0;T;True;2
1621251459000;11541677;0.86231;0.86243;0.86237;1;T;True;2
1621251460000;11541680;0.86229;0.86241;0.86235;2;T;True;2
1621251461000;11541682;0.86229;0.86241;0.86235;1;T;True;2
1621251462000;11541683;0.86229;0.86241;0.86235;0;T;True;2
1621251463000;11541684;0.86229;0.86241;0.86235;0;T;True;2
1621251464000;11541685;0.86229;0.86241;0.86235;0;T;True;2
1621251465000;11541686;0.86229;0.86241;0.86235;0;T;True;2
1621251466000;11541687;0.86229;0.86241;0.86235;0;T;True;2
1621251467000;11541688;0.86229;0.86241;0.86235;0;T;True;2
1621251468000;11541689;0.86229;0.86241;0.86235;0;T;True;2
1621251469000;11541691;0.86229;0.86241;0.86235;1;T;True;2
1621251470000;11541693;0.86229;0.86241;0.86235;1;T;True;2
1621251471000;11541694;0.86229;0.86241;0.86235;0;T;True;2
1621251472000;11541695;0.86229;0.86241;0.86235;0;T;True;2
1621251473000;11541696;0.86229;0.86241;0.86235;0;T;True;2
1621251474000;11541697;0.86229;0.86241;0.86235;0;T;True;2
1621251475000;11541698;0.86229;0.86241;0.86235;0;T;True;2
1621251476000;11541700;0.86229;0.86241;0.86235;1;T;True;2
1621251477000;11541701;0.86229;0.86241;0.86235;0;T;True;2
1621251478000;11541702;0.86229;0.86241;0.86235;0;T;True;2
1621251479000;11541703;0.86229;0.86241;0.86235;0;T;True;2
1621251480000;11541704;0.86229;0.86241;0.86235;0;T;True;2
1621251481000;11541706;0.86229;0.86241;0.86235;1;T;True;2
1621251482000;11541709;0.86229;0.86241;0.86235;2;T;True;2
1621251483000;11541715;0.86227;0.86239;0.86233;5;T;True;2
1621251484000;11541717;0.86227;0.86239;0.86233;1;T;True;2
1621251485000;11541720;0.86227;0.86239;0.86233;2;T;True;2
1621251486000;11541722;0.86227;0.86239;0.86233;1;T;True;2
1621251487000;11541723;0.86227;0.86239;0.86233;0;T;True;2
1621251488000;11541725;0.86227;0.86239;0.86233;1;T;True;2
1621251489000;11541726;0.86227;0.86239;0.86233;0;T;True;2
1621251490000;11541728;0.86227;0.86239;0.86233;1;T;True;2
1621251491000;11541730;0.86227;0.86239;0.86233;1;T;True;2
1621251492000;11541731;0.86227;0.86239;0.86233;0;T;True;2
1621251493000;11541732;0.86227;0.86239;0.86233;0;T;True;2
1621251494000;11541734;0.86227;0.86239;0.86233;1;T;True;2
1621251495000;11541740;0.86227;0.86239;0.86233;5;T;True;2
1621251496000;11541741;0.86227;0.86239;0.86233;0;T;True;2
1621251497000;11541742;0.86227;0.86239;0.86233;0;T;True;2
1621251498000;11541743;0.86227;0.86239;0.86233;0;T;True;2
1621251499000;11541748;0.86227;0.86239;0.86233;4;T;True;2
1621251500000;11541751;0.86229;0.86241;0.86235;2;T;True;2
1621251501000;11541752;0.86229;0.86241;0.86235;0;T;True;2
1621251502000;11541753;0.86229;0.86241;0.86235;0;T;True;2
1621251503000;11541754;0.86229;0.86241;0.86235;0;T;True;2
1621251504000;11541755;0.86229;0.86241;0.86235;0;T;True;2
1621251505000;11541756;0.86229;0.86241;0.86235;0;T;True;2
1621251506000;11541757;0.86229;0.86241;0.86235;0;T;True;2
1621251507000;11541758;0.86229;0.86241;0.86235;0;T;True;2
1621251508000;11541759;0.86229;0.86241;0.86235;0;T;True;2
1621251509000;11541760;0.86229;0.86241;0.86235;0;T;True;2
1621251510000;11541761;0.86229;0.86241;0.86235;0;T;True;2
1621251511000;11541762;0.86229;0.86241;0.86235;0;T;True;2
1621251512000;11541767;0.86229;0.86241;0.86235;4;T;True;2
1621251513000;11541771;0.86229;0.86241;0.86235;3;T;True;2
1621251514000;11541772;0.86229;0.86241;0.86235;0;T;True;2
1621251515000;11541773;0.86229;0.86241;0.86235;0;T;True;2
1621251516000;11541774;0.86229;0.86241;0.86235;0;T;True;2
1621251517000;11541778;0.86233;0.86245;0.86239;3;T;True;2
1621251518000;11541780;0.86233;0.86245;0.86239;1;T;True;2
1621251519000;11541782;0.86232;0.86244;0.86238;1;T;True;2
1621251520000;11541783;0.86232;0.86244;0.86238;0;T;True;2
1621251521000;11541784;0.86232;0.86244;0.86238;0;T;True;2
1621251522000;11541785;0.86232;0.86244;0.86238;0;T;True;2
1621251523000;11541786;0.86232;0.86244;0.86238;0;T;True;2
1621251524000;11541787;0.86232;0.86244;0.86238;0;T;True;2
1621251525000;11541789;0.86232;0.86244;0.86238;1;T;True;2
1621251526000;11541790;0.86232;0.86244;0.86238;0;T;True;2
1621251527000;11541793;0.86232;0.86244;0.86238;2;T;True;2
1621251528000;11541794;0.86232;0.86244;0.86238;0;T;True;2
1621251529000;11541795;0.86232;0.86244;0.86238;0;T;True;2
1621251530000;11541797;0.86231;0.86243;0.86237;1;T;True;2
1621251531000;11541798;0.86231;0.86243;0.86237;0;T;True;2
1621251532000;11541799;0.86231;0.86243;0.86237;0;T;True;2
1621251533000;11541801;0.86231;0.86243;0.86237;1;T;True;2
1621251534000;11541802;0.86231;0.86243;0.86237;0;T;True;2
1621251535000;11541803;0.86231;0.86243;0.86237;0;T;True;2
1621251536000;11541805;0.86231;0.86243;0.86237;1;T;True;2
1621251537000;11541806;0.86231;0.86243;0.86237;0;T;True;2
1621251538000;11541816;0.86232;0.86244;0.86238;9;T;True;2
1621251539000;11541817;0.86232;0.86244;0.86238;0;T;True;2
1621251540000;11541818;0.86232;0.86244;0.86238;0;T;True;2
1621251541000;11541820;0.86233;0.86245;0.86239;1;T;True;2
1621251542000;11541821;0.86233;0.86245;0.86239;0;T;True;2
1621251543000;11541823;0.86234;0.86246;0.8624;1;T;True;2
1621251544000;11541826;0.86234;0.86246;0.8624;2;T;True;2
1621251545000;11541829;0.86235;0.86247;0.86241;2;T;True;2
1621251546000;11541830;0.86235;0.86247;0.86241;0;T;True;2
1621251547000;11541831;0.86235;0.86247;0.86241;0;T;True;2
1621251548000;11541832;0.86235;0.86247;0.86241;0;T;True;2
1621251549000;11541833;0.86235;0.86247;0.86241;0;T;True;2
1621251550000;11541834;0.86235;0.86247;0.86241;0;T;True;2
1621251551000;11541835;0.86235;0.86247;0.86241;0;T;True;2
1621251552000;11541839;0.86238;0.8625;0.86244;3;T;True;2
1621251553000;11541841;0.86239;0.86251;0.86245;1;T;True;2
1621251554000;11541842;0.86239;0.86251;0.86245;0;T;True;2
1621251555000;11541843;0.86239;0.86251;0.86245;0;T;True;2
1621251556000;11541844;0.86239;0.86251;0.86245;0;T;True;2
1621251557000;11541845;0.86239;0.86251;0.86245;0;T;True;2
1621251558000;11541846;0.86239;0.86251;0.86245;0;T;True;2
1621251559000;11541849;0.86239;0.86251;0.86245;2;T;True;2
1621251560000;11541850;0.86239;0.86251;0.86245;0;T;True;2
1621251561000;11541851;0.86239;0.86251;0.86245;0;T;True;2
1621251562000;11541852;0.86239;0.86251;0.86245;0;T;True;2
1621251563000;11541853;0.86239;0.86251;0.86245;0;T;True;2
1621251564000;11541854;0.86239;0.86251;0.86245;0;T;True;2
1621251565000;11541855;0.86239;0.86251;0.86245;0;T;True;2
1621251566000;11541856;0.86239;0.86251;0.86245;0;T;True;2
1621251567000;11541857;0.86239;0.86251;0.86245;0;T;True;2
1621251568000;11541858;0.86239;0.86251;0.86245;0;T;True;2
1621251569000;11541859;0.86239;0.86251;0.86245;0;T;True;2
1621251570000;11541860;0.86239;0.86251;0.86245;0;T;True;2
1621251571000;11541861;0.86239;0.86251;0.86245;0;T;True;2
1621251572000;11541862;0.86239;0.86251;0.86245;0;T;True;2
1621251573000;11541863;0.86239;0.86251;0.86245;0;T;True;2
1621251574000;11541864;0.86239;0.86251;0.86245;0;T;True;2
1621251575000;11541865;0.86239;0.86251;0.86245;0;T;True;2
1621251576000;11541867;0.86238;0.8625;0.86244;1;T;True;2
1621251577000;11541869;0.86239;0.86251;0.86245;1;T;True;2
1621251578000;11541871;0.86238;0.8625;0.86244;1;T;True;2
1621251579000;11541873;0.86239;0.86251;0.86245;1;T;True;2
1621251580000;11541875;0.86238;0.8625;0.86244;1;T;True;2
1621251581000;11541876;0.86238;0.8625;0.86244;0;T;True;2
1621251582000;11541877;0.86238;0.8625;0.86244;0;T;True;2
1621251583000;11541878;0.86238;0.8625;0.86244;0;T;True;2
1621251584000;11541880;0.86237;0.86249;0.86243;1;T;True;2
1621251585000;11541881;0.86237;0.86249;0.86243;0;T;True;2
1621251586000;11541882;0.86237;0.86249;0.86243;0;T;True;2
1621251587000;11541883;0.86237;0.86249;0.86243;0;T;True;2
1621251588000;11541884;0.86237;0.86249;0.86243;0;T;True;2
1621251589000;11541885;0.86237;0.86249;0.86243;0;T;True;2
1621251590000;11541887;0.86236;0.86248;0.86242;1;T;True;2
1621251591000;11541888;0.86236;0.86248;0.86242;0;T;True;2
1621251592000;11541891;0.86233;0.86245;0.86239;2;T;True;2
1621251593000;11541894;0.86229;0.86241;0.86235;2;T;True;2
1621251594000;11541896;0.86229;0.86241;0.86235;1;T;True;2
1621251595000;11541897;0.86229;0.86241;0.86235;0;T;True;2
1621251596000;11541898;0.86229;0.86241;0.86235;0;T;True;2
1621251597000;11541902;0.86228;0.8624;0.86234;3;T;True;2
1621251598000;11541904;0.86227;0.86239;0.86233;1;T;True;2
1621251599000;11541905;0.86227;0.86239;0.86233;0;T;True;2
1621251600000;11541906;0.86227;0.86239;0.86233;0;T;True;2
1621251601000;11541907;0.86227;0.86239;0.86233;0;T;True;2
1621251602000;11541908;0.86227;0.86239;0.86233;0;T;True;2
1621251603000;11541910;0.86227;0.86239;0.86233;1;T;True;2
1621251604000;11541913;0.86227;0.86239;0.86233;2;T;True;2
1621251605000;11541915;0.86227;0.86239;0.86233;1;T;True;2
1621251606000;11541916;0.86227;0.86239;0.86233;0;T;True;2
1621251607000;11541919;0.86227;0.86239;0.86233;2;T;True;2
1621251608000;11541920;0.86227;0.86239;0.86233;0;T;True;2
1621251609000;11541924;0.86228;0.8624;0.86234;3;T;True;2
1621251610000;11541925;0.86228;0.8624;0.86234;0;T;True;2
1621251611000;11541927;0.86228;0.8624;0.86234;1;T;True;2
1621251612000;11541928;0.86228;0.8624;0.86234;0;T;True;2
1621251613000;11541929;0.86228;0.8624;0.86234;0;T;True;2
1621251614000;11541930;0.86228;0.8624;0.86234;0;T;True;2
1621251615000;11541931;0.86228;0.8624;0.86234;0;T;True;2
1621251616000;11541933;0.86228;0.8624;0.86234;1;T;True;2
1621251617000;11541934;0.86228;0.8624;0.86234;0;T;True;2
1621251618000;11541939;0.86231;0.86243;0.86237;4;T;True;2
1621251619000;11541945;0.86233;0.86245;0.86239;5;T;True;2
1621251620000;11541953;0.86237;0.86249;0.86243;7;T;True;2
1621251621000;11541962;0.86242;0.86254;0.86248;8;T;True;2
1621251622000;11541967;0.86245;0.86257;0.86251;4;T;True;2
1621251623000;11541968;0.86245;0.86257;0.86251;0;T;True;2
1621251624000;11541974;0.86247;0.86259;0.86253;5;T;True;2
1621251625000;11541976;0.86247;0.86259;0.86253;1;T;True;2
1621251626000;11541979;0.86247;0.86259;0.86253;2;T;True;2
1621251627000;11541980;0.86247;0.86259;0.86253;0;T;True;2
1621251628000;11541981;0.86247;0.86259;0.86253;0;T;True;2
1621251629000;11541983;0.86248;0.8626;0.86254;1;T;True;2
1621251630000;11541984;0.86248;0.8626;0.86254;0;T;True;2
1621251631000;11541985;0.86248;0.8626;0.86254;0;T;True;2
1621251632000;11541989;0.86249;0.86261;0.86255;3;T;True;2
1621251633000;11541990;0.86249;0.86261;0.86255;0;T;True;2
1621251634000;11541991;0.86249;0.86261;0.86255;0;T;True;2
1621251635000;11541992;0.86249;0.86261;0.86255;0;T;True;2
1621251636000;11541996;0.86251;0.86263;0.86257;3;T;True;2
1621251637000;11541997;0.86251;0.86263;0.86257;0;T;True;2
1621251638000;11542002;0.86251;0.86263;0.86257;4;T;True;2
1621251639000;11542004;0.86251;0.86263;0.86257;1;T;True;2
1621251640000;11542005;0.86251;0.86263;0.86257;0;T;True;2
1621251641000;11542008;0.86251;0.86263;0.86257;2;T;True;2
1621251642000;11542013;0.86251;0.86263;0.86257;4;T;True;2
1621251643000;11542017;0.86251;0.86263;0.86257;3;T;True;2
1621251644000;11542025;0.86251;0.86263;0.86257;7;T;True;2
1621251645000;11542028;0.86251;0.86263;0.86257;2;T;True;2
1621251646000;11542029;0.86251;0.86263;0.86257;0;T;True;2
1621251647000;11542030;0.86251;0.86263;0.86257;0;T;True;2
1621251648000;11542031;0.86251;0.86263;0.86257;0;T;True;2
1621251649000;11542036;0.86251;0.86263;0.86257;4;T;True;2
1621251650000;11542037;0.86251;0.86263;0.86257;0;T;True;2
1621251651000;11542038;0.86251;0.86263;0.86257;0;T;True;2
1621251652000;11542039;0.86251;0.86263;0.86257;0;T;True;2
1621251653000;11542041;0.86251;0.86263;0.86257;1;T;True;2
1621251654000;11542042;0.86251;0.86263;0.86257;0;T;True;2
1621251655000;11542043;0.86251;0.86263;0.86257;0;T;True;2
1621251656000;11542044;0.86251;0.86263;0.86257;0;T;True;2
1621251657000;11542045;0.86251;0.86263;0.86257;0;T;True;2
1621251658000;11542047;0.86251;0.86263;0.86257;1;T;True;2
1621251659000;11542048;0.86251;0.86263;0.86257;0;T;True;2
1621251660000;11542051;0.86251;0.86263;0.86257;2;T;True;2
1621251661000;11542052;0.86251;0.86263;0.86257;0;T;True;2
1621251662000;11542054;0.86251;0.86263;0.86257;1;T;True;2
1621251663000;11542055;0.86251;0.86263;0.86257;0;T;True;2
1621251664000;11542058;0.86251;0.86263;0.86257;2;T;True;2
1621251665000;11542060;0.86252;0.86264;0.86258;1;T;True;2
1621251666000;11542063;0.86253;0.86265;0.86259;2;T;True;2
1621251667000;11542070;0.86249;0.86261;0.86255;6;T;True;2
1621251668000;11542071;0.86249;0.86261;0.86255;0;T;True;2
1621251669000;11542073;0.86249;0.86261;0.86255;1;T;True;2
1621251670000;11542074;0.86249;0.86261;0.86255;0;T;True;2
1621251671000;11542076;0.86249;0.86261;0.86255;1;T;True;2
1621251672000;11542077;0.86249;0.86261;0.86255;0;T;True;2
1621251673000;11542086;0.86245;0.86257;0.86251;8;T;True;2
1621251674000;11542089;0.86247;0.86259;0.86253;2;T;True;2
1621251675000;11542090;0.86247;0.86259;0.86253;0;T;True;2
1621251676000;11542092;0.86247;0.86259;0.86253;1;T;True;2
1621251677000;11542094;0.86247;0.86259;0.86253;1;T;True;2
1621251678000;11542101;0.86248;0.8626;0.86254;6;T;True;2
1621251679000;11542105;0.86249;0.86261;0.86255;3;T;True;2
1621251680000;11542107;0.86249;0.86261;0.86255;1;T;True;2
1621251681000;11542109;0.86249;0.86261;0.86255;1;T;True;2
1621251682000;11542114;0.86247;0.86259;0.86253;4;T;True;2
1621251683000;11542115;0.86247;0.86259;0.86253;0;T;True;2
1621251684000;11542116;0.86247;0.86259;0.86253;0;T;True;2
1621251685000;11542117;0.86247;0.86259;0.86253;0;T;True;2
1621251686000;11542118;0.86247;0.86259;0.86253;0;T;True;2
1621251687000;11542123;0.86251;0.86263;0.86257;4;T;True;2
1621251688000;11542129;0.86249;0.86261;0.86255;5;T;True;2
1621251689000;11542130;0.86249;0.86261;0.86255;0;T;True;2
1621251690000;11542131;0.86249;0.86261;0.86255;0;T;True;2
1621251691000;11542133;0.86249;0.86261;0.86255;1;T;True;2
1621251692000;11542134;0.86249;0.86261;0.86255;0;T;True;2
1621251693000;11542136;0.86249;0.86261;0.86255;1;T;True;2
1621251694000;11542138;0.8625;0.86262;0.86256;1;T;True;2
1621251695000;11542144;0.86247;0.86259;0.86253;5;T;True;2
1621251696000;11542146;0.86247;0.86259;0.86253;1;T;True;2
1621251697000;11542148;0.86247;0.86259;0.86253;1;T;True;2
1621251698000;11542149;0.86247;0.86259;0.86253;0;T;True;2
1621251699000;11542151;0.86246;0.86258;0.86252;1;T;True;2
1621251700000;11542152;0.86246;0.86258;0.86252;0;T;True;2
1621251701000;11542154;0.86247;0.86259;0.86253;1;T;True;2
1621251702000;11542155;0.86247;0.86259;0.86253;0;T;True;2
1621251703000;11542156;0.86247;0.86259;0.86253;0;T;True;2
1621251704000;11542157;0.86247;0.86259;0.86253;0;T;True;2
1621251705000;11542158;0.86247;0.86259;0.86253;0;T;True;2
1621251706000;11542159;0.86247;0.86259;0.86253;0;T;True;2
1621251707000;11542164;0.86251;0.86263;0.86257;4;T;True;2
1621251708000;11542165;0.86251;0.86263;0.86257;0;T;True;2
1621251709000;11542168;0.86251;0.86263;0.86257;2;T;True;2
1621251710000;11542173;0.86247;0.86259;0.86253;4;T;True;2
1621251711000;11542176;0.86245;0.86257;0.86251;2;T;True;2
1621251712000;11542177;0.86245;0.86257;0.86251;0;T;True;2
1621251713000;11542178;0.86245;0.86257;0.86251;0;T;True;2
1621251714000;11542182;0.86247;0.86259;0.86253;3;T;True;2
1621251715000;11542183;0.86247;0.86259;0.86253;0;T;True;2
1621251716000;11542185;0.86246;0.86258;0.86252;1;T;True;2
1621251717000;11542189;0.86247;0.86259;0.86253;3;T;True;2
1621251718000;11542191;0.86247;0.86259;0.86253;1;T;True;2
1621251719000;11542197;0.86249;0.86261;0.86255;5;T;True;2
1621251720000;11542198;0.86249;0.86261;0.86255;0;T;True;2
1621251721000;11542199;0.86249;0.86261;0.86255;0;T;True;2
1621251722000;11542200;0.86249;0.86261;0.86255;0;T;True;2
1621251723000;11542209;0.86252;0.86264;0.86258;8;T;True;2
1621251724000;11542212;0.86253;0.86265;0.86259;2;T;True;2
1621251725000;11542213;0.86253;0.86265;0.86259;0;T;True;2
1621251726000;11542214;0.86253;0.86265;0.86259;0;T;True;2
1621251727000;11542215;0.86253;0.86265;0.86259;0;T;True;2
1621251728000;11542218;0.86253;0.86265;0.86259;2;T;True;2
1621251729000;11542219;0.86253;0.86265;0.86259;0;T;True;2
1621251730000;11542220;0.86253;0.86265;0.86259;0;T;True;2
1621251731000;11542221;0.86253;0.86265;0.86259;0;T;True;2
1621251732000;11542222;0.86253;0.86265;0.86259;0;T;True;2
1621251733000;11542223;0.86253;0.86265;0.86259;0;T;True;2
1621251734000;11542224;0.86253;0.86265;0.86259;0;T;True;2
1621251735000;11542225;0.86253;0.86265;0.86259;0;T;True;2
1621251736000;11542226;0.86253;0.86265;0.86259;0;T;True;2
1621251737000;11542227;0.86253;0.86265;0.86259;0;T;True;2
1621251738000;11542229;0.86255;0.86267;0.86261;1;T;True;2
1621251739000;11542231;0.86256;0.86268;0.86262;1;T;True;2
1621251740000;11542233;0.86257;0.86269;0.86263;1;T;True;2
1621251741000;11542234;0.86257;0.86269;0.86263;0;T;True;2
1621251742000;11542235;0.86257;0.86269;0.86263;0;T;True;2
1621251743000;11542236;0.86257;0.86269;0.86263;0;T;True;2
1621251744000;11542237;0.86257;0.86269;0.86263;0;T;True;2
1621251745000;11542238;0.86257;0.86269;0.86263;0;T;True;2
1621251746000;11542239;0.86257;0.86269;0.86263;0;T;True;2
1621251747000;11542241;0.86258;0.8627;0.86264;1;T;True;2
1621251748000;11542244;0.86258;0.8627;0.86264;2;T;True;2
1621251749000;11542245;0.86258;0.8627;0.86264;0;T;True;2
1621251750000;11542246;0.86258;0.8627;0.86264;0;T;True;2
1621251751000;11542248;0.86257;0.86269;0.86263;1;T;True;2
1621251752000;11542251;0.86255;0.86267;0.86261;2;T;True;2
1621251753000;11542252;0.86255;0.86267;0.86261;0;T;True;2
1621251754000;11542253;0.86255;0.86267;0.86261;0;T;True;2
1621251755000;11542254;0.86255;0.86267;0.86261;0;T;True;2
1621251756000;11542255;0.86255;0.86267;0.86261;0;T;True;2
1621251757000;11542256;0.86255;0.86267;0.86261;0;T;True;2
1621251758000;11542257;0.86255;0.86267;0.86261;0;T;True;2
1621251759000;11542258;0.86255;0.86267;0.86261;0;T;True;2
1621251760000;11542259;0.86255;0.86267;0.86261;0;T;True;2
1621251761000;11542260;0.86255;0.86267;0.86261;0;T;True;2
1621251762000;11542261;0.86255;0.86267;0.86261;0;T;True;2
1621251763000;11542262;0.86255;0.86267;0.86261;0;T;True;2
1621251764000;11542265;0.86253;0.86265;0.86259;2;T;True;2
1621251765000;11542266;0.86253;0.86265;0.86259;0;T;True;2
1621251766000;11542267;0.86253;0.86265;0.86259;0;T;True;2
1621251767000;11542269;0.86253;0.86265;0.86259;1;T;True;2
1621251768000;11542271;0.86253;0.86265;0.86259;1;T;True;2
1621251769000;11542272;0.86253;0.86265;0.86259;0;T;True;2
1621251770000;11542275;0.86255;0.86267;0.86261;2;T;True;2
1621251771000;11542276;0.86255;0.86267;0.86261;0;T;True;2
1621251772000;11542277;0.86255;0.86267;0.86261;0;T;True;2
1621251773000;11542278;0.86255;0.86267;0.86261;0;T;True;2
1621251774000;11542279;0.86255;0.86267;0.86261;0;T;True;2
1621251775000;11542280;0.86255;0.86267;0.86261;0;T;True;2
1621251776000;11542281;0.86255;0.86267;0.86261;0;T;True;2
1621251777000;11542282;0.86255;0.86267;0.86261;0;T;True;2
1621251778000;11542283;0.86255;0.86267;0.86261;0;T;True;2
1621251779000;11542284;0.86255;0.86267;0.86261;0;T;True;2
1621251780000;11542285;0.86255;0.86267;0.86261;0;T;True;2
1621251781000;11542286;0.86255;0.86267;0.86261;0;T;True;2
1621251782000;11542287;0.86255;0.86267;0.86261;0;T;True;2
1621251783000;11542289;0.86255;0.86267;0.86261;1;T;True;2
1621251784000;11542291;0.86255;0.86267;0.86261;1;T;True;2
1621251785000;11542292;0.86255;0.86267;0.86261;0;T;True;2
1621251786000;11542293;0.86255;0.86267;0.86261;0;T;True;2
1621251787000;11542294;0.86255;0.86267;0.86261;0;T;True;2
1621251788000;11542295;0.86255;0.86267;0.86261;0;T;True;2
1621251789000;11542296;0.86255;0.86267;0.86261;0;T;True;2
1621251790000;11542299;0.86255;0.86267;0.86261;2;T;True;2
1621251791000;11542300;0.86255;0.86267;0.86261;0;T;True;2
1621251792000;11542301;0.86255;0.86267;0.86261;0;T;True;2
1621251793000;11542302;0.86255;0.86267;0.86261;0;T;True;2
1621251794000;11542303;0.86255;0.86267;0.86261;0;T;True;2
1621251795000;11542306;0.86257;0.86269;0.86263;2;T;True;2
1621251796000;11542307;0.86257;0.86269;0.86263;0;T;True;2
1621251797000;11542308;0.86257;0.86269;0.86263;0;T;True;2
1621251798000;11542309;0.86257;0.86269;0.86263;0;T;True;2
1621251799000;11542310;0.86257;0.86269;0.86263;0;T;True;2
1621251800000;11542311;0.86257;0.86269;0.86263;0;T;True;2
1621251801000;11542314;0.86259;0.86271;0.86265;2;T;True;2
1621251802000;11542315;0.86259;0.86271;0.86265;0;T;True;2
1621251803000;11542316;0.86259;0.86271;0.86265;0;T;True;2
1621251804000;11542317;0.86259;0.86271;0.86265;0;T;True;2
1621251805000;11542318;0.86259;0.86271;0.86265;0;T;True;2
1621251806000;11542319;0.86259;0.86271;0.86265;0;T;True;2
1621251807000;11542320;0.86259;0.86271;0.86265;0;T;True;2
1621251808000;11542321;0.86259;0.86271;0.86265;0;T;True;2
1621251809000;11542322;0.86259;0.86271;0.86265;0;T;True;2
1621251810000;11542323;0.86259;0.86271;0.86265;0;T;True;2
1621251811000;11542324;0.86259;0.86271;0.86265;0;T;True;2
1621251812000;11542325;0.86259;0.86271;0.86265;0;T;True;2
1621251813000;11542326;0.86259;0.86271;0.86265;0;T;True;2
1621251814000;11542327;0.86259;0.86271;0.86265;0;T;True;2
1621251815000;11542328;0.86259;0.86271;0.86265;0;T;True;2
1621251816000;11542329;0.86259;0.86271;0.86265;0;T;True;2
1621251817000;11542330;0.86259;0.86271;0.86265;0;T;True;2
1621251818000;11542331;0.86259;0.86271;0.86265;0;T;True;2
1621251819000;11542332;0.86259;0.86271;0.86265;0;T;True;2
1621251820000;11542333;0.86259;0.86271;0.86265;0;T;True;2
1621251821000;11542334;0.86259;0.86271;0.86265;0;T;True;2
1621251822000;11542337;0.86259;0.86271;0.86265;2;T;True;2
1621251823000;11542339;0.86258;0.8627;0.86264;1;T;True;2
1621251824000;11542340;0.86258;0.8627;0.86264;0;T;True;2
1621251825000;11542341;0.86258;0.8627;0.86264;0;T;True;2
1621251826000;11542342;0.86258;0.8627;0.86264;0;T;True;2
1621251827000;11542344;0.86257;0.86269;0.86263;1;T;True;2
1621251828000;11542345;0.86257;0.86269;0.86263;0;T;True;2
1621251829000;11542346;0.86257;0.86269;0.86263;0;T;True;2
1621251830000;11542347;0.86257;0.86269;0.86263;0;T;True;2
1621251831000;11542348;0.86257;0.86269;0.86263;0;T;True;2
1621251832000;11542349;0.86257;0.86269;0.86263;0;T;True;2
1621251833000;11542351;0.86256;0.86268;0.86262;1;T;True;2
1621251834000;11542352;0.86256;0.86268;0.86262;0;T;True;2
1621251835000;11542355;0.86259;0.86271;0.86265;2;T;True;2
1621251836000;11542356;0.86259;0.86271;0.86265;0;T;True;2
1621251837000;11542357;0.86259;0.86271;0.86265;0;T;True;2
1621251838000;11542358;0.86259;0.86271;0.86265;0;T;True;2
1621251839000;11542359;0.86259;0.86271;0.86265;0;T;True;2
1621251840000;11542360;0.86259;0.86271;0.86265;0;T;True;2
1621251841000;11542363;0.86257;0.86269;0.86263;2;T;True;2
1621251842000;11542369;0.86259;0.86271;0.86265;5;T;True;2
1621251843000;11542370;0.86259;0.86271;0.86265;0;T;True;2
1621251844000;11542371;0.86259;0.86271;0.86265;0;T;True;2
1621251845000;11542373;0.86259;0.86271;0.86265;1;T;True;2
1621251846000;11542374;0.86259;0.86271;0.86265;0;T;True;2
1621251847000;11542376;0.86258;0.8627;0.86264;1;T;True;2
1621251848000;11542377;0.86258;0.8627;0.86264;0;T;True;2
1621251849000;11542378;0.86258;0.8627;0.86264;0;T;True;2
1621251850000;11542379;0.86258;0.8627;0.86264;0;T;True;2
1621251851000;11542381;0.86259;0.86271;0.86265;1;T;True;2
1621251852000;11542385;0.8626;0.86272;0.86266;3;T;True;2
1621251853000;11542386;0.8626;0.86272;0.86266;0;T;True;2
1621251854000;11542387;0.8626;0.86272;0.86266;0;T;True;2
1621251855000;11542388;0.8626;0.86272;0.86266;0;T;True;2
1621251856000;11542389;0.8626;0.86272;0.86266;0;T;True;2
1621251857000;11542390;0.8626;0.86272;0.86266;0;T;True;2
1621251858000;11542391;0.8626;0.86272;0.86266;0;T;True;2
1621251859000;11542392;0.8626;0.86272;0.86266;0;T;True;2
1621251860000;11542393;0.8626;0.86272;0.86266;0;T;True;2
1621251861000;11542394;0.8626;0.86272;0.86266;0;T;True;2
1621251862000;11542395;0.8626;0.86272;0.86266;0;T;True;2
1621251863000;11542396;0.8626;0.86272;0.86266;0;T;True;2
1621251864000;11542397;0.8626;0.86272;0.86266;0;T;True;2
1621251865000;11542398;0.8626;0.86272;0.86266;0;T;True;2
1621251866000;11542400;0.86261;0.86273;0.86267;1;T;True;2
1621251867000;11542401;0.86261;0.86273;0.86267;0;T;True;2
1621251868000;11542402;0.86261;0.86273;0.86267;0;T;True;2
1621251869000;11542403;0.86261;0.86273;0.86267;0;T;True;2
1621251870000;11542404;0.86261;0.86273;0.86267;0;T;True;2
1621251871000;11542405;0.86261;0.86273;0.86267;0;T;True;2
1621251872000;11542406;0.86261;0.86273;0.86267;0;T;True;2
1621251873000;11542407;0.86261;0.86273;0.86267;0;T;True;2
1621251874000;11542408;0.86261;0.86273;0.86267;0;T;True;2
1621251875000;11542409;0.86261;0.86273;0.86267;0;T;True;2
1621251876000;11542410;0.86261;0.86273;0.86267;0;T;True;2
1621251877000;11542414;0.86257;0.86269;0.86263;3;T;True;2
1621251878000;11542415;0.86257;0.86269;0.86263;0;T;True;2
1621251879000;11542416;0.86257;0.86269;0.86263;0;T;True;2
1621251880000;11542417;0.86257;0.86269;0.86263;0;T;True;2
1621251881000;11542418;0.86257;0.86269;0.86263;0;T;True;2
1621251882000;11542419;0.86257;0.86269;0.86263;0;T;True;2
1621251883000;11542420;0.86257;0.86269;0.86263;0;T;True;2
1621251884000;11542423;0.86255;0.86267;0.86261;2;T;True;2
1621251885000;11542424;0.86255;0.86267;0.86261;0;T;True;2
1621251886000;11542425;0.86255;0.86267;0.86261;0;T;True;2
1621251887000;11542426;0.86255;0.86267;0.86261;0;T;True;2
1621251888000;11542427;0.86255;0.86267;0.86261;0;T;True;2
1621251889000;11542430;0.86253;0.86265;0.86259;2;T;True;2
1621251890000;11542434;0.86252;0.86264;0.86258;3;T;True;2
1621251891000;11542436;0.86251;0.86263;0.86257;1;T;True;2
1621251892000;11542437;0.86251;0.86263;0.86257;0;T;True;2
1621251893000;11542438;0.86251;0.86263;0.86257;0;T;True;2
1621251894000;11542439;0.86251;0.86263;0.86257;0;T;True;2
1621251895000;11542441;0.86249;0.86261;0.86255;1;T;True;2
1621251896000;11542443;0.86247;0.86259;0.86253;1;T;True;2
1621251897000;11542447;0.86245;0.86257;0.86251;3;T;True;2
1621251898000;11542448;0.86245;0.86257;0.86251;0;T;True;2
1621251899000;11542449;0.86245;0.86257;0.86251;0;T;True;2
1621251900000;11542450;0.86245;0.86257;0.86251;0;T;True;2
1621251901000;11542451;0.86245;0.86257;0.86251;0;T;True;2
1621251902000;11542452;0.86245;0.86257;0.86251;0;T;True;2
1621251903000;11542453;0.86245;0.86257;0.86251;0;T;True;2
1621251904000;11542455;0.86243;0.86255;0.86249;1;T;True;2
1621251905000;11542456;0.86243;0.86255;0.86249;0;T;True;2
1621251906000;11542460;0.86244;0.86256;0.8625;3;T;True;2
1621251907000;11542461;0.86244;0.86256;0.8625;0;T;True;2
1621251908000;11542463;0.86245;0.86257;0.86251;1;T;True;2
1621251909000;11542465;0.86244;0.86256;0.8625;1;T;True;2
1621251910000;11542466;0.86244;0.86256;0.8625;0;T;True;2
1621251911000;11542467;0.86244;0.86256;0.8625;0;T;True;2
1621251912000;11542468;0.86244;0.86256;0.8625;0;T;True;2
1621251913000;11542469;0.86244;0.86256;0.8625;0;T;True;2
1621251914000;11542470;0.86244;0.86256;0.8625;0;T;True;2
1621251915000;11542474;0.86247;0.86259;0.86253;3;T;True;2
1621251916000;11542475;0.86247;0.86259;0.86253;0;T;True;2
1621251917000;11542476;0.86247;0.86259;0.86253;0;T;True;2
1621251918000;11542477;0.86247;0.86259;0.86253;0;T;True;2
1621251919000;11542478;0.86247;0.86259;0.86253;0;T;True;2
1621251920000;11542479;0.86247;0.86259;0.86253;0;T;True;2
1621251921000;11542480;0.86247;0.86259;0.86253;0;T;True;2
1621251922000;11542486;0.86255;0.86267;0.86261;5;T;True;2
1621251923000;11542489;0.86256;0.86268;0.86262;2;T;True;2
1621251924000;11542491;0.86257;0.86269;0.86263;1;T;True;2
1621251925000;11542492;0.86257;0.86269;0.86263;0;T;True;2
1621251926000;11542493;0.86257;0.86269;0.86263;0;T;True;2
1621251927000;11542494;0.86257;0.86269;0.86263;0;T;True;2
1621251928000;11542495;0.86257;0.86269;0.86263;0;T;True;2
1621251929000;11542498;0.86257;0.86269;0.86263;2;T;True;2
1621251930000;11542500;0.86256;0.86268;0.86262;1;T;True;2
1621251931000;11542501;0.86256;0.86268;0.86262;0;T;True;2
1621251932000;11542505;0.86251;0.86263;0.86257;3;T;True;2
1621251933000;11542506;0.86251;0.86263;0.86257;0;T;True;2
1621251934000;11542507;0.86251;0.86263;0.86257;0;T;True;2
1621251935000;11542509;0.8625;0.86262;0.86256;1;T;True;2
1621251936000;11542512;0.86249;0.86261;0.86255;2;T;True;2
1621251937000;11542513;0.86249;0.86261;0.86255;0;T;True;2
1621251938000;11542514;0.86249;0.86261;0.86255;0;T;True;2
1621251939000;11542516;0.86247;0.86259;0.86253;1;T;True;2
1621251940000;11542517;0.86247;0.86259;0.86253;0;T;True;2
1621251941000;11542519;0.86247;0.86259;0.86253;1;T;True;2
1621251942000;11542520;0.86247;0.86259;0.86253;0;T;True;2
1621251943000;11542521;0.86247;0.86259;0.86253;0;T;True;2
1621251944000;11542522;0.86247;0.86259;0.86253;0;T;True;2
1621251945000;11542523;0.86247;0.86259;0.86253;0;T;True;2
1621251946000;11542524;0.86247;0.86259;0.86253;0;T;True;2
1621251947000;11542525;0.86247;0.86259;0.86253;0;T;True;2
1621251948000;11542526;0.86247;0.86259;0.86253;0;T;True;2
1621251949000;11542527;0.86247;0.86259;0.86253;0;T;True;2
1621251950000;11542528;0.86247;0.86259;0.86253;0;T;True;2
1621251951000;11542529;0.86247;0.86259;0.86253;0;T;True;2
1621251952000;11542531;0.86245;0.86257;0.86251;1;T;True;2
1621251953000;11542534;0.86244;0.86256;0.8625;2;T;True;2
1621251954000;11542545;0.86239;0.86251;0.86245;10;T;True;2
1621251955000;11542548;0.86239;0.86251;0.86245;2;T;True;2
1621251956000;11542551;0.86237;0.86249;0.86243;2;T;True;2
1621251957000;11542556;0.86238;0.8625;0.86244;4;T;True;2
1621251958000;11542558;0.86238;0.8625;0.86244;1;T;True;2
1621251959000;11542560;0.86238;0.8625;0.86244;1;T;True;2
1621251960000;11542565;0.86233;0.86245;0.86239;4;T;True;2
1621251961000;11542574;0.86237;0.86249;0.86243;8;T;True;2
1621251962000;11542576;0.86237;0.86249;0.86243;1;T;True;2
1621251963000;11542577;0.86237;0.86249;0.86243;0;T;True;2
1621251964000;11542579;0.86239;0.86251;0.86245;1;T;True;2
1621251965000;11542580;0.86239;0.86251;0.86245;0;T;True;2
1621251966000;11542581;0.86239;0.86251;0.86245;0;T;True;2
1621251967000;11542582;0.86239;0.86251;0.86245;0;T;True;2
1621251968000;11542583;0.86239;0.86251;0.86245;0;T;True;2
1621251969000;11542584;0.86239;0.86251;0.86245;0;T;True;2
1621251970000;11542585;0.86239;0.86251;0.86245;0;T;True;2
1621251971000;11542586;0.86239;0.86251;0.86245;0;T;True;2
1621251972000;11542587;0.86239;0.86251;0.86245;0;T;True;2
1621251973000;11542589;0.86237;0.86249;0.86243;1;T;True;2
1621251974000;11542591;0.86239;0.86251;0.86245;1;T;True;2
1621251975000;11542592;0.86239;0.86251;0.86245;0;T;True;2
1621251976000;11542593;0.86239;0.86251;0.86245;0;T;True;2
1621251977000;11542594;0.86239;0.86251;0.86245;0;T;True;2
1621251978000;11542595;0.86239;0.86251;0.86245;0;T;True;2
1621251979000;11542598;0.86239;0.86251;0.86245;2;T;True;2
1621251980000;11542599;0.86239;0.86251;0.86245;0;T;True;2
1621251981000;11542600;0.86239;0.86251;0.86245;0;T;True;2
1621251982000;11542601;0.86239;0.86251;0.86245;0;T;True;2
1621251983000;11542602;0.86239;0.86251;0.86245;0;T;True;2
1621251984000;11542603;0.86239;0.86251;0.86245;0;T;True;2
1621251985000;11542604;0.86239;0.86251;0.86245;0;T;True;2
1621251986000;11542605;0.86239;0.86251;0.86245;0;T;True;2
1621251987000;11542606;0.86239;0.86251;0.86245;0;T;True;2
1621251988000;11542607;0.86239;0.86251;0.86245;0;T;True;2
1621251989000;11542608;0.86239;0.86251;0.86245;0;T;True;2
1621251990000;11542609;0.86239;0.86251;0.86245;0;T;True;2
1621251991000;11542613;0.8624;0.86252;0.86246;3;T;True;2
1621251992000;11542614;0.8624;0.86252;0.86246;0;T;True;2
1621251993000;11542616;0.86241;0.86253;0.86247;1;T;True;2
1621251994000;11542617;0.86241;0.86253;0.86247;0;T;True;2
1621251995000;11542621;0.8624;0.86252;0.86246;3;T;True;2
1621251996000;11542622;0.8624;0.86252;0.86246;0;T;True;2
1621251997000;11542623;0.8624;0.86252;0.86246;0;T;True;2
1621251998000;11542624;0.8624;0.86252;0.86246;0;T;True;2
1621251999000;11542626;0.86239;0.86251;0.86245;1;T;True;2
1621252000000;11542628;0.86239;0.86251;0.86245;1;T;True;2
1621252001000;11542631;0.8624;0.86252;0.86246;2;T;True;2
1621252002000;11542632;0.8624;0.86252;0.86246;0;T;True;2
1621252003000;11542633;0.8624;0.86252;0.86246;0;T;True;2
1621252004000;11542635;0.86239;0.86251;0.86245;1;T;True;2
1621252005000;11542638;0.86239;0.86251;0.86245;2;T;True;2
1621252006000;11542640;0.86239;0.86251;0.86245;1;T;True;2
1621252007000;11542642;0.86239;0.86251;0.86245;1;T;True;2
1621252008000;11542644;0.86239;0.86251;0.86245;1;T;True;2
1621252009000;11542645;0.86239;0.86251;0.86245;0;T;True;2
1621252010000;11542646;0.86239;0.86251;0.86245;0;T;True;2
1621252011000;11542647;0.86239;0.86251;0.86245;0;T;True;2
1621252012000;11542649;0.86239;0.86251;0.86245;1;T;True;2
1621252013000;11542650;0.86239;0.86251;0.86245;0;T;True;2
1621252014000;11542651;0.86239;0.86251;0.86245;0;T;True;2
1621252015000;11542652;0.86239;0.86251;0.86245;0;T;True;2
1621252016000;11542653;0.86239;0.86251;0.86245;0;T;True;2
1621252017000;11542655;0.86241;0.86253;0.86247;1;T;True;2
1621252018000;11542656;0.86241;0.86253;0.86247;0;T;True;2
1621252019000;11542657;0.86241;0.86253;0.86247;0;T;True;2
1621252020000;11542658;0.86241;0.86253;0.86247;0;T;True;2
1621252021000;11542659;0.86241;0.86253;0.86247;0;T;True;2
1621252022000;11542660;0.86241;0.86253;0.86247;0;T;True;2
1621252023000;11542661;0.86241;0.86253;0.86247;0;T;True;2
1621252024000;11542662;0.86241;0.86253;0.86247;0;T;True;2
1621252025000;11542663;0.86241;0.86253;0.86247;0;T;True;2
1621252026000;11542664;0.86241;0.86253;0.86247;0;T;True;2
1621252027000;11542667;0.86241;0.86253;0.86247;2;T;True;2
1621252028000;11542669;0.86242;0.86254;0.86248;1;T;True;2
1621252029000;11542671;0.86241;0.86253;0.86247;1;T;True;2
1621252030000;11542672;0.86241;0.86253;0.86247;0;T;True;2
1621252031000;11542673;0.86241;0.86253;0.86247;0;T;True;2
1621252032000;11542674;0.86241;0.86253;0.86247;0;T;True;2
1621252033000;11542677;0.86239;0.86251;0.86245;2;T;True;2
1621252034000;11542680;0.86238;0.8625;0.86244;2;T;True;2
1621252035000;11542681;0.86238;0.8625;0.86244;0;T;True;2
1621252036000;11542684;0.86238;0.8625;0.86244;2;T;True;2
1621252037000;11542686;0.86237;0.86249;0.86243;1;T;True;2
1621252038000;11542687;0.86237;0.86249;0.86243;0;T;True;2
1621252039000;11542688;0.86237;0.86249;0.86243;0;T;True;2
1621252040000;11542689;0.86237;0.86249;0.86243;0;T;True;2
1621252041000;11542693;0.86239;0.86251;0.86245;3;T;True;2
1621252042000;11542694;0.86239;0.86251;0.86245;0;T;True;2
1621252043000;11542695;0.86239;0.86251;0.86245;0;T;True;2
1621252044000;11542699;0.86239;0.86251;0.86245;3;T;True;2
1621252045000;11542702;0.8624;0.86252;0.86246;2;T;True;2
1621252046000;11542704;0.86239;0.86251;0.86245;1;T;True;2
1621252047000;11542706;0.8624;0.86252;0.86246;1;T;True;2
1621252048000;11542707;0.8624;0.86252;0.86246;0;T;True;2
1621252049000;11542708;0.8624;0.86252;0.86246;0;T;True;2
1621252050000;11542709;0.8624;0.86252;0.86246;0;T;True;2
1621252051000;11542711;0.86241;0.86253;0.86247;1;T;True;2
1621252052000;11542712;0.86241;0.86253;0.86247;0;T;True;2
1621252053000;11542713;0.86241;0.86253;0.86247;0;T;True;2
1621252054000;11542714;0.86241;0.86253;0.86247;0;T;True;2
1621252055000;11542716;0.86241;0.86253;0.86247;1;T;True;2
1621252056000;11542717;0.86241;0.86253;0.86247;0;T;True;2
1621252057000;11542719;0.86241;0.86253;0.86247;1;T;True;2
1621252058000;11542726;0.86235;0.86247;0.86241;6;T;True;2
1621252059000;11542727;0.86235;0.86247;0.86241;0;T;True;2
1621252060000;11542729;0.86237;0.86249;0.86243;1;T;True;2
1621252061000;11542732;0.86235;0.86247;0.86241;2;T;True;2
1621252062000;11542733;0.86235;0.86247;0.86241;0;T;True;2
1621252063000;11542735;0.86234;0.86246;0.8624;1;T;True;2
1621252064000;11542739;0.86235;0.86247;0.86241;3;T;True;2
1621252065000;11542740;0.86235;0.86247;0.86241;0;T;True;2
1621252066000;11542741;0.86235;0.86247;0.86241;0;T;True;2
1621252067000;11542743;0.86236;0.86248;0.86242;1;T;True;2
1621252068000;11542745;0.86237;0.86249;0.86243;1;T;True;2
1621252069000;11542746;0.86237;0.86249;0.86243;0;T;True;2
1621252070000;11542747;0.86237;0.86249;0.86243;0;T;True;2
1621252071000;11542749;0.86239;0.86251;0.86245;1;T;True;2
1621252072000;11542750;0.86239;0.86251;0.86245;0;T;True;2
1621252073000;11542755;0.86243;0.86255;0.86249;4;T;True;2
1621252074000;11542756;0.86243;0.86255;0.86249;0;T;True;2
1621252075000;11542760;0.86241;0.86253;0.86247;3;T;True;2
1621252076000;11542761;0.86241;0.86253;0.86247;0;T;True;2
1621252077000;11542762;0.86241;0.86253;0.86247;0;T;True;2
1621252078000;11542763;0.86241;0.86253;0.86247;0;T;True;2
1621252079000;11542764;0.86241;0.86253;0.86247;0;T;True;2
1621252080000;11542765;0.86241;0.86253;0.86247;0;T;True;2
1621252081000;11542766;0.86241;0.86253;0.86247;0;T;True;2
1621252082000;11542771;0.86239;0.86251;0.86245;4;T;True;2
1621252083000;11542772;0.86239;0.86251;0.86245;0;T;True;2
1621252084000;11542773;0.86239;0.86251;0.86245;0;T;True;2
1621252085000;11542775;0.8624;0.86252;0.86246;1;T;True;2
1621252086000;11542776;0.8624;0.86252;0.86246;0;T;True;2
1621252087000;11542778;0.86241;0.86253;0.86247;1;T;True;2
1621252088000;11542779;0.86241;0.86253;0.86247;0;T;True;2
1621252089000;11542780;0.86241;0.86253;0.86247;0;T;True;2
1621252090000;11542781;0.86241;0.86253;0.86247;0;T;True;2
1621252091000;11542782;0.86241;0.86253;0.86247;0;T;True;2
1621252092000;11542784;0.86241;0.86253;0.86247;1;T;True;2
1621252093000;11542785;0.86241;0.86253;0.86247;0;T;True;2
1621252094000;11542786;0.86241;0.86253;0.86247;0;T;True;2
1621252095000;11542787;0.86241;0.86253;0.86247;0;T;True;2
1621252096000;11542789;0.86241;0.86253;0.86247;1;T;True;2
1621252097000;11542793;0.86241;0.86253;0.86247;3;T;True;2
1621252098000;11542794;0.86241;0.86253;0.86247;0;T;True;2
1621252099000;11542796;0.86241;0.86253;0.86247;1;T;True;2
1621252100000;11542797;0.86241;0.86253;0.86247;0;T;True;2
1621252101000;11542799;0.86241;0.86253;0.86247;1;T;True;2
1621252102000;11542800;0.86241;0.86253;0.86247;0;T;True;2
1621252103000;11542801;0.86241;0.86253;0.86247;0;T;True;2
1621252104000;11542802;0.86241;0.86253;0.86247;0;T;True;2
1621252105000;11542803;0.86241;0.86253;0.86247;0;T;True;2
1621252106000;11542805;0.86241;0.86253;0.86247;1;T;True;2
1621252107000;11542807;0.86241;0.86253;0.86247;1;T;True;2
1621252108000;11542808;0.86241;0.86253;0.86247;0;T;True;2
1621252109000;11542809;0.86241;0.86253;0.86247;0;T;True;2
1621252110000;11542813;0.86241;0.86253;0.86247;3;T;True;2
1621252111000;11542815;0.8624;0.86252;0.86246;1;T;True;2
1621252112000;11542816;0.8624;0.86252;0.86246;0;T;True;2
1621252113000;11542817;0.8624;0.86252;0.86246;0;T;True;2
1621252114000;11542818;0.8624;0.86252;0.86246;0;T;True;2
1621252115000;11542819;0.8624;0.86252;0.86246;0;T;True;2
1621252116000;11542821;0.86239;0.86251;0.86245;1;T;True;2
1621252117000;11542823;0.86239;0.86251;0.86245;1;T;True;2
1621252118000;11542825;0.86238;0.8625;0.86244;1;T;True;2
1621252119000;11542833;0.86235;0.86247;0.86241;7;T;True;2
1621252120000;11542836;0.86237;0.86249;0.86243;2;T;True;2
1621252121000;11542840;0.86237;0.86249;0.86243;3;T;True;2
1621252122000;11542842;0.86237;0.86249;0.86243;1;T;True;2
1621252123000;11542844;0.86236;0.86248;0.86242;1;T;True;2
1621252124000;11542845;0.86236;0.86248;0.86242;0;T;True;2
1621252125000;11542849;0.86235;0.86247;0.86241;3;T;True;2
1621252126000;11542850;0.86235;0.86247;0.86241;0;T;True;2
1621252127000;11542851;0.86235;0.86247;0.86241;0;T;True;2
1621252128000;11542856;0.86233;0.86245;0.86239;4;T;True;2
1621252129000;11542857;0.86233;0.86245;0.86239;0;T;True;2
1621252130000;11542858;0.86233;0.86245;0.86239;0;T;True;2
1621252131000;11542859;0.86233;0.86245;0.86239;0;T;True;2
1621252132000;11542860;0.86233;0.86245;0.86239;0;T;True;2
1621252133000;11542861;0.86233;0.86245;0.86239;0;T;True;2
1621252134000;11542862;0.86233;0.86245;0.86239;0;T;True;2
1621252135000;11542864;0.86233;0.86245;0.86239;1;T;True;2
1621252136000;11542865;0.86233;0.86245;0.86239;0;T;True;2
1621252137000;11542866;0.86233;0.86245;0.86239;0;T;True;2
1621252138000;11542867;0.86233;0.86245;0.86239;0;T;True;2
1621252139000;11542868;0.86233;0.86245;0.86239;0;T;True;2
1621252140000;11542870;0.86235;0.86247;0.86241;1;T;True;2
1621252141000;11542871;0.86235;0.86247;0.86241;0;T;True;2
1621252142000;11542872;0.86235;0.86247;0.86241;0;T;True;2
1621252143000;11542873;0.86235;0.86247;0.86241;0;T;True;2
1621252144000;11542874;0.86235;0.86247;0.86241;0;T;True;2
1621252145000;11542875;0.86235;0.86247;0.86241;0;T;True;2
1621252146000;11542876;0.86235;0.86247;0.86241;0;T;True;2
1621252147000;11542877;0.86235;0.86247;0.86241;0;T;True;2
1621252148000;11542878;0.86235;0.86247;0.86241;0;T;True;2
1621252149000;11542879;0.86235;0.86247;0.86241;0;T;True;2
1621252150000;11542880;0.86235;0.86247;0.86241;0;T;True;2
1621252151000;11542881;0.86235;0.86247;0.86241;0;T;True;2
1621252152000;11542883;0.86233;0.86245;0.86239;1;T;True;2
1621252153000;11542884;0.86233;0.86245;0.86239;0;T;True;2
1621252154000;11542885;0.86233;0.86245;0.86239;0;T;True;2
1621252155000;11542886;0.86233;0.86245;0.86239;0;T;True;2
1621252156000;11542888;0.86234;0.86246;0.8624;1;T;True;2
1621252157000;11542889;0.86234;0.86246;0.8624;0;T;True;2
1621252158000;11542890;0.86234;0.86246;0.8624;0;T;True;2
1621252159000;11542891;0.86234;0.86246;0.8624;0;T;True;2
1621252160000;11542892;0.86234;0.86246;0.8624;0;T;True;2
1621252161000;11542899;0.86231;0.86243;0.86237;6;T;True;2
1621252162000;11542900;0.86231;0.86243;0.86237;0;T;True;2
1621252163000;11542902;0.86231;0.86243;0.86237;1;T;True;2
1621252164000;11542903;0.86231;0.86243;0.86237;0;T;True;2
1621252165000;11542905;0.86232;0.86244;0.86238;1;T;True;2
1621252166000;11542906;0.86232;0.86244;0.86238;0;T;True;2
1621252167000;11542907;0.86232;0.86244;0.86238;0;T;True;2
1621252168000;11542909;0.86232;0.86244;0.86238;1;T;True;2
1621252169000;11542910;0.86232;0.86244;0.86238;0;T;True;2
1621252170000;11542911;0.86232;0.86244;0.86238;0;T;True;2
1621252171000;11542912;0.86232;0.86244;0.86238;0;T;True;2
1621252172000;11542914;0.86231;0.86243;0.86237;1;T;True;2
1621252173000;11542915;0.86231;0.86243;0.86237;0;T;True;2
1621252174000;11542916;0.86231;0.86243;0.86237;0;T;True;2
1621252175000;11542917;0.86231;0.86243;0.86237;0;T;True;2
1621252176000;11542919;0.8623;0.86242;0.86236;1;T;True;2
1621252177000;11542920;0.8623;0.86242;0.86236;0;T;True;2
1621252178000;11542922;0.86229;0.86241;0.86235;1;T;True;2
1621252179000;11542923;0.86229;0.86241;0.86235;0;T;True;2
1621252180000;11542924;0.86229;0.86241;0.86235;0;T;True;2
1621252181000;11542925;0.86229;0.86241;0.86235;0;T;True;2
1621252182000;11542926;0.86229;0.86241;0.86235;0;T;True;2
1621252183000;11542927;0.86229;0.86241;0.86235;0;T;True;2
1621252184000;11542929;0.86227;0.86239;0.86233;1;T;True;2
1621252185000;11542931;0.86227;0.86239;0.86233;1;T;True;2
1621252186000;11542932;0.86227;0.86239;0.86233;0;T;True;2
1621252187000;11542933;0.86227;0.86239;0.86233;0;T;True;2
1621252188000;11542934;0.86227;0.86239;0.86233;0;T;True;2
1621252189000;11542935;0.86227;0.86239;0.86233;0;T;True;2
1621252190000;11542938;0.86227;0.86239;0.86233;2;T;True;2
1621252191000;11542948;0.86233;0.86245;0.86239;9;T;True;2
1621252192000;11542950;0.86233;0.86245;0.86239;1;T;True;2
1621252193000;11542952;0.86235;0.86247;0.86241;1;T;True;2
1621252194000;11542953;0.86235;0.86247;0.86241;0;T;True;2
1621252195000;11542955;0.86236;0.86248;0.86242;1;T;True;2
1621252196000;11542956;0.86236;0.86248;0.86242;0;T;True;2
1621252197000;11542957;0.86236;0.86248;0.86242;0;T;True;2
1621252198000;11542958;0.86236;0.86248;0.86242;0;T;True;2
1621252199000;11542959;0.86236;0.86248;0.86242;0;T;True;2
1621252200000;11542960;0.86236;0.86248;0.86242;0;T;True;2
1621252201000;11542961;0.86236;0.86248;0.86242;0;T;True;2
1621252202000;11542962;0.86236;0.86248;0.86242;0;T;True;2
1621252203000;11542965;0.86235;0.86247;0.86241;2;T;True;2
1621252204000;11542966;0.86235;0.86247;0.86241;0;T;True;2
1621252205000;11542967;0.86235;0.86247;0.86241;0;T;True;2
1621252206000;11542968;0.86235;0.86247;0.86241;0;T;True;2
1621252207000;11542969;0.86235;0.86247;0.86241;0;T;True;2
1621252208000;11542970;0.86235;0.86247;0.86241;0;T;True;2
1621252209000;11542971;0.86235;0.86247;0.86241;0;T;True;2
1621252210000;11542972;0.86235;0.86247;0.86241;0;T;True;2
1621252211000;11542973;0.86235;0.86247;0.86241;0;T;True;2
1621252212000;11542974;0.86235;0.86247;0.86241;0;T;True;2
1621252213000;11542975;0.86235;0.86247;0.86241;0;T;True;2
1621252214000;11542976;0.86235;0.86247;0.86241;0;T;True;2
1621252215000;11542977;0.86235;0.86247;0.86241;0;T;True;2
1621252216000;11542978;0.86235;0.86247;0.86241;0;T;True;2
1621252217000;11542980;0.86233;0.86245;0.86239;1;T;True;2
1621252218000;11542983;0.86234;0.86246;0.8624;2;T;True;2
1621252219000;11542989;0.86233;0.86245;0.86239;5;T;True;2
1621252220000;11542990;0.86233;0.86245;0.86239;0;T;True;2
1621252221000;11542991;0.86233;0.86245;0.86239;0;T;True;2
1621252222000;11542992;0.86233;0.86245;0.86239;0;T;True;2
1621252223000;11542994;0.86235;0.86247;0.86241;1;T;True;2
1621252224000;11542995;0.86235;0.86247;0.86241;0;T;True;2
1621252225000;11542996;0.86235;0.86247;0.86241;0;T;True;2
1621252226000;11542997;0.86235;0.86247;0.86241;0;T;True;2
1621252227000;11542998;0.86235;0.86247;0.86241;0;T;True;2
1621252228000;11542999;0.86235;0.86247;0.86241;0;T;True;2
1621252229000;11543000;0.86235;0.86247;0.86241;0;T;True;2
1621252230000;11543003;0.86232;0.86244;0.86238;2;T;True;2
1621252231000;11543004;0.86232;0.86244;0.86238;0;T;True;2
1621252232000;11543005;0.86232;0.86244;0.86238;0;T;True;2
1621252233000;11543006;0.86232;0.86244;0.86238;0;T;True;2
1621252234000;11543007;0.86232;0.86244;0.86238;0;T;True;2
1621252235000;11543010;0.86229;0.86241;0.86235;2;T;True;2
1621252236000;11543011;0.86229;0.86241;0.86235;0;T;True;2
1621252237000;11543012;0.86229;0.86241;0.86235;0;T;True;2
1621252238000;11543013;0.86229;0.86241;0.86235;0;T;True;2
1621252239000;11543014;0.86229;0.86241;0.86235;0;T;True;2
1621252240000;11543015;0.86229;0.86241;0.86235;0;T;True;2
1621252241000;11543016;0.86229;0.86241;0.86235;0;T;True;2
1621252242000;11543017;0.86229;0.86241;0.86235;0;T;True;2
1621252243000;11543018;0.86229;0.86241;0.86235;0;T;True;2
1621252244000;11543019;0.86229;0.86241;0.86235;0;T;True;2
1621252245000;11543020;0.86229;0.86241;0.86235;0;T;True;2
1621252246000;11543022;0.86229;0.86241;0.86235;1;T;True;2
1621252247000;11543023;0.86229;0.86241;0.86235;0;T;True;2
1621252248000;11543024;0.86229;0.86241;0.86235;0;T;True;2
1621252249000;11543025;0.86229;0.86241;0.86235;0;T;True;2
1621252250000;11543026;0.86229;0.86241;0.86235;0;T;True;2
1621252251000;11543027;0.86229;0.86241;0.86235;0;T;True;2
1621252252000;11543029;0.86229;0.86241;0.86235;1;T;True;2
1621252253000;11543030;0.86229;0.86241;0.86235;0;T;True;2
1621252254000;11543031;0.86229;0.86241;0.86235;0;T;True;2
1621252255000;11543032;0.86229;0.86241;0.86235;0;T;True;2
1621252256000;11543033;0.86229;0.86241;0.86235;0;T;True;2
1621252257000;11543034;0.86229;0.86241;0.86235;0;T;True;2
1621252258000;11543035;0.86229;0.86241;0.86235;0;T;True;2
1621252259000;11543036;0.86229;0.86241;0.86235;0;T;True;2
1621252260000;11543037;0.86229;0.86241;0.86235;0;T;True;2
1621252261000;11543038;0.86229;0.86241;0.86235;0;T;True;2
1621252262000;11543039;0.86229;0.86241;0.86235;0;T;True;2
1621252263000;11543040;0.86229;0.86241;0.86235;0;T;True;2
1621252264000;11543041;0.86229;0.86241;0.86235;0;T;True;2
1621252265000;11543046;0.86231;0.86243;0.86237;4;T;True;2
1621252266000;11543049;0.86229;0.86241;0.86235;2;T;True;2
1621252267000;11543050;0.86229;0.86241;0.86235;0;T;True;2
1621252268000;11543051;0.86229;0.86241;0.86235;0;T;True;2
1621252269000;11543052;0.86229;0.86241;0.86235;0;T;True;2
1621252270000;11543053;0.86229;0.86241;0.86235;0;T;True;2
1621252271000;11543056;0.86229;0.86241;0.86235;2;T;True;2
1621252272000;11543057;0.86229;0.86241;0.86235;0;T;True;2
1621252273000;11543058;0.86229;0.86241;0.86235;0;T;True;2
1621252274000;11543059;0.86229;0.86241;0.86235;0;T;True;2
1621252275000;11543064;0.86229;0.86241;0.86235;4;T;True;2
1621252276000;11543065;0.86229;0.86241;0.86235;0;T;True;2
1621252277000;11543069;0.86225;0.86237;0.86231;3;T;True;2
1621252278000;11543071;0.86225;0.86237;0.86231;1;T;True;2
1621252279000;11543074;0.86225;0.86237;0.86231;2;T;True;2
1621252280000;11543075;0.86225;0.86237;0.86231;0;T;True;2
1621252281000;11543076;0.86225;0.86237;0.86231;0;T;True;2
1621252282000;11543079;0.86225;0.86237;0.86231;2;T;True;2
1621252283000;11543080;0.86225;0.86237;0.86231;0;T;True;2
1621252284000;11543082;0.86226;0.86238;0.86232;1;T;True;2
1621252285000;11543085;0.86226;0.86238;0.86232;2;T;True;2
1621252286000;11543087;0.86226;0.86238;0.86232;1;T;True;2
1621252287000;11543088;0.86226;0.86238;0.86232;0;T;True;2
1621252288000;11543089;0.86226;0.86238;0.86232;0;T;True;2
1621252289000;11543090;0.86226;0.86238;0.86232;0;T;True;2
1621252290000;11543093;0.86226;0.86238;0.86232;2;T;True;2
1621252291000;11543095;0.86225;0.86237;0.86231;1;T;True;2
1621252292000;11543099;0.86226;0.86238;0.86232;3;T;True;2
1621252293000;11543101;0.86227;0.86239;0.86233;1;T;True;2
1621252294000;11543102;0.86227;0.86239;0.86233;0;T;True;2
1621252295000;11543103;0.86227;0.86239;0.86233;0;T;True;2
1621252296000;11543104;0.86227;0.86239;0.86233;0;T;True;2
1621252297000;11543105;0.86227;0.86239;0.86233;0;T;True;2
1621252298000;11543106;0.86227;0.86239;0.86233;0;T;True;2
1621252299000;11543107;0.86227;0.86239;0.86233;0;T;True;2
1621252300000;11543108;0.86227;0.86239;0.86233;0;T;True;2
1621252301000;11543114;0.86226;0.86238;0.86232;5;T;True;2
1621252302000;11543116;0.86226;0.86238;0.86232;1;T;True;2
1621252303000;11543118;0.86226;0.86238;0.86232;1;T;True;2
1621252304000;11543119;0.86226;0.86238;0.86232;0;T;True;2
1621252305000;11543120;0.86226;0.86238;0.86232;0;T;True;2
1621252306000;11543121;0.86226;0.86238;0.86232;0;T;True;2
1621252307000;11543123;0.86225;0.86237;0.86231;1;T;True;2
1621252308000;11543124;0.86225;0.86237;0.86231;0;T;True;2
1621252309000;11543126;0.86226;0.86238;0.86232;1;T;True;2
1621252310000;11543134;0.86221;0.86233;0.86227;7;T;True;2
1621252311000;11543135;0.86221;0.86233;0.86227;0;T;True;2
1621252312000;11543136;0.86221;0.86233;0.86227;0;T;True;2
1621252313000;11543137;0.86221;0.86233;0.86227;0;T;True;2
1621252314000;11543139;0.86221;0.86233;0.86227;1;T;True;2
1621252315000;11543142;0.86221;0.86233;0.86227;2;T;True;2
1621252316000;11543144;0.86221;0.86233;0.86227;1;T;True;2
1621252317000;11543145;0.86221;0.86233;0.86227;0;T;True;2
1621252318000;11543146;0.86221;0.86233;0.86227;0;T;True;2
1621252319000;11543149;0.86219;0.86231;0.86225;2;T;True;2
1621252320000;11543150;0.86219;0.86231;0.86225;0;T;True;2
1621252321000;11543151;0.86219;0.86231;0.86225;0;T;True;2
1621252322000;11543152;0.86219;0.86231;0.86225;0;T;True;2
1621252323000;11543154;0.86219;0.86231;0.86225;1;T;True;2
1621252324000;11543156;0.86219;0.86231;0.86225;1;T;True;2
1621252325000;11543157;0.86219;0.86231;0.86225;0;T;True;2
1621252326000;11543159;0.8622;0.86232;0.86226;1;T;True;2
1621252327000;11543160;0.8622;0.86232;0.86226;0;T;True;2
1621252328000;11543161;0.8622;0.86232;0.86226;0;T;True;2
1621252329000;11543163;0.86219;0.86231;0.86225;1;T;True;2
1621252330000;11543164;0.86219;0.86231;0.86225;0;T;True;2
1621252331000;11543165;0.86219;0.86231;0.86225;0;T;True;2
1621252332000;11543166;0.86219;0.86231;0.86225;0;T;True;2
1621252333000;11543167;0.86219;0.86231;0.86225;0;T;True;2
1621252334000;11543168;0.86219;0.86231;0.86225;0;T;True;2
1621252335000;11543169;0.86219;0.86231;0.86225;0;T;True;2
1621252336000;11543175;0.86228;0.8624;0.86234;5;T;True;2
1621252337000;11543179;0.86229;0.86241;0.86235;3;T;True;2
1621252338000;11543180;0.86229;0.86241;0.86235;0;T;True;2
1621252339000;11543181;0.86229;0.86241;0.86235;0;T;True;2
1621252340000;11543182;0.86229;0.86241;0.86235;0;T;True;2
1621252341000;11543187;0.86233;0.86245;0.86239;4;T;True;2
1621252342000;11543188;0.86233;0.86245;0.86239;0;T;True;2
1621252343000;11543191;0.86231;0.86243;0.86237;2;T;True;2
1621252344000;11543192;0.86231;0.86243;0.86237;0;T;True;2
1621252345000;11543193;0.86231;0.86243;0.86237;0;T;True;2
1621252346000;11543197;0.86229;0.86241;0.86235;3;T;True;2
1621252347000;11543200;0.86229;0.86241;0.86235;2;T;True;2
1621252348000;11543201;0.86229;0.86241;0.86235;0;T;True;2
1621252349000;11543203;0.86227;0.86239;0.86233;1;T;True;2
1621252350000;11543204;0.86227;0.86239;0.86233;0;T;True;2
1621252351000;11543206;0.86226;0.86238;0.86232;1;T;True;2
1621252352000;11543207;0.86226;0.86238;0.86232;0;T;True;2
1621252353000;11543210;0.86224;0.86236;0.8623;2;T;True;2
1621252354000;11543213;0.86224;0.86236;0.8623;2;T;True;2
1621252355000;11543214;0.86224;0.86236;0.8623;0;T;True;2
1621252356000;11543217;0.86227;0.86239;0.86233;2;T;True;2
1621252357000;11543220;0.86228;0.8624;0.86234;2;T;True;2
1621252358000;11543222;0.86229;0.86241;0.86235;1;T;True;2
1621252359000;11543223;0.86229;0.86241;0.86235;0;T;True;2
1621252360000;11543224;0.86229;0.86241;0.86235;0;T;True;2
1621252361000;11543226;0.86229;0.86241;0.86235;1;T;True;2
1621252362000;11543227;0.86229;0.86241;0.86235;0;T;True;2
1621252363000;11543229;0.86229;0.86241;0.86235;1;T;True;2
1621252364000;11543231;0.86229;0.86241;0.86235;1;T;True;2
1621252365000;11543242;0.86229;0.86241;0.86235;10;T;True;2
1621252366000;11543247;0.86225;0.86237;0.86231;4;T;True;2
1621252367000;11543252;0.86227;0.86239;0.86233;4;T;True;2
1621252368000;11543256;0.86227;0.86239;0.86233;3;T;True;2
1621252369000;11543260;0.86229;0.86241;0.86235;3;T;True;2
1621252370000;11543268;0.86225;0.86237;0.86231;7;T;True;2
1621252371000;11543269;0.86225;0.86237;0.86231;0;T;True;2
1621252372000;11543271;0.86227;0.86239;0.86233;1;T;True;2
1621252373000;11543272;0.86227;0.86239;0.86233;0;T;True;2
1621252374000;11543274;0.86229;0.86241;0.86235;1;T;True;2
1621252375000;11543277;0.86229;0.86241;0.86235;2;T;True;2
1621252376000;11543278;0.86229;0.86241;0.86235;0;T;True;2
1621252377000;11543282;0.86231;0.86243;0.86237;3;T;True;2
1621252378000;11543288;0.86228;0.8624;0.86234;5;T;True;2
1621252379000;11543289;0.86228;0.8624;0.86234;0;T;True;2
1621252380000;11543291;0.86228;0.8624;0.86234;1;T;True;2
1621252381000;11543301;0.86229;0.86241;0.86235;9;T;True;2
1621252382000;11543302;0.86229;0.86241;0.86235;0;T;True;2
1621252383000;11543304;0.86227;0.86239;0.86233;1;T;True;2
1621252384000;11543305;0.86227;0.86239;0.86233;0;T;True;2
1621252385000;11543306;0.86227;0.86239;0.86233;0;T;True;2
1621252386000;11543308;0.86226;0.86238;0.86232;1;T;True;2
1621252387000;11543309;0.86226;0.86238;0.86232;0;T;True;2
1621252388000;11543311;0.86225;0.86237;0.86231;1;T;True;2
1621252389000;11543314;0.86225;0.86237;0.86231;2;T;True;2
1621252390000;11543317;0.86224;0.86236;0.8623;2;T;True;2
1621252391000;11543328;0.8622;0.86232;0.86226;10;T;True;2
1621252392000;11543331;0.86219;0.86231;0.86225;2;T;True;2
1621252393000;11543333;0.86219;0.86231;0.86225;1;T;True;2
1621252394000;11543335;0.86219;0.86231;0.86225;1;T;True;2
1621252395000;11543337;0.86219;0.86231;0.86225;1;T;True;2
1621252396000;11543339;0.8622;0.86232;0.86226;1;T;True;2
1621252397000;11543346;0.86223;0.86235;0.86229;6;T;True;2
1621252398000;11543352;0.86224;0.86236;0.8623;5;T;True;2
1621252399000;11543353;0.86224;0.86236;0.8623;0;T;True;2
1621252400000;11543354;0.86224;0.86236;0.8623;0;T;True;2
1621252401000;11543360;0.86225;0.86237;0.86231;5;T;True;2
1621252402000;11543363;0.86225;0.86237;0.86231;2;T;True;2
1621252403000;11543369;0.86225;0.86237;0.86231;5;T;True;2
1621252404000;11543377;0.86225;0.86237;0.86231;7;T;True;2
1621252405000;11543381;0.86226;0.86238;0.86232;3;T;True;2
1621252406000;11543382;0.86226;0.86238;0.86232;0;T;True;2
1621252407000;11543383;0.86226;0.86238;0.86232;0;T;True;2
1621252408000;11543384;0.86226;0.86238;0.86232;0;T;True;2
1621252409000;11543385;0.86226;0.86238;0.86232;0;T;True;2
1621252410000;11543386;0.86226;0.86238;0.86232;0;T;True;2
1621252411000;11543388;0.86226;0.86238;0.86232;1;T;True;2
1621252412000;11543393;0.86227;0.86239;0.86233;4;T;True;2
1621252413000;11543394;0.86227;0.86239;0.86233;0;T;True;2
1621252414000;11543395;0.86227;0.86239;0.86233;0;T;True;2
1621252415000;11543396;0.86227;0.86239;0.86233;0;T;True;2
1621252416000;11543400;0.86227;0.86239;0.86233;3;T;True;2
1621252417000;11543401;0.86227;0.86239;0.86233;0;T;True;2
1621252418000;11543402;0.86227;0.86239;0.86233;0;T;True;2
1621252419000;11543408;0.86227;0.86239;0.86233;5;T;True;2
1621252420000;11543411;0.86229;0.86241;0.86235;2;T;True;2
1621252421000;11543412;0.86229;0.86241;0.86235;0;T;True;2
1621252422000;11543414;0.86229;0.86241;0.86235;1;T;True;2
1621252423000;11543416;0.86229;0.86241;0.86235;1;T;True;2
1621252424000;11543417;0.86229;0.86241;0.86235;0;T;True;2
1621252425000;11543420;0.86229;0.86241;0.86235;2;T;True;2
1621252426000;11543421;0.86229;0.86241;0.86235;0;T;True;2
1621252427000;11543424;0.86231;0.86243;0.86237;2;T;True;2
1621252428000;11543425;0.86231;0.86243;0.86237;0;T;True;2
1621252429000;11543426;0.86231;0.86243;0.86237;0;T;True;2
1621252430000;11543428;0.86231;0.86243;0.86237;1;T;True;2
1621252431000;11543429;0.86231;0.86243;0.86237;0;T;True;2
1621252432000;11543432;0.86233;0.86245;0.86239;2;T;True;2
1621252433000;11543433;0.86233;0.86245;0.86239;0;T;True;2
1621252434000;11543437;0.86233;0.86245;0.86239;3;T;True;2
1621252435000;11543440;0.86233;0.86245;0.86239;2;T;True;2
1621252436000;11543444;0.86233;0.86245;0.86239;3;T;True;2
1621252437000;11543447;0.86233;0.86245;0.86239;2;T;True;2
1621252438000;11543451;0.86235;0.86247;0.86241;3;T;True;2
1621252439000;11543452;0.86235;0.86247;0.86241;0;T;True;2
1621252440000;11543453;0.86235;0.86247;0.86241;0;T;True;2
1621252441000;11543454;0.86235;0.86247;0.86241;0;T;True;2
1621252442000;11543455;0.86235;0.86247;0.86241;0;T;True;2
1621252443000;11543456;0.86235;0.86247;0.86241;0;T;True;2
1621252444000;11543461;0.86232;0.86244;0.86238;4;T;True;2
1621252445000;11543462;0.86232;0.86244;0.86238;0;T;True;2
1621252446000;11543466;0.86233;0.86245;0.86239;3;T;True;2
1621252447000;11543473;0.86237;0.86249;0.86243;6;T;True;2
1621252448000;11543474;0.86237;0.86249;0.86243;0;T;True;2
1621252449000;11543475;0.86237;0.86249;0.86243;0;T;True;2
1621252450000;11543476;0.86237;0.86249;0.86243;0;T;True;2
1621252451000;11543479;0.86236;0.86248;0.86242;2;T;True;2
1621252452000;11543487;0.86233;0.86245;0.86239;7;T;True;2
1621252453000;11543490;0.86233;0.86245;0.86239;2;T;True;2
1621252454000;11543492;0.86233;0.86245;0.86239;1;T;True;2
1621252455000;11543497;0.86233;0.86245;0.86239;4;T;True;2
1621252456000;11543499;0.86233;0.86245;0.86239;1;T;True;2
1621252457000;11543503;0.86233;0.86245;0.86239;3;T;True;2
1621252458000;11543504;0.86233;0.86245;0.86239;0;T;True;2
1621252459000;11543505;0.86233;0.86245;0.86239;0;T;True;2
1621252460000;11543506;0.86233;0.86245;0.86239;0;T;True;2
1621252461000;11543507;0.86233;0.86245;0.86239;0;T;True;2
1621252462000;11543510;0.86231;0.86243;0.86237;2;T;True;2
1621252463000;11543511;0.86231;0.86243;0.86237;0;T;True;2
1621252464000;11543513;0.86231;0.86243;0.86237;1;T;True;2
1621252465000;11543518;0.8623;0.86242;0.86236;4;T;True;2
1621252466000;11543527;0.86224;0.86236;0.8623;8;T;True;2
1621252467000;11543535;0.86224;0.86236;0.8623;7;T;True;2
1621252468000;11543537;0.86224;0.86236;0.8623;1;T;True;2
1621252469000;11543540;0.86225;0.86237;0.86231;2;T;True;2
1621252470000;11543541;0.86225;0.86237;0.86231;0;T;True;2
1621252471000;11543542;0.86225;0.86237;0.86231;0;T;True;2
1621252472000;11543543;0.86225;0.86237;0.86231;0;T;True;2
1621252473000;11543546;0.86225;0.86237;0.86231;2;T;True;2
1621252474000;11543549;0.86227;0.86239;0.86233;2;T;True;2
1621252475000;11543550;0.86227;0.86239;0.86233;0;T;True;2
1621252476000;11543551;0.86227;0.86239;0.86233;0;T;True;2
1621252477000;11543557;0.86229;0.86241;0.86235;5;T;True;2
1621252478000;11543560;0.86229;0.86241;0.86235;2;T;True;2
1621252479000;11543564;0.8623;0.86242;0.86236;3;T;True;2
1621252480000;11543566;0.86229;0.86241;0.86235;1;T;True;2
1621252481000;11543568;0.86229;0.86241;0.86235;1;T;True;2
1621252482000;11543573;0.86224;0.86236;0.8623;4;T;True;2
1621252483000;11543579;0.86224;0.86236;0.8623;5;T;True;2
1621252484000;11543580;0.86224;0.86236;0.8623;0;T;True;2
1621252485000;11543581;0.86224;0.86236;0.8623;0;T;True;2
1621252486000;11543585;0.86225;0.86237;0.86231;3;T;True;2
1621252487000;11543587;0.86226;0.86238;0.86232;1;T;True;2
1621252488000;11543588;0.86226;0.86238;0.86232;0;T;True;2
1621252489000;11543590;0.86225;0.86237;0.86231;1;T;True;2
1621252490000;11543591;0.86225;0.86237;0.86231;0;T;True;2
1621252491000;11543592;0.86225;0.86237;0.86231;0;T;True;2
1621252492000;11543593;0.86225;0.86237;0.86231;0;T;True;2
1621252493000;11543594;0.86225;0.86237;0.86231;0;T;True;2
1621252494000;11543595;0.86225;0.86237;0.86231;0;T;True;2
1621252495000;11543596;0.86225;0.86237;0.86231;0;T;True;2
1621252496000;11543597;0.86225;0.86237;0.86231;0;T;True;2
1621252497000;11543598;0.86225;0.86237;0.86231;0;T;True;2
1621252498000;11543599;0.86225;0.86237;0.86231;0;T;True;2
1621252499000;11543600;0.86225;0.86237;0.86231;0;T;True;2
1621252500000;11543601;0.86225;0.86237;0.86231;0;T;True;2
1621252501000;11543609;0.86221;0.86233;0.86227;7;T;True;2
1621252502000;11543611;0.86221;0.86233;0.86227;1;T;True;2
1621252503000;11543612;0.86221;0.86233;0.86227;0;T;True;2
1621252504000;11543613;0.86221;0.86233;0.86227;0;T;True;2
1621252505000;11543619;0.86219;0.86231;0.86225;5;T;True;2
1621252506000;11543620;0.86219;0.86231;0.86225;0;T;True;2
1621252507000;11543623;0.86219;0.86231;0.86225;2;T;True;2
1621252508000;11543626;0.86219;0.86231;0.86225;2;T;True;2
1621252509000;11543629;0.86219;0.86231;0.86225;2;T;True;2
1621252510000;11543630;0.86219;0.86231;0.86225;0;T;True;2
1621252511000;11543635;0.86219;0.86231;0.86225;4;T;True;2
1621252512000;11543639;0.86218;0.8623;0.86224;3;T;True;2
1621252513000;11543640;0.86218;0.8623;0.86224;0;T;True;2
1621252514000;11543641;0.86218;0.8623;0.86224;0;T;True;2
1621252515000;11543643;0.86218;0.8623;0.86224;1;T;True;2
1621252516000;11543644;0.86218;0.8623;0.86224;0;T;True;2
1621252517000;11543645;0.86218;0.8623;0.86224;0;T;True;2
1621252518000;11543646;0.86218;0.8623;0.86224;0;T;True;2
1621252519000;11543647;0.86218;0.8623;0.86224;0;T;True;2
1621252520000;11543650;0.86218;0.8623;0.86224;2;T;True;2
1621252521000;11543651;0.86218;0.8623;0.86224;0;T;True;2
1621252522000;11543655;0.86218;0.8623;0.86224;3;T;True;2
1621252523000;11543657;0.86218;0.8623;0.86224;1;T;True;2
1621252524000;11543658;0.86218;0.8623;0.86224;0;T;True;2
1621252525000;11543660;0.86218;0.8623;0.86224;1;T;True;2
1621252526000;11543661;0.86218;0.8623;0.86224;0;T;True;2
1621252527000;11543662;0.86218;0.8623;0.86224;0;T;True;2
1621252528000;11543666;0.86218;0.8623;0.86224;3;T;True;2
1621252529000;11543667;0.86218;0.8623;0.86224;0;T;True;2
1621252530000;11543668;0.86218;0.8623;0.86224;0;T;True;2
1621252531000;11543671;0.86219;0.86231;0.86225;2;T;True;2
1621252532000;11543672;0.86219;0.86231;0.86225;0;T;True;2
1621252533000;11543673;0.86219;0.86231;0.86225;0;T;True;2
1621252534000;11543674;0.86219;0.86231;0.86225;0;T;True;2
1621252535000;11543675;0.86219;0.86231;0.86225;0;T;True;2
1621252536000;11543677;0.86218;0.8623;0.86224;1;T;True;2
1621252537000;11543678;0.86218;0.8623;0.86224;0;T;True;2
1621252538000;11543679;0.86218;0.8623;0.86224;0;T;True;2
1621252539000;11543685;0.86221;0.86233;0.86227;5;T;True;2
1621252540000;11543686;0.86221;0.86233;0.86227;0;T;True;2
1621252541000;11543687;0.86221;0.86233;0.86227;0;T;True;2
1621252542000;11543689;0.86221;0.86233;0.86227;1;T;True;2
1621252543000;11543694;0.86217;0.86229;0.86223;4;T;True;2
1621252544000;11543695;0.86217;0.86229;0.86223;0;T;True;2
1621252545000;11543697;0.86217;0.86229;0.86223;1;T;True;2
1621252546000;11543698;0.86217;0.86229;0.86223;0;T;True;2
1621252547000;11543699;0.86217;0.86229;0.86223;0;T;True;2
1621252548000;11543701;0.86218;0.8623;0.86224;1;T;True;2
1621252549000;11543708;0.86219;0.86231;0.86225;6;T;True;2
1621252550000;11543711;0.86219;0.86231;0.86225;2;T;True;2
1621252551000;11543712;0.86219;0.86231;0.86225;0;T;True;2
1621252552000;11543713;0.86219;0.86231;0.86225;0;T;True;2
1621252553000;11543715;0.86219;0.86231;0.86225;1;T;True;2
1621252554000;11543717;0.86219;0.86231;0.86225;1;T;True;2
1621252555000;11543723;0.86221;0.86233;0.86227;5;T;True;2
1621252556000;11543725;0.86221;0.86233;0.86227;1;T;True;2
1621252557000;11543727;0.86221;0.86233;0.86227;1;T;True;2
1621252558000;11543731;0.86221;0.86233;0.86227;3;T;True;2
1621252559000;11543732;0.86221;0.86233;0.86227;0;T;True;2
1621252560000;11543733;0.86221;0.86233;0.86227;0;T;True;2
1621252561000;11543737;0.86223;0.86235;0.86229;3;T;True;2
1621252562000;11543739;0.86223;0.86235;0.86229;1;T;True;2
1621252563000;11543741;0.86223;0.86235;0.86229;1;T;True;2
1621252564000;11543742;0.86223;0.86235;0.86229;0;T;True;2
1621252565000;11543743;0.86223;0.86235;0.86229;0;T;True;2
1621252566000;11543744;0.86223;0.86235;0.86229;0;T;True;2
1621252567000;11543745;0.86223;0.86235;0.86229;0;T;True;2
1621252568000;11543746;0.86223;0.86235;0.86229;0;T;True;2
1621252569000;11543750;0.8622;0.86232;0.86226;3;T;True;2
1621252570000;11543751;0.8622;0.86232;0.86226;0;T;True;2
1621252571000;11543758;0.86221;0.86233;0.86227;6;T;True;2
1621252572000;11543759;0.86221;0.86233;0.86227;0;T;True;2
1621252573000;11543761;0.86221;0.86233;0.86227;1;T;True;2
1621252574000;11543762;0.86221;0.86233;0.86227;0;T;True;2
1621252575000;11543763;0.86221;0.86233;0.86227;0;T;True;2
1621252576000;11543764;0.86221;0.86233;0.86227;0;T;True;2
1621252577000;11543766;0.86221;0.86233;0.86227;1;T;True;2
1621252578000;11543767;0.86221;0.86233;0.86227;0;T;True;2
1621252579000;11543769;0.86223;0.86235;0.86229;1;T;True;2
1621252580000;11543770;0.86223;0.86235;0.86229;0;T;True;2
1621252581000;11543771;0.86223;0.86235;0.86229;0;T;True;2
1621252582000;11543772;0.86223;0.86235;0.86229;0;T;True;2
1621252583000;11543775;0.86221;0.86233;0.86227;2;T;True;2
1621252584000;11543778;0.86221;0.86233;0.86227;2;T;True;2
1621252585000;11543779;0.86221;0.86233;0.86227;0;T;True;2
1621252586000;11543780;0.86221;0.86233;0.86227;0;T;True;2
1621252587000;11543782;0.86221;0.86233;0.86227;1;T;True;2
