ts;n;bid;ask;value;volume;phase;round;active_id
1621261662000;11563677;0.86122;0.86134;0.86128;0;T;True;2
1621261663000;11563679;0.86121;0.86133;0.86127;1;T;True;2
1621261664000;11563681;0.86119;0.86131;0.86125;1;T;True;2
1621261665000;11563685;0.86119;0.86131;0.86125;3;T;True;2
1621261666000;11563686;0.86119;0.86131;0.86125;0;T;True;2
1621261667000;11563687;0.86119;0.86131;0.86125;0;T;True;2
1621261668000;11563688;0.86119;0.86131;0.86125;0;T;True;2
1621261669000;11563689;0.86119;0.86131;0.86125;0;T;True;2
1621261670000;11563690;0.86119;0.86131;0.86125;0;T;True;2
1621261671000;11563691;0.86119;0.86131;0.86125;0;T;True;2
1621261672000;11563693;0.86117;0.86129;0.86123;1;T;True;2
1621261673000;11563695;0.86118;0.8613;0.86124;1;T;True;2
1621261674000;11563696;0.86118;0.8613;0.86124;0;T;True;2
1621261675000;11563697;0.86118;0.8613;0.86124;0;T;True;2
1621261676000;11563698;0.86118;0.8613;0.86124;0;T;True;2
1621261677000;11563705;0.86113;0.86125;0.86119;6;T;True;2
1621261678000;11563707;0.86114;0.86126;0.8612;1;T;True;2
1621261679000;11563708;0.86114;0.86126;0.8612;0;T;True;2
1621261680000;11563710;0.86113;0.86125;0.86119;1;T;True;2
1621261681000;11563713;0.86109;0.86121;0.86115;2;T;True;2
1621261682000;11563714;0.86109;0.86121;0.86115;0;T;True;2
1621261683000;11563718;0.86111;0.86123;0.86117;3;T;True;2
1621261684000;11563725;0.86109;0.86121;0.86115;6;T;True;2
1621261685000;11563729;0.86108;0.8612;0.86114;3;T;True;2
1621261686000;11563730;0.86108;0.8612;0.86114;0;T;True;2
1621261687000;11563734;0.86106;0.86118;0.86112;3;T;True;2
1621261688000;11563738;0.86107;0.86119;0.86113;3;T;True;2
1621261689000;11563739;0.86107;0.86119;0.86113;0;T;True;2
1621261690000;11563740;0.86107;0.86119;0.86113;0;T;True;2
1621261691000;11563741;0.86107;0.86119;0.86113;0;T;True;2
1621261692000;11563742;0.86107;0.86119;0.86113;0;T;True;2
1621261693000;11563746;0.8611;0.86122;0.86116;3;T;True;2
1621261694000;11563754;0.86117;0.86129;0.86123;7;T;True;2
1621261695000;11563756;0.86116;0.86128;0.86122;1;T;True;2
1621261696000;11563759;0.86118;0.8613;0.86124;2;T;True;2
1621261697000;11563764;0.86119;0.86131;0.86125;4;T;True;2
1621261698000;11563772;0.86123;0.86135;0.86129;7;T;True;2
1621261699000;11563778;0.86123;0.86135;0.86129;5;T;True;2
1621261700000;11563781;0.86123;0.86135;0.86129;2;T;True;2
1621261701000;11563784;0.86123;0.86135;0.86129;2;T;True;2
1621261702000;11563787;0.86124;0.86136;0.8613;2;T;True;2
1621261703000;11563794;0.86125;0.86137;0.86131;6;T;True;2
1621261704000;11563797;0.86125;0.86137;0.86131;2;T;True;2
1621261705000;11563799;0.86126;0.86138;0.86132;1;T;True;2
1621261706000;11563800;0.86126;0.86138;0.86132;0;T;True;2
1621261707000;11563801;0.86126;0.86138;0.86132;0;T;True;2
1621261708000;11563805;0.86123;0.86135;0.86129;3;T;True;2
1621261709000;11563811;0.86124;0.86136;0.8613;5;T;True;2
1621261710000;11563815;0.86124;0.86136;0.8613;3;T;True;2
1621261711000;11563817;0.86123;0.86135;0.86129;1;T;True;2
1621261712000;11563818;0.86123;0.86135;0.86129;0;T;True;2
1621261713000;11563822;0.86124;0.86136;0.8613;3;T;True;2
1621261714000;11563823;0.86124;0.86136;0.8613;0;T;True;2
1621261715000;11563830;0.86127;0.86139;0.86133;6;T;True;2
1621261716000;11563835;0.86129;0.86141;0.86135;4;T;True;2
1621261717000;11563841;0.86127;0.86139;0.86133;5;T;True;2
1621261718000;11563843;0.86129;0.86141;0.86135;1;T;True;2
1621261719000;11563844;0.86129;0.86141;0.86135;0;T;True;2
1621261720000;11563847;0.86128;0.8614;0.86134;2;T;True;2
1621261721000;11563849;0.86127;0.86139;0.86133;1;T;True;2
1621261722000;11563852;0.86129;0.86141;0.86135;2;T;True;2
1621261723000;11563853;0.86129;0.86141;0.86135;0;T;True;2
1621261724000;11563854;0.86129;0.86141;0.86135;0;T;True;2
1621261725000;11563855;0.86129;0.86141;0.86135;0;T;True;2
1621261726000;11563856;0.86129;0.86141;0.86135;0;T;True;2
1621261727000;11563857;0.86129;0.86141;0.86135;0;T;True;2
1621261728000;11563858;0.86129;0.86141;0.86135;0;T;True;2
1621261729000;11563861;0.86129;0.86141;0.86135;2;T;True;2
1621261730000;11563862;0.86129;0.86141;0.86135;0;T;True;2
1621261731000;11563866;0.8613;0.86142;0.86136;3;T;True;2
1621261732000;11563870;0.86129;0.86141;0.86135;3;T;True;2
1621261733000;11563871;0.86129;0.86141;0.86135;0;T;True;2
1621261734000;11563873;0.86128;0.8614;0.86134;1;T;True;2
1621261735000;11563874;0.86128;0.8614;0.86134;0;T;True;2
1621261736000;11563875;0.86128;0.8614;0.86134;0;T;True;2
1621261737000;11563878;0.8613;0.86142;0.86136;2;T;True;2
1621261738000;11563879;0.8613;0.86142;0.86136;0;T;True;2
1621261739000;11563883;0.86133;0.86145;0.86139;3;T;True;2
1621261740000;11563887;0.86132;0.86144;0.86138;3;T;True;2
1621261741000;11563891;0.86129;0.86141;0.86135;3;T;True;2
1621261742000;11563892;0.86129;0.86141;0.86135;0;T;True;2
1621261743000;11563894;0.86127;0.86139;0.86133;1;T;True;2
1621261744000;11563895;0.86127;0.86139;0.86133;0;T;True;2
1621261745000;11563896;0.86127;0.86139;0.86133;0;T;True;2
1621261746000;11563899;0.86127;0.86139;0.86133;2;T;True;2
1621261747000;11563901;0.86126;0.86138;0.86132;1;T;True;2
1621261748000;11563903;0.86125;0.86137;0.86131;1;T;True;2
1621261749000;11563909;0.8612;0.86132;0.86126;5;T;True;2
1621261750000;11563914;0.86117;0.86129;0.86123;4;T;True;2
1621261751000;11563918;0.86119;0.86131;0.86125;3;T;True;2
1621261752000;11563924;0.86119;0.86131;0.86125;5;T;True;2
1621261753000;11563927;0.86119;0.86131;0.86125;2;T;True;2
1621261754000;11563928;0.86119;0.86131;0.86125;0;T;True;2
1621261755000;11563929;0.86119;0.86131;0.86125;0;T;True;2
1621261756000;11563930;0.86119;0.86131;0.86125;0;T;True;2
1621261757000;11563940;0.86119;0.86131;0.86125;9;T;True;2
1621261758000;11563943;0.86121;0.86133;0.86127;2;T;True;2
1621261759000;11563947;0.86118;0.8613;0.86124;3;T;True;2
1621261760000;11563949;0.86117;0.86129;0.86123;1;T;True;2
1621261761000;11563951;0.86119;0.86131;0.86125;1;T;True;2
1621261762000;11563953;0.86118;0.8613;0.86124;1;T;True;2
1621261763000;11563954;0.86118;0.8613;0.86124;0;T;True;2
1621261764000;11563957;0.86119;0.86131;0.86125;2;T;True;2
1621261765000;11563960;0.86119;0.86131;0.86125;2;T;True;2
1621261766000;11563961;0.86119;0.86131;0.86125;0;T;True;2
1621261767000;11563968;0.86121;0.86133;0.86127;6;T;True;2
1621261768000;11563972;0.86122;0.86134;0.86128;3;T;True;2
1621261769000;11563973;0.86122;0.86134;0.86128;0;T;True;2
1621261770000;11563976;0.86125;0.86137;0.86131;2;T;True;2
1621261771000;11563977;0.86125;0.86137;0.86131;0;T;True;2
1621261772000;11563978;0.86125;0.86137;0.86131;0;T;True;2
1621261773000;11563979;0.86125;0.86137;0.86131;0;T;True;2
1621261774000;11563981;0.86126;0.86138;0.86132;1;T;True;2
1621261775000;11563984;0.86129;0.86141;0.86135;2;T;True;2
1621261776000;11563985;0.86129;0.86141;0.86135;0;T;True;2
1621261777000;11563986;0.86129;0.86141;0.86135;0;T;True;2
1621261778000;11563990;0.86131;0.86143;0.86137;3;T;True;2
1621261779000;11563991;0.86131;0.86143;0.86137;0;T;True;2
1621261780000;11563995;0.86129;0.86141;0.86135;3;T;True;2
1621261781000;11563996;0.86129;0.86141;0.86135;0;T;True;2
1621261782000;11563997;0.86129;0.86141;0.86135;0;T;True;2
1621261783000;11563998;0.86129;0.86141;0.86135;0;T;True;2
1621261784000;11564001;0.86127;0.86139;0.86133;2;T;True;2
1621261785000;11564002;0.86127;0.86139;0.86133;0;T;True;2
1621261786000;11564003;0.86127;0.86139;0.86133;0;T;True;2
1621261787000;11564008;0.86121;0.86133;0.86127;4;T;True;2
1621261788000;11564010;0.8612;0.86132;0.86126;1;T;True;2
1621261789000;11564011;0.8612;0.86132;0.86126;0;T;True;2
1621261790000;11564019;0.86119;0.86131;0.86125;7;T;True;2
1621261791000;11564020;0.86119;0.86131;0.86125;0;T;True;2
1621261792000;11564024;0.86122;0.86134;0.86128;3;T;True;2
1621261793000;11564031;0.86119;0.86131;0.86125;6;T;True;2
1621261794000;11564036;0.86121;0.86133;0.86127;4;T;True;2
1621261795000;11564037;0.86121;0.86133;0.86127;0;T;True;2
1621261796000;11564039;0.86119;0.86131;0.86125;1;T;True;2
1621261797000;11564041;0.86117;0.86129;0.86123;1;T;True;2
1621261798000;11564043;0.86119;0.86131;0.86125;1;T;True;2
1621261799000;11564049;0.86119;0.86131;0.86125;5;T;True;2
1621261800000;11564054;0.86121;0.86133;0.86127;4;T;True;2
1621261801000;11564060;0.86122;0.86134;0.86128;5;T;True;2
1621261802000;11564063;0.86119;0.86131;0.86125;2;T;True;2
1621261803000;11564066;0.86119;0.86131;0.86125;2;T;True;2
1621261804000;11564075;0.86115;0.86127;0.86121;8;T;True;2
1621261805000;11564079;0.86115;0.86127;0.86121;3;T;True;2
1621261806000;11564080;0.86115;0.86127;0.86121;0;T;True;2
1621261807000;11564081;0.86115;0.86127;0.86121;0;T;True;2
1621261808000;11564086;0.86119;0.86131;0.86125;4;T;True;2
1621261809000;11564089;0.86119;0.86131;0.86125;2;T;True;2
1621261810000;11564091;0.8612;0.86132;0.86126;1;T;True;2
1621261811000;11564093;0.86119;0.86131;0.86125;1;T;True;2
1621261812000;11564098;0.86118;0.8613;0.86124;4;T;True;2
1621261813000;11564105;0.86122;0.86134;0.86128;6;T;True;2
1621261814000;11564107;0.86121;0.86133;0.86127;1;T;True;2
1621261815000;11564112;0.86117;0.86129;0.86123;4;T;True;2
1621261816000;11564121;0.86117;0.86129;0.86123;8;T;True;2
1621261817000;11564128;0.86115;0.86127;0.86121;6;T;True;2
1621261818000;11564136;0.86115;0.86127;0.86121;7;T;True;2
1621261819000;11564141;0.86116;0.86128;0.86122;4;T;True;2
1621261820000;11564143;0.86116;0.86128;0.86122;1;T;True;2
1621261821000;11564146;0.86115;0.86127;0.86121;2;T;True;2
1621261822000;11564149;0.86112;0.86124;0.86118;2;T;True;2
1621261823000;11564154;0.86114;0.86126;0.8612;4;T;True;2
1621261824000;11564155;0.86114;0.86126;0.8612;0;T;True;2
1621261825000;11564156;0.86114;0.86126;0.8612;0;T;True;2
1621261826000;11564159;0.86114;0.86126;0.8612;2;T;True;2
1621261827000;11564162;0.86112;0.86124;0.86118;2;T;True;2
1621261828000;11564163;0.86112;0.86124;0.86118;0;T;True;2
1621261829000;11564166;0.86114;0.86126;0.8612;2;T;True;2
1621261830000;11564168;0.86113;0.86125;0.86119;1;T;True;2
1621261831000;11564170;0.86112;0.86124;0.86118;1;T;True;2
1621261832000;11564171;0.86112;0.86124;0.86118;0;T;True;2
1621261833000;11564172;0.86112;0.86124;0.86118;0;T;True;2
1621261834000;11564173;0.86112;0.86124;0.86118;0;T;True;2
1621261835000;11564174;0.86112;0.86124;0.86118;0;T;True;2
1621261836000;11564175;0.86112;0.86124;0.86118;0;T;True;2
1621261837000;11564176;0.86112;0.86124;0.86118;0;T;True;2
1621261838000;11564182;0.86113;0.86125;0.86119;5;T;True;2
1621261839000;11564186;0.86115;0.86127;0.86121;3;T;True;2
1621261840000;11564189;0.86117;0.86129;0.86123;2;T;True;2
1621261841000;11564192;0.86115;0.86127;0.86121;2;T;True;2
1621261842000;11564193;0.86115;0.86127;0.86121;0;T;True;2
1621261843000;11564195;0.86113;0.86125;0.86119;1;T;True;2
1621261844000;11564197;0.86115;0.86127;0.86121;1;T;True;2
1621261845000;11564200;0.86115;0.86127;0.86121;2;T;True;2
1621261846000;11564204;0.86115;0.86127;0.86121;3;T;True;2
1621261847000;11564207;0.86116;0.86128;0.86122;2;T;True;2
1621261848000;11564209;0.86115;0.86127;0.86121;1;T;True;2
1621261849000;11564211;0.86116;0.86128;0.86122;1;T;True;2
1621261850000;11564212;0.86116;0.86128;0.86122;0;T;True;2
1621261851000;11564217;0.86119;0.86131;0.86125;4;T;True;2
1621261852000;11564220;0.86117;0.86129;0.86123;2;T;True;2
1621261853000;11564221;0.86117;0.86129;0.86123;0;T;True;2
1621261854000;11564223;0.86116;0.86128;0.86122;1;T;True;2
1621261855000;11564225;0.86115;0.86127;0.86121;1;T;True;2
1621261856000;11564226;0.86115;0.86127;0.86121;0;T;True;2
1621261857000;11564230;0.86115;0.86127;0.86121;3;T;True;2
1621261858000;11564231;0.86115;0.86127;0.86121;0;T;True;2
1621261859000;11564235;0.86113;0.86125;0.86119;3;T;True;2
1621261860000;11564239;0.86112;0.86124;0.86118;3;T;True;2
1621261861000;11564241;0.86111;0.86123;0.86117;1;T;True;2
1621261862000;11564244;0.86112;0.86124;0.86118;2;T;True;2
1621261863000;11564248;0.86115;0.86127;0.86121;3;T;True;2
1621261864000;11564249;0.86115;0.86127;0.86121;0;T;True;2
1621261865000;11564252;0.86115;0.86127;0.86121;2;T;True;2
1621261866000;11564254;0.86115;0.86127;0.86121;1;T;True;2
1621261867000;11564256;0.86114;0.86126;0.8612;1;T;True;2
1621261868000;11564260;0.86115;0.86127;0.86121;3;T;True;2
1621261869000;11564263;0.86113;0.86125;0.86119;2;T;True;2
1621261870000;11564265;0.86114;0.86126;0.8612;1;T;True;2
1621261871000;11564269;0.86115;0.86127;0.86121;3;T;True;2
1621261872000;11564273;0.86117;0.86129;0.86123;3;T;True;2
1621261873000;11564278;0.86116;0.86128;0.86122;4;T;True;2
1621261874000;11564279;0.86116;0.86128;0.86122;0;T;True;2
1621261875000;11564280;0.86116;0.86128;0.86122;0;T;True;2
1621261876000;11564281;0.86116;0.86128;0.86122;0;T;True;2
1621261877000;11564282;0.86116;0.86128;0.86122;0;T;True;2
1621261878000;11564283;0.86116;0.86128;0.86122;0;T;True;2
1621261879000;11564284;0.86116;0.86128;0.86122;0;T;True;2
1621261880000;11564286;0.86115;0.86127;0.86121;1;T;True;2
1621261881000;11564294;0.86117;0.86129;0.86123;7;T;True;2
1621261882000;11564295;0.86117;0.86129;0.86123;0;T;True;2
1621261883000;11564299;0.86118;0.8613;0.86124;3;T;True;2
1621261884000;11564300;0.86118;0.8613;0.86124;0;T;True;2
1621261885000;11564303;0.86119;0.86131;0.86125;2;T;True;2
1621261886000;11564306;0.86119;0.86131;0.86125;2;T;True;2
1621261887000;11564307;0.86119;0.86131;0.86125;0;T;True;2
1621261888000;11564308;0.86119;0.86131;0.86125;0;T;True;2
1621261889000;11564310;0.86119;0.86131;0.86125;1;T;True;2
1621261890000;11564315;0.8612;0.86132;0.86126;4;T;True;2
1621261891000;11564318;0.8612;0.86132;0.86126;2;T;True;2
1621261892000;11564320;0.86121;0.86133;0.86127;1;T;True;2
1621261893000;11564323;0.86119;0.86131;0.86125;2;T;True;2
1621261894000;11564328;0.86123;0.86135;0.86129;4;T;True;2
1621261895000;11564329;0.86123;0.86135;0.86129;0;T;True;2
1621261896000;11564330;0.86123;0.86135;0.86129;0;T;True;2
1621261897000;11564337;0.86124;0.86136;0.8613;6;T;True;2
1621261898000;11564340;0.86125;0.86137;0.86131;2;T;True;2
1621261899000;11564342;0.86126;0.86138;0.86132;1;T;True;2
1621261900000;11564346;0.86123;0.86135;0.86129;3;T;True;2
1621261901000;11564357;0.86124;0.86136;0.8613;10;T;True;2
1621261902000;11564364;0.86124;0.86136;0.8613;6;T;True;2
1621261903000;11564368;0.86121;0.86133;0.86127;3;T;True;2
1621261904000;11564369;0.86121;0.86133;0.86127;0;T;True;2
1621261905000;11564372;0.86122;0.86134;0.86128;2;T;True;2
1621261906000;11564375;0.86122;0.86134;0.86128;2;T;True;2
1621261907000;11564378;0.86122;0.86134;0.86128;2;T;True;2
1621261908000;11564379;0.86122;0.86134;0.86128;0;T;True;2
1621261909000;11564385;0.86124;0.86136;0.8613;5;T;True;2
1621261910000;11564387;0.86124;0.86136;0.8613;1;T;True;2
1621261911000;11564388;0.86124;0.86136;0.8613;0;T;True;2
1621261912000;11564391;0.86123;0.86135;0.86129;2;T;True;2
1621261913000;11564392;0.86123;0.86135;0.86129;0;T;True;2
1621261914000;11564393;0.86123;0.86135;0.86129;0;T;True;2
1621261915000;11564394;0.86123;0.86135;0.86129;0;T;True;2
1621261916000;11564402;0.86118;0.8613;0.86124;7;T;True;2
1621261917000;11564406;0.86117;0.86129;0.86123;3;T;True;2
1621261918000;11564410;0.86116;0.86128;0.86122;3;T;True;2
1621261919000;11564411;0.86116;0.86128;0.86122;0;T;True;2
1621261920000;11564414;0.86114;0.86126;0.8612;2;T;True;2
1621261921000;11564417;0.86116;0.86128;0.86122;2;T;True;2
1621261922000;11564419;0.86117;0.86129;0.86123;1;T;True;2
1621261923000;11564423;0.86117;0.86129;0.86123;3;T;True;2
1621261924000;11564424;0.86117;0.86129;0.86123;0;T;True;2
1621261925000;11564427;0.86118;0.8613;0.86124;2;T;True;2
1621261926000;11564429;0.86117;0.86129;0.86123;1;T;True;2
1621261927000;11564430;0.86117;0.86129;0.86123;0;T;True;2
1621261928000;11564431;0.86117;0.86129;0.86123;0;T;True;2
1621261929000;11564432;0.86117;0.86129;0.86123;0;T;True;2
1621261930000;11564436;0.86116;0.86128;0.86122;3;T;True;2
1621261931000;11564439;0.86116;0.86128;0.86122;2;T;True;2
1621261932000;11564441;0.86115;0.86127;0.86121;1;T;True;2
1621261933000;11564442;0.86115;0.86127;0.86121;0;T;True;2
1621261934000;11564445;0.86117;0.86129;0.86123;2;T;True;2
1621261935000;11564446;0.86117;0.86129;0.86123;0;T;True;2
1621261936000;11564447;0.86117;0.86129;0.86123;0;T;True;2
1621261937000;11564448;0.86117;0.86129;0.86123;0;T;True;2
1621261938000;11564454;0.86119;0.86131;0.86125;5;T;True;2
1621261939000;11564456;0.8612;0.86132;0.86126;1;T;True;2
1621261940000;11564458;0.86119;0.86131;0.86125;1;T;True;2
1621261941000;11564459;0.86119;0.86131;0.86125;0;T;True;2
1621261942000;11564462;0.86119;0.86131;0.86125;2;T;True;2
1621261943000;11564468;0.86124;0.86136;0.8613;5;T;True;2
1621261944000;11564469;0.86124;0.86136;0.8613;0;T;True;2
1621261945000;11564474;0.86124;0.86136;0.8613;4;T;True;2
1621261946000;11564476;0.86125;0.86137;0.86131;1;T;True;2
1621261947000;11564480;0.86126;0.86138;0.86132;3;T;True;2
1621261948000;11564481;0.86126;0.86138;0.86132;0;T;True;2
1621261949000;11564482;0.86126;0.86138;0.86132;0;T;True;2
1621261950000;11564486;0.86127;0.86139;0.86133;3;T;True;2
1621261951000;11564491;0.86125;0.86137;0.86131;4;T;True;2
1621261952000;11564492;0.86125;0.86137;0.86131;0;T;True;2
1621261953000;11564493;0.86125;0.86137;0.86131;0;T;True;2
1621261954000;11564495;0.86126;0.86138;0.86132;1;T;True;2
1621261955000;11564499;0.86127;0.86139;0.86133;3;T;True;2
1621261956000;11564501;0.86127;0.86139;0.86133;1;T;True;2
1621261957000;11564504;0.86125;0.86137;0.86131;2;T;True;2
1621261958000;11564506;0.86126;0.86138;0.86132;1;T;True;2
1621261959000;11564507;0.86126;0.86138;0.86132;0;T;True;2
1621261960000;11564510;0.86129;0.86141;0.86135;2;T;True;2
1621261961000;11564511;0.86129;0.86141;0.86135;0;T;True;2
1621261962000;11564512;0.86129;0.86141;0.86135;0;T;True;2
1621261963000;11564513;0.86129;0.86141;0.86135;0;T;True;2
1621261964000;11564515;0.8613;0.86142;0.86136;1;T;True;2
1621261965000;11564517;0.86131;0.86143;0.86137;1;T;True;2
1621261966000;11564518;0.86131;0.86143;0.86137;0;T;True;2
1621261967000;11564519;0.86131;0.86143;0.86137;0;T;True;2
1621261968000;11564521;0.86131;0.86143;0.86137;1;T;True;2
1621261969000;11564524;0.86131;0.86143;0.86137;2;T;True;2
1621261970000;11564529;0.8613;0.86142;0.86136;4;T;True;2
1621261971000;11564531;0.86128;0.8614;0.86134;1;T;True;2
1621261972000;11564532;0.86128;0.8614;0.86134;0;T;True;2
1621261973000;11564534;0.86127;0.86139;0.86133;1;T;True;2
1621261974000;11564536;0.86127;0.86139;0.86133;1;T;True;2
1621261975000;11564538;0.86127;0.86139;0.86133;1;T;True;2
1621261976000;11564539;0.86127;0.86139;0.86133;0;T;True;2
1621261977000;11564540;0.86127;0.86139;0.86133;0;T;True;2
1621261978000;11564542;0.86125;0.86137;0.86131;1;T;True;2
1621261979000;11564546;0.86125;0.86137;0.86131;3;T;True;2
1621261980000;11564547;0.86125;0.86137;0.86131;0;T;True;2
1621261981000;11564551;0.86122;0.86134;0.86128;3;T;True;2
1621261982000;11564552;0.86122;0.86134;0.86128;0;T;True;2
1621261983000;11564554;0.86123;0.86135;0.86129;1;T;True;2
1621261984000;11564557;0.86123;0.86135;0.86129;2;T;True;2
1621261985000;11564565;0.86125;0.86137;0.86131;7;T;True;2
1621261986000;11564566;0.86125;0.86137;0.86131;0;T;True;2
1621261987000;11564567;0.86125;0.86137;0.86131;0;T;True;2
1621261988000;11564571;0.86125;0.86137;0.86131;3;T;True;2
1621261989000;11564573;0.86124;0.86136;0.8613;1;T;True;2
1621261990000;11564576;0.86123;0.86135;0.86129;2;T;True;2
1621261991000;11564582;0.86122;0.86134;0.86128;5;T;True;2
1621261992000;11564585;0.86123;0.86135;0.86129;2;T;True;2
1621261993000;11564588;0.86123;0.86135;0.86129;2;T;True;2
1621261994000;11564591;0.86123;0.86135;0.86129;2;T;True;2
1621261995000;11564595;0.86123;0.86135;0.86129;3;T;True;2
1621261996000;11564597;0.86123;0.86135;0.86129;1;T;True;2
1621261997000;11564598;0.86123;0.86135;0.86129;0;T;True;2
1621261998000;11564599;0.86123;0.86135;0.86129;0;T;True;2
1621261999000;11564600;0.86123;0.86135;0.86129;0;T;True;2
1621262000000;11564601;0.86123;0.86135;0.86129;0;T;True;2
1621262001000;11564602;0.86123;0.86135;0.86129;0;T;True;2
1621262002000;11564605;0.86122;0.86134;0.86128;2;T;True;2
1621262003000;11564608;0.86121;0.86133;0.86127;2;T;True;2
1621262004000;11564611;0.86121;0.86133;0.86127;2;T;True;2
1621262005000;11564612;0.86121;0.86133;0.86127;0;T;True;2
1621262006000;11564613;0.86121;0.86133;0.86127;0;T;True;2
1621262007000;11564615;0.86121;0.86133;0.86127;1;T;True;2
1621262008000;11564617;0.8612;0.86132;0.86126;1;T;True;2
1621262009000;11564622;0.86121;0.86133;0.86127;4;T;True;2
1621262010000;11564624;0.86121;0.86133;0.86127;1;T;True;2
1621262011000;11564626;0.86121;0.86133;0.86127;1;T;True;2
1621262012000;11564627;0.86121;0.86133;0.86127;0;T;True;2
1621262013000;11564629;0.8612;0.86132;0.86126;1;T;True;2
1621262014000;11564631;0.86119;0.86131;0.86125;1;T;True;2
1621262015000;11564632;0.86119;0.86131;0.86125;0;T;True;2
1621262016000;11564633;0.86119;0.86131;0.86125;0;T;True;2
1621262017000;11564634;0.86119;0.86131;0.86125;0;T;True;2
1621262018000;11564635;0.86119;0.86131;0.86125;0;T;True;2
1621262019000;11564637;0.86117;0.86129;0.86123;1;T;True;2
1621262020000;11564638;0.86117;0.86129;0.86123;0;T;True;2
1621262021000;11564643;0.86116;0.86128;0.86122;4;T;True;2
1621262022000;11564645;0.86117;0.86129;0.86123;1;T;True;2
1621262023000;11564651;0.86119;0.86131;0.86125;5;T;True;2
1621262024000;11564653;0.86119;0.86131;0.86125;1;T;True;2
1621262025000;11564654;0.86119;0.86131;0.86125;0;T;True;2
1621262026000;11564657;0.86117;0.86129;0.86123;2;T;True;2
1621262027000;11564658;0.86117;0.86129;0.86123;0;T;True;2
1621262028000;11564660;0.86117;0.86129;0.86123;1;T;True;2
1621262029000;11564661;0.86117;0.86129;0.86123;0;T;True;2
1621262030000;11564662;0.86117;0.86129;0.86123;0;T;True;2
1621262031000;11564663;0.86117;0.86129;0.86123;0;T;True;2
1621262032000;11564664;0.86117;0.86129;0.86123;0;T;True;2
1621262033000;11564665;0.86117;0.86129;0.86123;0;T;True;2
1621262034000;11564666;0.86117;0.86129;0.86123;0;T;True;2
1621262035000;11564667;0.86117;0.86129;0.86123;0;T;True;2
1621262036000;11564670;0.86115;0.86127;0.86121;2;T;True;2
1621262037000;11564671;0.86115;0.86127;0.86121;0;T;True;2
1621262038000;11564672;0.86115;0.86127;0.86121;0;T;True;2
1621262039000;11564674;0.86115;0.86127;0.86121;1;T;True;2
1621262040000;11564676;0.86115;0.86127;0.86121;1;T;True;2
1621262041000;11564678;0.86115;0.86127;0.86121;1;T;True;2
1621262042000;11564679;0.86115;0.86127;0.86121;0;T;True;2
1621262043000;11564681;0.86113;0.86125;0.86119;1;T;True;2
1621262044000;11564682;0.86113;0.86125;0.86119;0;T;True;2
1621262045000;11564683;0.86113;0.86125;0.86119;0;T;True;2
1621262046000;11564685;0.86113;0.86125;0.86119;1;T;True;2
1621262047000;11564688;0.86113;0.86125;0.86119;2;T;True;2
1621262048000;11564689;0.86113;0.86125;0.86119;0;T;True;2
1621262049000;11564691;0.86113;0.86125;0.86119;1;T;True;2
1621262050000;11564695;0.86113;0.86125;0.86119;3;T;True;2
1621262051000;11564697;0.86115;0.86127;0.86121;1;T;True;2
1621262052000;11564698;0.86115;0.86127;0.86121;0;T;True;2
1621262053000;11564701;0.86117;0.86129;0.86123;2;T;True;2
1621262054000;11564705;0.86117;0.86129;0.86123;3;T;True;2
1621262055000;11564706;0.86117;0.86129;0.86123;0;T;True;2
1621262056000;11564707;0.86117;0.86129;0.86123;0;T;True;2
1621262057000;11564708;0.86117;0.86129;0.86123;0;T;True;2
1621262058000;11564710;0.86117;0.86129;0.86123;1;T;True;2
1621262059000;11564711;0.86117;0.86129;0.86123;0;T;True;2
1621262060000;11564713;0.86117;0.86129;0.86123;1;T;True;2
1621262061000;11564714;0.86117;0.86129;0.86123;0;T;True;2
1621262062000;11564716;0.86117;0.86129;0.86123;1;T;True;2
1621262063000;11564717;0.86117;0.86129;0.86123;0;T;True;2
1621262064000;11564720;0.86115;0.86127;0.86121;2;T;True;2
1621262065000;11564721;0.86115;0.86127;0.86121;0;T;True;2
1621262066000;11564725;0.86114;0.86126;0.8612;3;T;True;2
1621262067000;11564726;0.86114;0.86126;0.8612;0;T;True;2
1621262068000;11564727;0.86114;0.86126;0.8612;0;T;True;2
1621262069000;11564730;0.86111;0.86123;0.86117;2;T;True;2
1621262070000;11564732;0.86112;0.86124;0.86118;1;T;True;2
1621262071000;11564734;0.86114;0.86126;0.8612;1;T;True;2
1621262072000;11564735;0.86114;0.86126;0.8612;0;T;True;2
1621262073000;11564736;0.86114;0.86126;0.8612;0;T;True;2
1621262074000;11564737;0.86114;0.86126;0.8612;0;T;True;2
1621262075000;11564738;0.86114;0.86126;0.8612;0;T;True;2
1621262076000;11564739;0.86114;0.86126;0.8612;0;T;True;2
1621262077000;11564741;0.86115;0.86127;0.86121;1;T;True;2
1621262078000;11564742;0.86115;0.86127;0.86121;0;T;True;2
1621262079000;11564744;0.86114;0.86126;0.8612;1;T;True;2
1621262080000;11564745;0.86114;0.86126;0.8612;0;T;True;2
1621262081000;11564748;0.86112;0.86124;0.86118;2;T;True;2
1621262082000;11564750;0.86111;0.86123;0.86117;1;T;True;2
1621262083000;11564751;0.86111;0.86123;0.86117;0;T;True;2
1621262084000;11564753;0.86109;0.86121;0.86115;1;T;True;2
1621262085000;11564754;0.86109;0.86121;0.86115;0;T;True;2
1621262086000;11564755;0.86109;0.86121;0.86115;0;T;True;2
1621262087000;11564756;0.86109;0.86121;0.86115;0;T;True;2
1621262088000;11564761;0.86113;0.86125;0.86119;4;T;True;2
1621262089000;11564763;0.86115;0.86127;0.86121;1;T;True;2
1621262090000;11564766;0.86115;0.86127;0.86121;2;T;True;2
1621262091000;11564767;0.86115;0.86127;0.86121;0;T;True;2
1621262092000;11564768;0.86115;0.86127;0.86121;0;T;True;2
1621262093000;11564769;0.86115;0.86127;0.86121;0;T;True;2
1621262094000;11564770;0.86115;0.86127;0.86121;0;T;True;2
1621262095000;11564771;0.86115;0.86127;0.86121;0;T;True;2
1621262096000;11564772;0.86115;0.86127;0.86121;0;T;True;2
1621262097000;11564773;0.86115;0.86127;0.86121;0;T;True;2
1621262098000;11564774;0.86115;0.86127;0.86121;0;T;True;2
1621262099000;11564775;0.86115;0.86127;0.86121;0;T;True;2
1621262100000;11564777;0.86113;0.86125;0.86119;1;T;True;2
1621262101000;11564787;0.86117;0.86129;0.86123;9;T;True;2
1621262102000;11564789;0.86116;0.86128;0.86122;1;T;True;2
1621262103000;11564791;0.86115;0.86127;0.86121;1;T;True;2
1621262104000;11564793;0.86114;0.86126;0.8612;1;T;True;2
1621262105000;11564794;0.86114;0.86126;0.8612;0;T;True;2
1621262106000;11564797;0.86112;0.86124;0.86118;2;T;True;2
1621262107000;11564798;0.86112;0.86124;0.86118;0;T;True;2
1621262108000;11564803;0.86111;0.86123;0.86117;4;T;True;2
1621262109000;11564807;0.86111;0.86123;0.86117;3;T;True;2
1621262110000;11564809;0.8611;0.86122;0.86116;1;T;True;2
1621262111000;11564814;0.86107;0.86119;0.86113;4;T;True;2
1621262112000;11564816;0.86107;0.86119;0.86113;1;T;True;2
1621262113000;11564817;0.86107;0.86119;0.86113;0;T;True;2
1621262114000;11564818;0.86107;0.86119;0.86113;0;T;True;2
1621262115000;11564819;0.86107;0.86119;0.86113;0;T;True;2
1621262116000;11564820;0.86107;0.86119;0.86113;0;T;True;2
1621262117000;11564821;0.86107;0.86119;0.86113;0;T;True;2
1621262118000;11564822;0.86107;0.86119;0.86113;0;T;True;2
1621262119000;11564823;0.86107;0.86119;0.86113;0;T;True;2
1621262120000;11564827;0.86107;0.86119;0.86113;3;T;True;2
1621262121000;11564831;0.86109;0.86121;0.86115;3;T;True;2
1621262122000;11564832;0.86109;0.86121;0.86115;0;T;True;2
1621262123000;11564835;0.86107;0.86119;0.86113;2;T;True;2
1621262124000;11564837;0.86106;0.86118;0.86112;1;T;True;2
1621262125000;11564842;0.86109;0.86121;0.86115;4;T;True;2
1621262126000;11564844;0.86109;0.86121;0.86115;1;T;True;2
1621262127000;11564851;0.86115;0.86127;0.86121;6;T;True;2
1621262128000;11564855;0.86113;0.86125;0.86119;3;T;True;2
1621262129000;11564857;0.86113;0.86125;0.86119;1;T;True;2
1621262130000;11564865;0.86115;0.86127;0.86121;7;T;True;2
1621262131000;11564869;0.86118;0.8613;0.86124;3;T;True;2
1621262132000;11564870;0.86118;0.8613;0.86124;0;T;True;2
1621262133000;11564872;0.86119;0.86131;0.86125;1;T;True;2
1621262134000;11564874;0.86119;0.86131;0.86125;1;T;True;2
1621262135000;11564875;0.86119;0.86131;0.86125;0;T;True;2
1621262136000;11564878;0.86119;0.86131;0.86125;2;T;True;2
1621262137000;11564881;0.86119;0.86131;0.86125;2;T;True;2
1621262138000;11564883;0.86119;0.86131;0.86125;1;T;True;2
1621262139000;11564891;0.86117;0.86129;0.86123;7;T;True;2
1621262140000;11564897;0.86115;0.86127;0.86121;5;T;True;2
1621262141000;11564900;0.86115;0.86127;0.86121;2;T;True;2
1621262142000;11564903;0.86115;0.86127;0.86121;2;T;True;2
1621262143000;11564905;0.86115;0.86127;0.86121;1;T;True;2
1621262144000;11564910;0.86111;0.86123;0.86117;4;T;True;2
1621262145000;11564911;0.86111;0.86123;0.86117;0;T;True;2
1621262146000;11564913;0.86109;0.86121;0.86115;1;T;True;2
1621262147000;11564914;0.86109;0.86121;0.86115;0;T;True;2
1621262148000;11564915;0.86109;0.86121;0.86115;0;T;True;2
1621262149000;11564917;0.86109;0.86121;0.86115;1;T;True;2
1621262150000;11564918;0.86109;0.86121;0.86115;0;T;True;2
1621262151000;11564919;0.86109;0.86121;0.86115;0;T;True;2
1621262152000;11564920;0.86109;0.86121;0.86115;0;T;True;2
1621262153000;11564921;0.86109;0.86121;0.86115;0;T;True;2
1621262154000;11564922;0.86109;0.86121;0.86115;0;T;True;2
1621262155000;11564924;0.86109;0.86121;0.86115;1;T;True;2
1621262156000;11564925;0.86109;0.86121;0.86115;0;T;True;2
1621262157000;11564926;0.86109;0.86121;0.86115;0;T;True;2
1621262158000;11564928;0.8611;0.86122;0.86116;1;T;True;2
1621262159000;11564929;0.8611;0.86122;0.86116;0;T;True;2
1621262160000;11564933;0.86111;0.86123;0.86117;3;T;True;2
1621262161000;11564934;0.86111;0.86123;0.86117;0;T;True;2
1621262162000;11564935;0.86111;0.86123;0.86117;0;T;True;2
1621262163000;11564938;0.86109;0.86121;0.86115;2;T;True;2
1621262164000;11564941;0.86108;0.8612;0.86114;2;T;True;2
1621262165000;11564942;0.86108;0.8612;0.86114;0;T;True;2
1621262166000;11564947;0.86107;0.86119;0.86113;4;T;True;2
1621262167000;11564948;0.86107;0.86119;0.86113;0;T;True;2
1621262168000;11564950;0.86106;0.86118;0.86112;1;T;True;2
1621262169000;11564951;0.86106;0.86118;0.86112;0;T;True;2
1621262170000;11564955;0.86105;0.86117;0.86111;3;T;True;2
1621262171000;11564960;0.86111;0.86123;0.86117;4;T;True;2
1621262172000;11564966;0.86115;0.86127;0.86121;5;T;True;2
1621262173000;11564967;0.86115;0.86127;0.86121;0;T;True;2
1621262174000;11564968;0.86115;0.86127;0.86121;0;T;True;2
1621262175000;11564969;0.86115;0.86127;0.86121;0;T;True;2
1621262176000;11564971;0.86114;0.86126;0.8612;1;T;True;2
1621262177000;11564975;0.86112;0.86124;0.86118;3;T;True;2
1621262178000;11564976;0.86112;0.86124;0.86118;0;T;True;2
1621262179000;11564979;0.8611;0.86122;0.86116;2;T;True;2
1621262180000;11564980;0.8611;0.86122;0.86116;0;T;True;2
1621262181000;11564981;0.8611;0.86122;0.86116;0;T;True;2
1621262182000;11564983;0.86109;0.86121;0.86115;1;T;True;2
1621262183000;11564986;0.8611;0.86122;0.86116;2;T;True;2
1621262184000;11564987;0.8611;0.86122;0.86116;0;T;True;2
1621262185000;11564989;0.86109;0.86121;0.86115;1;T;True;2
1621262186000;11564993;0.8611;0.86122;0.86116;3;T;True;2
1621262187000;11564994;0.8611;0.86122;0.86116;0;T;True;2
1621262188000;11564996;0.86109;0.86121;0.86115;1;T;True;2
1621262189000;11564997;0.86109;0.86121;0.86115;0;T;True;2
1621262190000;11564998;0.86109;0.86121;0.86115;0;T;True;2
1621262191000;11564999;0.86109;0.86121;0.86115;0;T;True;2
1621262192000;11565000;0.86109;0.86121;0.86115;0;T;True;2
1621262193000;11565005;0.86107;0.86119;0.86113;4;T;True;2
1621262194000;11565014;0.86106;0.86118;0.86112;8;T;True;2
1621262195000;11565017;0.86103;0.86115;0.86109;2;T;True;2
1621262196000;11565021;0.86105;0.86117;0.86111;3;T;True;2
1621262197000;11565023;0.86105;0.86117;0.86111;1;T;True;2
1621262198000;11565027;0.86104;0.86116;0.8611;3;T;True;2
1621262199000;11565035;0.86099;0.86111;0.86105;7;T;True;2
1621262200000;11565038;0.86098;0.8611;0.86104;2;T;True;2
1621262201000;11565042;0.86097;0.86109;0.86103;3;T;True;2
1621262202000;11565045;0.86097;0.86109;0.86103;2;T;True;2
1621262203000;11565049;0.86095;0.86107;0.86101;3;T;True;2
1621262204000;11565052;0.86095;0.86107;0.86101;2;T;True;2
1621262205000;11565053;0.86095;0.86107;0.86101;0;T;True;2
1621262206000;11565054;0.86095;0.86107;0.86101;0;T;True;2
1621262207000;11565056;0.86095;0.86107;0.86101;1;T;True;2
1621262208000;11565058;0.86095;0.86107;0.86101;1;T;True;2
1621262209000;11565059;0.86095;0.86107;0.86101;0;T;True;2
1621262210000;11565061;0.86094;0.86106;0.861;1;T;True;2
1621262211000;11565063;0.86093;0.86105;0.86099;1;T;True;2
1621262212000;11565064;0.86093;0.86105;0.86099;0;T;True;2
1621262213000;11565073;0.86095;0.86107;0.86101;8;T;True;2
1621262214000;11565076;0.86095;0.86107;0.86101;2;T;True;2
1621262215000;11565078;0.86095;0.86107;0.86101;1;T;True;2
1621262216000;11565079;0.86095;0.86107;0.86101;0;T;True;2
1621262217000;11565082;0.86097;0.86109;0.86103;2;T;True;2
1621262218000;11565085;0.86096;0.86108;0.86102;2;T;True;2
1621262219000;11565087;0.86095;0.86107;0.86101;1;T;True;2
1621262220000;11565090;0.86095;0.86107;0.86101;2;T;True;2
1621262221000;11565092;0.86094;0.86106;0.861;1;T;True;2
1621262222000;11565093;0.86094;0.86106;0.861;0;T;True;2
1621262223000;11565094;0.86094;0.86106;0.861;0;T;True;2
1621262224000;11565095;0.86094;0.86106;0.861;0;T;True;2
1621262225000;11565099;0.86093;0.86105;0.86099;3;T;True;2
1621262226000;11565101;0.86092;0.86104;0.86098;1;T;True;2
1621262227000;11565102;0.86092;0.86104;0.86098;0;T;True;2
1621262228000;11565103;0.86092;0.86104;0.86098;0;T;True;2
1621262229000;11565104;0.86092;0.86104;0.86098;0;T;True;2
1621262230000;11565110;0.86097;0.86109;0.86103;5;T;True;2
1621262231000;11565113;0.86097;0.86109;0.86103;2;T;True;2
1621262232000;11565120;0.86102;0.86114;0.86108;6;T;True;2
1621262233000;11565122;0.86103;0.86115;0.86109;1;T;True;2
1621262234000;11565128;0.86103;0.86115;0.86109;5;T;True;2
1621262235000;11565131;0.86101;0.86113;0.86107;2;T;True;2
1621262236000;11565133;0.86101;0.86113;0.86107;1;T;True;2
1621262237000;11565135;0.86102;0.86114;0.86108;1;T;True;2
1621262238000;11565137;0.86102;0.86114;0.86108;1;T;True;2
1621262239000;11565143;0.86103;0.86115;0.86109;5;T;True;2
1621262240000;11565147;0.86103;0.86115;0.86109;3;T;True;2
1621262241000;11565148;0.86103;0.86115;0.86109;0;T;True;2
1621262242000;11565149;0.86103;0.86115;0.86109;0;T;True;2
1621262243000;11565150;0.86103;0.86115;0.86109;0;T;True;2
1621262244000;11565151;0.86103;0.86115;0.86109;0;T;True;2
1621262245000;11565152;0.86103;0.86115;0.86109;0;T;True;2
1621262246000;11565160;0.86109;0.86121;0.86115;7;T;True;2
1621262247000;11565161;0.86109;0.86121;0.86115;0;T;True;2
1621262248000;11565162;0.86109;0.86121;0.86115;0;T;True;2
1621262249000;11565163;0.86109;0.86121;0.86115;0;T;True;2
1621262250000;11565166;0.86107;0.86119;0.86113;2;T;True;2
1621262251000;11565173;0.86103;0.86115;0.86109;6;T;True;2
1621262252000;11565174;0.86103;0.86115;0.86109;0;T;True;2
1621262253000;11565179;0.86103;0.86115;0.86109;4;T;True;2
1621262254000;11565180;0.86103;0.86115;0.86109;0;T;True;2
1621262255000;11565184;0.86101;0.86113;0.86107;3;T;True;2
1621262256000;11565185;0.86101;0.86113;0.86107;0;T;True;2
1621262257000;11565188;0.86099;0.86111;0.86105;2;T;True;2
1621262258000;11565196;0.86103;0.86115;0.86109;7;T;True;2
1621262259000;11565198;0.86103;0.86115;0.86109;1;T;True;2
1621262260000;11565199;0.86103;0.86115;0.86109;0;T;True;2
1621262261000;11565201;0.86103;0.86115;0.86109;1;T;True;2
1621262262000;11565206;0.86105;0.86117;0.86111;4;T;True;2
1621262263000;11565209;0.86105;0.86117;0.86111;2;T;True;2
1621262264000;11565215;0.86105;0.86117;0.86111;5;T;True;2
1621262265000;11565216;0.86105;0.86117;0.86111;0;T;True;2
1621262266000;11565219;0.86107;0.86119;0.86113;2;T;True;2
1621262267000;11565226;0.86107;0.86119;0.86113;6;T;True;2
1621262268000;11565227;0.86107;0.86119;0.86113;0;T;True;2
1621262269000;11565228;0.86107;0.86119;0.86113;0;T;True;2
1621262270000;11565231;0.86109;0.86121;0.86115;2;T;True;2
1621262271000;11565232;0.86109;0.86121;0.86115;0;T;True;2
1621262272000;11565233;0.86109;0.86121;0.86115;0;T;True;2
1621262273000;11565236;0.8611;0.86122;0.86116;2;T;True;2
1621262274000;11565238;0.8611;0.86122;0.86116;1;T;True;2
1621262275000;11565240;0.86111;0.86123;0.86117;1;T;True;2
1621262276000;11565243;0.86109;0.86121;0.86115;2;T;True;2
1621262277000;11565245;0.8611;0.86122;0.86116;1;T;True;2
1621262278000;11565246;0.8611;0.86122;0.86116;0;T;True;2
1621262279000;11565247;0.8611;0.86122;0.86116;0;T;True;2
1621262280000;11565250;0.86109;0.86121;0.86115;2;T;True;2
1621262281000;11565254;0.86107;0.86119;0.86113;3;T;True;2
1621262282000;11565256;0.86107;0.86119;0.86113;1;T;True;2
1621262283000;11565257;0.86107;0.86119;0.86113;0;T;True;2
1621262284000;11565258;0.86107;0.86119;0.86113;0;T;True;2
1621262285000;11565263;0.86107;0.86119;0.86113;4;T;True;2
1621262286000;11565264;0.86107;0.86119;0.86113;0;T;True;2
1621262287000;11565265;0.86107;0.86119;0.86113;0;T;True;2
1621262288000;11565267;0.86108;0.8612;0.86114;1;T;True;2
1621262289000;11565270;0.86107;0.86119;0.86113;2;T;True;2
1621262290000;11565273;0.86103;0.86115;0.86109;2;T;True;2
1621262291000;11565275;0.86102;0.86114;0.86108;1;T;True;2
1621262292000;11565277;0.86103;0.86115;0.86109;1;T;True;2
1621262293000;11565281;0.86105;0.86117;0.86111;3;T;True;2
1621262294000;11565284;0.86106;0.86118;0.86112;2;T;True;2
1621262295000;11565287;0.86106;0.86118;0.86112;2;T;True;2
1621262296000;11565289;0.86105;0.86117;0.86111;1;T;True;2
1621262297000;11565290;0.86105;0.86117;0.86111;0;T;True;2
1621262298000;11565293;0.86103;0.86115;0.86109;2;T;True;2
1621262299000;11565294;0.86103;0.86115;0.86109;0;T;True;2
1621262300000;11565295;0.86103;0.86115;0.86109;0;T;True;2
1621262301000;11565296;0.86103;0.86115;0.86109;0;T;True;2
1621262302000;11565299;0.86101;0.86113;0.86107;2;T;True;2
1621262303000;11565303;0.86101;0.86113;0.86107;3;T;True;2
1621262304000;11565305;0.86101;0.86113;0.86107;1;T;True;2
1621262305000;11565310;0.86101;0.86113;0.86107;4;T;True;2
1621262306000;11565314;0.86101;0.86113;0.86107;3;T;True;2
1621262307000;11565315;0.86101;0.86113;0.86107;0;T;True;2
1621262308000;11565317;0.861;0.86112;0.86106;1;T;True;2
1621262309000;11565324;0.86093;0.86105;0.86099;6;T;True;2
1621262310000;11565325;0.86093;0.86105;0.86099;0;T;True;2
1621262311000;11565326;0.86093;0.86105;0.86099;0;T;True;2
1621262312000;11565328;0.86093;0.86105;0.86099;1;T;True;2
1621262313000;11565329;0.86093;0.86105;0.86099;0;T;True;2
1621262314000;11565330;0.86093;0.86105;0.86099;0;T;True;2
1621262315000;11565335;0.86093;0.86105;0.86099;4;T;True;2
1621262316000;11565339;0.86095;0.86107;0.86101;3;T;True;2
1621262317000;11565341;0.86096;0.86108;0.86102;1;T;True;2
1621262318000;11565343;0.86097;0.86109;0.86103;1;T;True;2
1621262319000;11565345;0.86097;0.86109;0.86103;1;T;True;2
1621262320000;11565346;0.86097;0.86109;0.86103;0;T;True;2
1621262321000;11565347;0.86097;0.86109;0.86103;0;T;True;2
1621262322000;11565348;0.86097;0.86109;0.86103;0;T;True;2
1621262323000;11565349;0.86097;0.86109;0.86103;0;T;True;2
1621262324000;11565351;0.86097;0.86109;0.86103;1;T;True;2
1621262325000;11565353;0.86095;0.86107;0.86101;1;T;True;2
1621262326000;11565357;0.86097;0.86109;0.86103;3;T;True;2
1621262327000;11565364;0.86098;0.8611;0.86104;6;T;True;2
1621262328000;11565366;0.86099;0.86111;0.86105;1;T;True;2
1621262329000;11565376;0.86102;0.86114;0.86108;9;T;True;2
1621262330000;11565382;0.86103;0.86115;0.86109;5;T;True;2
1621262331000;11565385;0.86101;0.86113;0.86107;2;T;True;2
1621262332000;11565387;0.86101;0.86113;0.86107;1;T;True;2
1621262333000;11565391;0.86097;0.86109;0.86103;3;T;True;2
1621262334000;11565393;0.86097;0.86109;0.86103;1;T;True;2
1621262335000;11565394;0.86097;0.86109;0.86103;0;T;True;2
1621262336000;11565396;0.86097;0.86109;0.86103;1;T;True;2
1621262337000;11565397;0.86097;0.86109;0.86103;0;T;True;2
1621262338000;11565398;0.86097;0.86109;0.86103;0;T;True;2
1621262339000;11565399;0.86097;0.86109;0.86103;0;T;True;2
1621262340000;11565400;0.86097;0.86109;0.86103;0;T;True;2
1621262341000;11565401;0.86097;0.86109;0.86103;0;T;True;2
1621262342000;11565402;0.86097;0.86109;0.86103;0;T;True;2
1621262343000;11565404;0.86099;0.86111;0.86105;1;T;True;2
1621262344000;11565405;0.86099;0.86111;0.86105;0;T;True;2
1621262345000;11565406;0.86099;0.86111;0.86105;0;T;True;2
1621262346000;11565410;0.86097;0.86109;0.86103;3;T;True;2
1621262347000;11565412;0.86096;0.86108;0.86102;1;T;True;2
1621262348000;11565415;0.86095;0.86107;0.86101;2;T;True;2
1621262349000;11565421;0.86099;0.86111;0.86105;5;T;True;2
1621262350000;11565425;0.86098;0.8611;0.86104;3;T;True;2
1621262351000;11565430;0.86097;0.86109;0.86103;4;T;True;2
1621262352000;11565431;0.86097;0.86109;0.86103;0;T;True;2
1621262353000;11565434;0.86098;0.8611;0.86104;2;T;True;2
1621262354000;11565437;0.86101;0.86113;0.86107;2;T;True;2
1621262355000;11565440;0.86099;0.86111;0.86105;2;T;True;2
1621262356000;11565441;0.86099;0.86111;0.86105;0;T;True;2
1621262357000;11565445;0.86099;0.86111;0.86105;3;T;True;2
1621262358000;11565450;0.86099;0.86111;0.86105;4;T;True;2
1621262359000;11565456;0.86103;0.86115;0.86109;5;T;True;2
1621262360000;11565460;0.86103;0.86115;0.86109;3;T;True;2
1621262361000;11565464;0.86103;0.86115;0.86109;3;T;True;2
1621262362000;11565465;0.86103;0.86115;0.86109;0;T;True;2
1621262363000;11565469;0.86102;0.86114;0.86108;3;T;True;2
1621262364000;11565476;0.86097;0.86109;0.86103;6;T;True;2
1621262365000;11565477;0.86097;0.86109;0.86103;0;T;True;2
1621262366000;11565478;0.86097;0.86109;0.86103;0;T;True;2
1621262367000;11565479;0.86097;0.86109;0.86103;0;T;True;2
1621262368000;11565482;0.86096;0.86108;0.86102;2;T;True;2
1621262369000;11565484;0.86097;0.86109;0.86103;1;T;True;2
1621262370000;11565487;0.86095;0.86107;0.86101;2;T;True;2
1621262371000;11565488;0.86095;0.86107;0.86101;0;T;True;2
1621262372000;11565489;0.86095;0.86107;0.86101;0;T;True;2
1621262373000;11565490;0.86095;0.86107;0.86101;0;T;True;2
1621262374000;11565491;0.86095;0.86107;0.86101;0;T;True;2
1621262375000;11565494;0.86093;0.86105;0.86099;2;T;True;2
1621262376000;11565495;0.86093;0.86105;0.86099;0;T;True;2
1621262377000;11565501;0.86093;0.86105;0.86099;5;T;True;2
1621262378000;11565502;0.86093;0.86105;0.86099;0;T;True;2
1621262379000;11565503;0.86093;0.86105;0.86099;0;T;True;2
1621262380000;11565504;0.86093;0.86105;0.86099;0;T;True;2
1621262381000;11565506;0.86092;0.86104;0.86098;1;T;True;2
1621262382000;11565507;0.86092;0.86104;0.86098;0;T;True;2
1621262383000;11565508;0.86092;0.86104;0.86098;0;T;True;2
1621262384000;11565509;0.86092;0.86104;0.86098;0;T;True;2
1621262385000;11565513;0.86089;0.86101;0.86095;3;T;True;2
1621262386000;11565514;0.86089;0.86101;0.86095;0;T;True;2
1621262387000;11565516;0.86088;0.861;0.86094;1;T;True;2
1621262388000;11565519;0.86088;0.861;0.86094;2;T;True;2
1621262389000;11565521;0.86089;0.86101;0.86095;1;T;True;2
1621262390000;11565522;0.86089;0.86101;0.86095;0;T;True;2
1621262391000;11565523;0.86089;0.86101;0.86095;0;T;True;2
1621262392000;11565525;0.8609;0.86102;0.86096;1;T;True;2
1621262393000;11565526;0.8609;0.86102;0.86096;0;T;True;2
1621262394000;11565530;0.86091;0.86103;0.86097;3;T;True;2
1621262395000;11565534;0.86089;0.86101;0.86095;3;T;True;2
1621262396000;11565536;0.86088;0.861;0.86094;1;T;True;2
1621262397000;11565538;0.86088;0.861;0.86094;1;T;True;2
1621262398000;11565539;0.86088;0.861;0.86094;0;T;True;2
1621262399000;11565542;0.86087;0.86099;0.86093;2;T;True;2
1621262400000;11565543;0.86087;0.86099;0.86093;0;T;True;2
1621262401000;11565544;0.86087;0.86099;0.86093;0;T;True;2
1621262402000;11565546;0.86087;0.86099;0.86093;1;T;True;2
1621262403000;11565548;0.8609;0.86102;0.86096;1;T;True;2
1621262404000;11565551;0.86089;0.86101;0.86095;2;T;True;2
1621262405000;11565553;0.86089;0.86101;0.86095;1;T;True;2
1621262406000;11565554;0.86089;0.86101;0.86095;0;T;True;2
1621262407000;11565556;0.86088;0.861;0.86094;1;T;True;2
1621262408000;11565563;0.86085;0.86097;0.86091;6;T;True;2
1621262409000;11565564;0.86085;0.86097;0.86091;0;T;True;2
1621262410000;11565565;0.86085;0.86097;0.86091;0;T;True;2
1621262411000;11565566;0.86085;0.86097;0.86091;0;T;True;2
1621262412000;11565567;0.86085;0.86097;0.86091;0;T;True;2
1621262413000;11565568;0.86085;0.86097;0.86091;0;T;True;2
1621262414000;11565570;0.86085;0.86097;0.86091;1;T;True;2
1621262415000;11565573;0.86083;0.86095;0.86089;2;T;True;2
1621262416000;11565574;0.86083;0.86095;0.86089;0;T;True;2
1621262417000;11565577;0.86081;0.86093;0.86087;2;T;True;2
1621262418000;11565578;0.86081;0.86093;0.86087;0;T;True;2
1621262419000;11565581;0.86082;0.86094;0.86088;2;T;True;2
1621262420000;11565582;0.86082;0.86094;0.86088;0;T;True;2
1621262421000;11565583;0.86082;0.86094;0.86088;0;T;True;2
1621262422000;11565587;0.86081;0.86093;0.86087;3;T;True;2
1621262423000;11565591;0.86079;0.86091;0.86085;3;T;True;2
1621262424000;11565609;0.86073;0.86085;0.86079;17;T;True;2
1621262425000;11565613;0.86073;0.86085;0.86079;3;T;True;2
1621262426000;11565619;0.86071;0.86083;0.86077;5;T;True;2
1621262427000;11565622;0.86071;0.86083;0.86077;2;T;True;2
1621262428000;11565624;0.86071;0.86083;0.86077;1;T;True;2
1621262429000;11565626;0.86071;0.86083;0.86077;1;T;True;2
1621262430000;11565627;0.86071;0.86083;0.86077;0;T;True;2
1621262431000;11565628;0.86071;0.86083;0.86077;0;T;True;2
1621262432000;11565629;0.86071;0.86083;0.86077;0;T;True;2
1621262433000;11565630;0.86071;0.86083;0.86077;0;T;True;2
1621262434000;11565633;0.86069;0.86081;0.86075;2;T;True;2
1621262435000;11565634;0.86069;0.86081;0.86075;0;T;True;2
1621262436000;11565639;0.86073;0.86085;0.86079;4;T;True;2
1621262437000;11565640;0.86073;0.86085;0.86079;0;T;True;2
1621262438000;11565641;0.86073;0.86085;0.86079;0;T;True;2
1621262439000;11565642;0.86073;0.86085;0.86079;0;T;True;2
1621262440000;11565646;0.86073;0.86085;0.86079;3;T;True;2
1621262441000;11565655;0.86075;0.86087;0.86081;8;T;True;2
1621262442000;11565662;0.86079;0.86091;0.86085;6;T;True;2
1621262443000;11565664;0.86079;0.86091;0.86085;1;T;True;2
1621262444000;11565667;0.86078;0.8609;0.86084;2;T;True;2
1621262445000;11565671;0.86079;0.86091;0.86085;3;T;True;2
1621262446000;11565673;0.86078;0.8609;0.86084;1;T;True;2
1621262447000;11565676;0.86076;0.86088;0.86082;2;T;True;2
1621262448000;11565677;0.86076;0.86088;0.86082;0;T;True;2
1621262449000;11565681;0.86075;0.86087;0.86081;3;T;True;2
1621262450000;11565690;0.86081;0.86093;0.86087;8;T;True;2
1621262451000;11565693;0.86083;0.86095;0.86089;2;T;True;2
1621262452000;11565695;0.86082;0.86094;0.86088;1;T;True;2
1621262453000;11565697;0.86081;0.86093;0.86087;1;T;True;2
1621262454000;11565702;0.86083;0.86095;0.86089;4;T;True;2
1621262455000;11565706;0.86085;0.86097;0.86091;3;T;True;2
1621262456000;11565709;0.86083;0.86095;0.86089;2;T;True;2
1621262457000;11565713;0.86081;0.86093;0.86087;3;T;True;2
1621262458000;11565716;0.8608;0.86092;0.86086;2;T;True;2
1621262459000;11565717;0.8608;0.86092;0.86086;0;T;True;2
1621262460000;11565718;0.8608;0.86092;0.86086;0;T;True;2
1621262461000;11565719;0.8608;0.86092;0.86086;0;T;True;2
1621262462000;11565720;0.8608;0.86092;0.86086;0;T;True;2
1621262463000;11565722;0.86079;0.86091;0.86085;1;T;True;2
1621262464000;11565724;0.86079;0.86091;0.86085;1;T;True;2
1621262465000;11565728;0.86075;0.86087;0.86081;3;T;True;2
1621262466000;11565733;0.86073;0.86085;0.86079;4;T;True;2
1621262467000;11565734;0.86073;0.86085;0.86079;0;T;True;2
1621262468000;11565735;0.86073;0.86085;0.86079;0;T;True;2
1621262469000;11565736;0.86073;0.86085;0.86079;0;T;True;2
1621262470000;11565737;0.86073;0.86085;0.86079;0;T;True;2
1621262471000;11565738;0.86073;0.86085;0.86079;0;T;True;2
1621262472000;11565740;0.86072;0.86084;0.86078;1;T;True;2
1621262473000;11565741;0.86072;0.86084;0.86078;0;T;True;2
1621262474000;11565742;0.86072;0.86084;0.86078;0;T;True;2
1621262475000;11565743;0.86072;0.86084;0.86078;0;T;True;2
1621262476000;11565744;0.86072;0.86084;0.86078;0;T;True;2
1621262477000;11565745;0.86072;0.86084;0.86078;0;T;True;2
1621262478000;11565746;0.86072;0.86084;0.86078;0;T;True;2
1621262479000;11565747;0.86072;0.86084;0.86078;0;T;True;2
1621262480000;11565749;0.86071;0.86083;0.86077;1;T;True;2
1621262481000;11565751;0.86072;0.86084;0.86078;1;T;True;2
1621262482000;11565752;0.86072;0.86084;0.86078;0;T;True;2
1621262483000;11565755;0.86072;0.86084;0.86078;2;T;True;2
1621262484000;11565756;0.86072;0.86084;0.86078;0;T;True;2
1621262485000;11565757;0.86072;0.86084;0.86078;0;T;True;2
1621262486000;11565758;0.86072;0.86084;0.86078;0;T;True;2
1621262487000;11565759;0.86072;0.86084;0.86078;0;T;True;2
1621262488000;11565760;0.86072;0.86084;0.86078;0;T;True;2
1621262489000;11565762;0.86073;0.86085;0.86079;1;T;True;2
1621262490000;11565764;0.86073;0.86085;0.86079;1;T;True;2
1621262491000;11565765;0.86073;0.86085;0.86079;0;T;True;2
1621262492000;11565767;0.86072;0.86084;0.86078;1;T;True;2
1621262493000;11565768;0.86072;0.86084;0.86078;0;T;True;2
1621262494000;11565770;0.86072;0.86084;0.86078;1;T;True;2
1621262495000;11565774;0.86077;0.86089;0.86083;3;T;True;2
1621262496000;11565777;0.86079;0.86091;0.86085;2;T;True;2
1621262497000;11565779;0.8608;0.86092;0.86086;1;T;True;2
1621262498000;11565781;0.86081;0.86093;0.86087;1;T;True;2
1621262499000;11565782;0.86081;0.86093;0.86087;0;T;True;2
1621262500000;11565784;0.86082;0.86094;0.86088;1;T;True;2
1621262501000;11565786;0.86081;0.86093;0.86087;1;T;True;2
1621262502000;11565788;0.86082;0.86094;0.86088;1;T;True;2
1621262503000;11565789;0.86082;0.86094;0.86088;0;T;True;2
1621262504000;11565791;0.86083;0.86095;0.86089;1;T;True;2
1621262505000;11565792;0.86083;0.86095;0.86089;0;T;True;2
1621262506000;11565795;0.86083;0.86095;0.86089;2;T;True;2
1621262507000;11565797;0.86084;0.86096;0.8609;1;T;True;2
1621262508000;11565798;0.86084;0.86096;0.8609;0;T;True;2
1621262509000;11565800;0.86084;0.86096;0.8609;1;T;True;2
1621262510000;11565803;0.86087;0.86099;0.86093;2;T;True;2
1621262511000;11565806;0.86086;0.86098;0.86092;2;T;True;2
1621262512000;11565807;0.86086;0.86098;0.86092;0;T;True;2
1621262513000;11565808;0.86086;0.86098;0.86092;0;T;True;2
1621262514000;11565810;0.86087;0.86099;0.86093;1;T;True;2
1621262515000;11565811;0.86087;0.86099;0.86093;0;T;True;2
1621262516000;11565812;0.86087;0.86099;0.86093;0;T;True;2
1621262517000;11565813;0.86087;0.86099;0.86093;0;T;True;2
1621262518000;11565814;0.86087;0.86099;0.86093;0;T;True;2
1621262519000;11565815;0.86087;0.86099;0.86093;0;T;True;2
1621262520000;11565816;0.86087;0.86099;0.86093;0;T;True;2
1621262521000;11565818;0.86087;0.86099;0.86093;1;T;True;2
1621262522000;11565820;0.86088;0.861;0.86094;1;T;True;2
1621262523000;11565823;0.86085;0.86097;0.86091;2;T;True;2
1621262524000;11565825;0.86084;0.86096;0.8609;1;T;True;2
1621262525000;11565828;0.86083;0.86095;0.86089;2;T;True;2
1621262526000;11565830;0.86083;0.86095;0.86089;1;T;True;2
1621262527000;11565833;0.86084;0.86096;0.8609;2;T;True;2
1621262528000;11565834;0.86084;0.86096;0.8609;0;T;True;2
1621262529000;11565835;0.86084;0.86096;0.8609;0;T;True;2
1621262530000;11565836;0.86084;0.86096;0.8609;0;T;True;2
1621262531000;11565839;0.86083;0.86095;0.86089;2;T;True;2
1621262532000;11565843;0.86083;0.86095;0.86089;3;T;True;2
1621262533000;11565849;0.86085;0.86097;0.86091;5;T;True;2
1621262534000;11565855;0.86084;0.86096;0.8609;5;T;True;2
1621262535000;11565861;0.86085;0.86097;0.86091;5;T;True;2
1621262536000;11565862;0.86085;0.86097;0.86091;0;T;True;2
1621262537000;11565863;0.86085;0.86097;0.86091;0;T;True;2
1621262538000;11565864;0.86085;0.86097;0.86091;0;T;True;2
1621262539000;11565867;0.86085;0.86097;0.86091;2;T;True;2
1621262540000;11565869;0.86085;0.86097;0.86091;1;T;True;2
1621262541000;11565870;0.86085;0.86097;0.86091;0;T;True;2
1621262542000;11565871;0.86085;0.86097;0.86091;0;T;True;2
1621262543000;11565874;0.86084;0.86096;0.8609;2;T;True;2
1621262544000;11565877;0.86083;0.86095;0.86089;2;T;True;2
1621262545000;11565879;0.86083;0.86095;0.86089;1;T;True;2
1621262546000;11565880;0.86083;0.86095;0.86089;0;T;True;2
1621262547000;11565882;0.86084;0.86096;0.8609;1;T;True;2
1621262548000;11565883;0.86084;0.86096;0.8609;0;T;True;2
1621262549000;11565886;0.86084;0.86096;0.8609;2;T;True;2
1621262550000;11565888;0.86083;0.86095;0.86089;1;T;True;2
1621262551000;11565890;0.86083;0.86095;0.86089;1;T;True;2
1621262552000;11565891;0.86083;0.86095;0.86089;0;T;True;2
1621262553000;11565892;0.86083;0.86095;0.86089;0;T;True;2
1621262554000;11565893;0.86083;0.86095;0.86089;0;T;True;2
1621262555000;11565895;0.86084;0.86096;0.8609;1;T;True;2
1621262556000;11565897;0.86083;0.86095;0.86089;1;T;True;2
1621262557000;11565902;0.86083;0.86095;0.86089;4;T;True;2
1621262558000;11565903;0.86083;0.86095;0.86089;0;T;True;2
1621262559000;11565904;0.86083;0.86095;0.86089;0;T;True;2
1621262560000;11565907;0.86084;0.86096;0.8609;2;T;True;2
1621262561000;11565908;0.86084;0.86096;0.8609;0;T;True;2
1621262562000;11565910;0.86085;0.86097;0.86091;1;T;True;2
1621262563000;11565912;0.86085;0.86097;0.86091;1;T;True;2
1621262564000;11565918;0.86087;0.86099;0.86093;5;T;True;2
1621262565000;11565919;0.86087;0.86099;0.86093;0;T;True;2
1621262566000;11565920;0.86087;0.86099;0.86093;0;T;True;2
1621262567000;11565923;0.86086;0.86098;0.86092;2;T;True;2
1621262568000;11565927;0.86085;0.86097;0.86091;3;T;True;2
1621262569000;11565929;0.86085;0.86097;0.86091;1;T;True;2
1621262570000;11565930;0.86085;0.86097;0.86091;0;T;True;2
1621262571000;11565931;0.86085;0.86097;0.86091;0;T;True;2
1621262572000;11565939;0.86091;0.86103;0.86097;7;T;True;2
1621262573000;11565945;0.86089;0.86101;0.86095;5;T;True;2
1621262574000;11565950;0.86089;0.86101;0.86095;4;T;True;2
1621262575000;11565951;0.86089;0.86101;0.86095;0;T;True;2
1621262576000;11565953;0.8609;0.86102;0.86096;1;T;True;2
1621262577000;11565957;0.8609;0.86102;0.86096;3;T;True;2
1621262578000;11565958;0.8609;0.86102;0.86096;0;T;True;2
1621262579000;11565960;0.86089;0.86101;0.86095;1;T;True;2
1621262580000;11565961;0.86089;0.86101;0.86095;0;T;True;2
1621262581000;11565962;0.86089;0.86101;0.86095;0;T;True;2
1621262582000;11565967;0.86089;0.86101;0.86095;4;T;True;2
1621262583000;11565970;0.86089;0.86101;0.86095;2;T;True;2
1621262584000;11565972;0.86089;0.86101;0.86095;1;T;True;2
1621262585000;11565973;0.86089;0.86101;0.86095;0;T;True;2
1621262586000;11565974;0.86089;0.86101;0.86095;0;T;True;2
1621262587000;11565975;0.86089;0.86101;0.86095;0;T;True;2
1621262588000;11565976;0.86089;0.86101;0.86095;0;T;True;2
1621262589000;11565977;0.86089;0.86101;0.86095;0;T;True;2
1621262590000;11565982;0.86091;0.86103;0.86097;4;T;True;2
1621262591000;11565986;0.86091;0.86103;0.86097;3;T;True;2
1621262592000;11565991;0.8609;0.86102;0.86096;4;T;True;2
1621262593000;11565997;0.8609;0.86102;0.86096;5;T;True;2
1621262594000;11565999;0.86088;0.861;0.86094;1;T;True;2
1621262595000;11566003;0.86086;0.86098;0.86092;3;T;True;2
1621262596000;11566006;0.86085;0.86097;0.86091;2;T;True;2
1621262597000;11566007;0.86085;0.86097;0.86091;0;T;True;2
1621262598000;11566011;0.86083;0.86095;0.86089;3;T;True;2
1621262599000;11566012;0.86083;0.86095;0.86089;0;T;True;2
1621262600000;11566014;0.86083;0.86095;0.86089;1;T;True;2
1621262601000;11566017;0.86084;0.86096;0.8609;2;T;True;2
1621262602000;11566018;0.86084;0.86096;0.8609;0;T;True;2
1621262603000;11566022;0.86083;0.86095;0.86089;3;T;True;2
1621262604000;11566024;0.86083;0.86095;0.86089;1;T;True;2
1621262605000;11566029;0.86082;0.86094;0.86088;4;T;True;2
1621262606000;11566032;0.86082;0.86094;0.86088;2;T;True;2
1621262607000;11566034;0.86083;0.86095;0.86089;1;T;True;2
1621262608000;11566038;0.86082;0.86094;0.86088;3;T;True;2
1621262609000;11566042;0.86082;0.86094;0.86088;3;T;True;2
1621262610000;11566044;0.86083;0.86095;0.86089;1;T;True;2
1621262611000;11566046;0.86082;0.86094;0.86088;1;T;True;2
1621262612000;11566049;0.86082;0.86094;0.86088;2;T;True;2
1621262613000;11566050;0.86082;0.86094;0.86088;0;T;True;2
1621262614000;11566055;0.86083;0.86095;0.86089;4;T;True;2
1621262615000;11566056;0.86083;0.86095;0.86089;0;T;True;2
1621262616000;11566058;0.86083;0.86095;0.86089;1;T;True;2
1621262617000;11566060;0.86082;0.86094;0.86088;1;T;True;2
1621262618000;11566070;0.86087;0.86099;0.86093;9;T;True;2
1621262619000;11566075;0.86085;0.86097;0.86091;4;T;True;2
1621262620000;11566077;0.86084;0.86096;0.8609;1;T;True;2
1621262621000;11566078;0.86084;0.86096;0.8609;0;T;True;2
1621262622000;11566080;0.86085;0.86097;0.86091;1;T;True;2
1621262623000;11566081;0.86085;0.86097;0.86091;0;T;True;2
1621262624000;11566084;0.86082;0.86094;0.86088;2;T;True;2
1621262625000;11566085;0.86082;0.86094;0.86088;0;T;True;2
1621262626000;11566086;0.86082;0.86094;0.86088;0;T;True;2
1621262627000;11566092;0.86084;0.86096;0.8609;5;T;True;2
1621262628000;11566097;0.86083;0.86095;0.86089;4;T;True;2
1621262629000;11566104;0.86085;0.86097;0.86091;6;T;True;2
1621262630000;11566105;0.86085;0.86097;0.86091;0;T;True;2
1621262631000;11566113;0.86086;0.86098;0.86092;7;T;True;2
1621262632000;11566116;0.86086;0.86098;0.86092;2;T;True;2
1621262633000;11566118;0.86086;0.86098;0.86092;1;T;True;2
1621262634000;11566128;0.86083;0.86095;0.86089;9;T;True;2
1621262635000;11566130;0.86083;0.86095;0.86089;1;T;True;2
1621262636000;11566132;0.86083;0.86095;0.86089;1;T;True;2
1621262637000;11566133;0.86083;0.86095;0.86089;0;T;True;2
1621262638000;11566138;0.86082;0.86094;0.86088;4;T;True;2
1621262639000;11566141;0.86081;0.86093;0.86087;2;T;True;2
1621262640000;11566142;0.86081;0.86093;0.86087;0;T;True;2
1621262641000;11566147;0.86081;0.86093;0.86087;4;T;True;2
1621262642000;11566151;0.86083;0.86095;0.86089;3;T;True;2
1621262643000;11566158;0.86091;0.86103;0.86097;6;T;True;2
1621262644000;11566162;0.86091;0.86103;0.86097;3;T;True;2
1621262645000;11566166;0.86093;0.86105;0.86099;3;T;True;2
1621262646000;11566170;0.86095;0.86107;0.86101;3;T;True;2
1621262647000;11566173;0.86095;0.86107;0.86101;2;T;True;2
1621262648000;11566174;0.86095;0.86107;0.86101;0;T;True;2
1621262649000;11566178;0.86095;0.86107;0.86101;3;T;True;2
1621262650000;11566181;0.86095;0.86107;0.86101;2;T;True;2
1621262651000;11566182;0.86095;0.86107;0.86101;0;T;True;2
1621262652000;11566187;0.86095;0.86107;0.86101;4;T;True;2
1621262653000;11566189;0.86095;0.86107;0.86101;1;T;True;2
1621262654000;11566191;0.86095;0.86107;0.86101;1;T;True;2
1621262655000;11566193;0.86095;0.86107;0.86101;1;T;True;2
1621262656000;11566195;0.86095;0.86107;0.86101;1;T;True;2
1621262657000;11566196;0.86095;0.86107;0.86101;0;T;True;2
1621262658000;11566199;0.86095;0.86107;0.86101;2;T;True;2
1621262659000;11566200;0.86095;0.86107;0.86101;0;T;True;2
1621262660000;11566203;0.86094;0.86106;0.861;2;T;True;2
1621262661000;11566204;0.86094;0.86106;0.861;0;T;True;2
1621262662000;11566206;0.86094;0.86106;0.861;1;T;True;2
1621262663000;11566207;0.86094;0.86106;0.861;0;T;True;2
1621262664000;11566208;0.86094;0.86106;0.861;0;T;True;2
1621262665000;11566209;0.86094;0.86106;0.861;0;T;True;2
1621262666000;11566212;0.86091;0.86103;0.86097;2;T;True;2
1621262667000;11566214;0.8609;0.86102;0.86096;1;T;True;2
1621262668000;11566215;0.8609;0.86102;0.86096;0;T;True;2
1621262669000;11566219;0.86089;0.86101;0.86095;3;T;True;2
1621262670000;11566220;0.86089;0.86101;0.86095;0;T;True;2
1621262671000;11566222;0.86089;0.86101;0.86095;1;T;True;2
1621262672000;11566223;0.86089;0.86101;0.86095;0;T;True;2
1621262673000;11566224;0.86089;0.86101;0.86095;0;T;True;2
1621262674000;11566230;0.86088;0.861;0.86094;5;T;True;2
1621262675000;11566232;0.86088;0.861;0.86094;1;T;True;2
1621262676000;11566235;0.86088;0.861;0.86094;2;T;True;2
1621262677000;11566237;0.86089;0.86101;0.86095;1;T;True;2
1621262678000;11566240;0.86087;0.86099;0.86093;2;T;True;2
1621262679000;11566241;0.86087;0.86099;0.86093;0;T;True;2
1621262680000;11566242;0.86087;0.86099;0.86093;0;T;True;2
1621262681000;11566243;0.86087;0.86099;0.86093;0;T;True;2
1621262682000;11566244;0.86087;0.86099;0.86093;0;T;True;2
1621262683000;11566245;0.86087;0.86099;0.86093;0;T;True;2
1621262684000;11566247;0.86088;0.861;0.86094;1;T;True;2
1621262685000;11566248;0.86088;0.861;0.86094;0;T;True;2
1621262686000;11566249;0.86088;0.861;0.86094;0;T;True;2
1621262687000;11566253;0.86087;0.86099;0.86093;3;T;True;2
1621262688000;11566259;0.86091;0.86103;0.86097;5;T;True;2
1621262689000;11566260;0.86091;0.86103;0.86097;0;T;True;2
1621262690000;11566263;0.86093;0.86105;0.86099;2;T;True;2
1621262691000;11566266;0.86091;0.86103;0.86097;2;T;True;2
1621262692000;11566269;0.86093;0.86105;0.86099;2;T;True;2
1621262693000;11566270;0.86093;0.86105;0.86099;0;T;True;2
1621262694000;11566271;0.86093;0.86105;0.86099;0;T;True;2
1621262695000;11566272;0.86093;0.86105;0.86099;0;T;True;2
1621262696000;11566273;0.86093;0.86105;0.86099;0;T;True;2
1621262697000;11566274;0.86093;0.86105;0.86099;0;T;True;2
1621262698000;11566275;0.86093;0.86105;0.86099;0;T;True;2
1621262699000;11566276;0.86093;0.86105;0.86099;0;T;True;2
1621262700000;11566279;0.86093;0.86105;0.86099;2;T;True;2
1621262701000;11566281;0.86093;0.86105;0.86099;1;T;True;2
1621262702000;11566283;0.86093;0.86105;0.86099;1;T;True;2
1621262703000;11566284;0.86093;0.86105;0.86099;0;T;True;2
1621262704000;11566285;0.86093;0.86105;0.86099;0;T;True;2
1621262705000;11566289;0.8609;0.86102;0.86096;3;T;True;2
1621262706000;11566291;0.86091;0.86103;0.86097;1;T;True;2
1621262707000;11566292;0.86091;0.86103;0.86097;0;T;True;2
1621262708000;11566293;0.86091;0.86103;0.86097;0;T;True;2
1621262709000;11566294;0.86091;0.86103;0.86097;0;T;True;2
1621262710000;11566296;0.86091;0.86103;0.86097;1;T;True;2
1621262711000;11566297;0.86091;0.86103;0.86097;0;T;True;2
1621262712000;11566298;0.86091;0.86103;0.86097;0;T;True;2
1621262713000;11566299;0.86091;0.86103;0.86097;0;T;True;2
1621262714000;11566301;0.86091;0.86103;0.86097;1;T;True;2
1621262715000;11566304;0.86088;0.861;0.86094;2;T;True;2
1621262716000;11566307;0.8609;0.86102;0.86096;2;T;True;2
1621262717000;11566309;0.86089;0.86101;0.86095;1;T;True;2
1621262718000;11566313;0.86089;0.86101;0.86095;3;T;True;2
1621262719000;11566314;0.86089;0.86101;0.86095;0;T;True;2
1621262720000;11566317;0.86091;0.86103;0.86097;2;T;True;2
1621262721000;11566318;0.86091;0.86103;0.86097;0;T;True;2
1621262722000;11566319;0.86091;0.86103;0.86097;0;T;True;2
1621262723000;11566321;0.86092;0.86104;0.86098;1;T;True;2
1621262724000;11566326;0.86089;0.86101;0.86095;4;T;True;2
1621262725000;11566327;0.86089;0.86101;0.86095;0;T;True;2
1621262726000;11566328;0.86089;0.86101;0.86095;0;T;True;2
1621262727000;11566329;0.86089;0.86101;0.86095;0;T;True;2
1621262728000;11566331;0.86089;0.86101;0.86095;1;T;True;2
1621262729000;11566332;0.86089;0.86101;0.86095;0;T;True;2
1621262730000;11566338;0.86091;0.86103;0.86097;5;T;True;2
1621262731000;11566345;0.86094;0.86106;0.861;6;T;True;2
1621262732000;11566347;0.86093;0.86105;0.86099;1;T;True;2
1621262733000;11566351;0.86094;0.86106;0.861;3;T;True;2
1621262734000;11566353;0.86094;0.86106;0.861;1;T;True;2
1621262735000;11566356;0.86094;0.86106;0.861;2;T;True;2
1621262736000;11566361;0.86095;0.86107;0.86101;4;T;True;2
1621262737000;11566363;0.86095;0.86107;0.86101;1;T;True;2
1621262738000;11566364;0.86095;0.86107;0.86101;0;T;True;2
1621262739000;11566365;0.86095;0.86107;0.86101;0;T;True;2
1621262740000;11566369;0.86095;0.86107;0.86101;3;T;True;2
1621262741000;11566374;0.86101;0.86113;0.86107;4;T;True;2
1621262742000;11566376;0.86102;0.86114;0.86108;1;T;True;2
1621262743000;11566380;0.86101;0.86113;0.86107;3;T;True;2
1621262744000;11566384;0.86097;0.86109;0.86103;3;T;True;2
1621262745000;11566385;0.86097;0.86109;0.86103;0;T;True;2
1621262746000;11566386;0.86097;0.86109;0.86103;0;T;True;2
1621262747000;11566388;0.86097;0.86109;0.86103;1;T;True;2
1621262748000;11566390;0.86099;0.86111;0.86105;1;T;True;2
1621262749000;11566392;0.86098;0.8611;0.86104;1;T;True;2
1621262750000;11566394;0.86097;0.86109;0.86103;1;T;True;2
1621262751000;11566397;0.86094;0.86106;0.861;2;T;True;2
1621262752000;11566398;0.86094;0.86106;0.861;0;T;True;2
1621262753000;11566401;0.86093;0.86105;0.86099;2;T;True;2
1621262754000;11566402;0.86093;0.86105;0.86099;0;T;True;2
1621262755000;11566405;0.86094;0.86106;0.861;2;T;True;2
1621262756000;11566411;0.86093;0.86105;0.86099;5;T;True;2
1621262757000;11566414;0.86093;0.86105;0.86099;2;T;True;2
1621262758000;11566417;0.86093;0.86105;0.86099;2;T;True;2
1621262759000;11566418;0.86093;0.86105;0.86099;0;T;True;2
1621262760000;11566419;0.86093;0.86105;0.86099;0;T;True;2
1621262761000;11566424;0.8609;0.86102;0.86096;4;T;True;2
1621262762000;11566430;0.86093;0.86105;0.86099;5;T;True;2
1621262763000;11566431;0.86093;0.86105;0.86099;0;T;True;2
1621262764000;11566432;0.86093;0.86105;0.86099;0;T;True;2
1621262765000;11566435;0.86089;0.86101;0.86095;2;T;True;2
1621262766000;11566436;0.86089;0.86101;0.86095;0;T;True;2
1621262767000;11566439;0.86089;0.86101;0.86095;2;T;True;2
1621262768000;11566440;0.86089;0.86101;0.86095;0;T;True;2
1621262769000;11566445;0.8609;0.86102;0.86096;4;T;True;2
1621262770000;11566451;0.86093;0.86105;0.86099;5;T;True;2
1621262771000;11566453;0.86093;0.86105;0.86099;1;T;True;2
1621262772000;11566454;0.86093;0.86105;0.86099;0;T;True;2
1621262773000;11566455;0.86093;0.86105;0.86099;0;T;True;2
1621262774000;11566456;0.86093;0.86105;0.86099;0;T;True;2
1621262775000;11566458;0.86092;0.86104;0.86098;1;T;True;2
1621262776000;11566460;0.86093;0.86105;0.86099;1;T;True;2
1621262777000;11566461;0.86093;0.86105;0.86099;0;T;True;2
1621262778000;11566462;0.86093;0.86105;0.86099;0;T;True;2
1621262779000;11566463;0.86093;0.86105;0.86099;0;T;True;2
1621262780000;11566464;0.86093;0.86105;0.86099;0;T;True;2
1621262781000;11566466;0.86092;0.86104;0.86098;1;T;True;2
1621262782000;11566467;0.86092;0.86104;0.86098;0;T;True;2
1621262783000;11566471;0.86093;0.86105;0.86099;3;T;True;2
1621262784000;11566472;0.86093;0.86105;0.86099;0;T;True;2
1621262785000;11566473;0.86093;0.86105;0.86099;0;T;True;2
1621262786000;11566474;0.86093;0.86105;0.86099;0;T;True;2
1621262787000;11566475;0.86093;0.86105;0.86099;0;T;True;2
1621262788000;11566476;0.86093;0.86105;0.86099;0;T;True;2
1621262789000;11566477;0.86093;0.86105;0.86099;0;T;True;2
1621262790000;11566478;0.86093;0.86105;0.86099;0;T;True;2
1621262791000;11566479;0.86093;0.86105;0.86099;0;T;True;2
1621262792000;11566480;0.86093;0.86105;0.86099;0;T;True;2
1621262793000;11566481;0.86093;0.86105;0.86099;0;T;True;2
1621262794000;11566482;0.86093;0.86105;0.86099;0;T;True;2
1621262795000;11566485;0.86092;0.86104;0.86098;2;T;True;2
1621262796000;11566486;0.86092;0.86104;0.86098;0;T;True;2
1621262797000;11566488;0.86093;0.86105;0.86099;1;T;True;2
1621262798000;11566490;0.86092;0.86104;0.86098;1;T;True;2
1621262799000;11566491;0.86092;0.86104;0.86098;0;T;True;2
1621262800000;11566494;0.86092;0.86104;0.86098;2;T;True;2
1621262801000;11566496;0.86093;0.86105;0.86099;1;T;True;2
1621262802000;11566497;0.86093;0.86105;0.86099;0;T;True;2
1621262803000;11566498;0.86093;0.86105;0.86099;0;T;True;2
1621262804000;11566499;0.86093;0.86105;0.86099;0;T;True;2
1621262805000;11566500;0.86093;0.86105;0.86099;0;T;True;2
1621262806000;11566503;0.86092;0.86104;0.86098;2;T;True;2
1621262807000;11566511;0.86095;0.86107;0.86101;7;T;True;2
1621262808000;11566515;0.86097;0.86109;0.86103;3;T;True;2
1621262809000;11566517;0.86097;0.86109;0.86103;1;T;True;2
1621262810000;11566520;0.86099;0.86111;0.86105;2;T;True;2
1621262811000;11566524;0.86096;0.86108;0.86102;3;T;True;2
1621262812000;11566525;0.86096;0.86108;0.86102;0;T;True;2
1621262813000;11566526;0.86096;0.86108;0.86102;0;T;True;2
1621262814000;11566527;0.86096;0.86108;0.86102;0;T;True;2
1621262815000;11566529;0.86095;0.86107;0.86101;1;T;True;2
1621262816000;11566530;0.86095;0.86107;0.86101;0;T;True;2
1621262817000;11566531;0.86095;0.86107;0.86101;0;T;True;2
1621262818000;11566532;0.86095;0.86107;0.86101;0;T;True;2
1621262819000;11566533;0.86095;0.86107;0.86101;0;T;True;2
1621262820000;11566536;0.86091;0.86103;0.86097;2;T;True;2
1621262821000;11566539;0.86089;0.86101;0.86095;2;T;True;2
1621262822000;11566540;0.86089;0.86101;0.86095;0;T;True;2
1621262823000;11566541;0.86089;0.86101;0.86095;0;T;True;2
1621262824000;11566544;0.8609;0.86102;0.86096;2;T;True;2
1621262825000;11566545;0.8609;0.86102;0.86096;0;T;True;2
1621262826000;11566547;0.86089;0.86101;0.86095;1;T;True;2
1621262827000;11566550;0.86089;0.86101;0.86095;2;T;True;2
1621262828000;11566551;0.86089;0.86101;0.86095;0;T;True;2
1621262829000;11566552;0.86089;0.86101;0.86095;0;T;True;2
1621262830000;11566553;0.86089;0.86101;0.86095;0;T;True;2
1621262831000;11566554;0.86089;0.86101;0.86095;0;T;True;2
1621262832000;11566555;0.86089;0.86101;0.86095;0;T;True;2
1621262833000;11566556;0.86089;0.86101;0.86095;0;T;True;2
1621262834000;11566557;0.86089;0.86101;0.86095;0;T;True;2
1621262835000;11566559;0.86089;0.86101;0.86095;1;T;True;2
1621262836000;11566562;0.8609;0.86102;0.86096;2;T;True;2
1621262837000;11566563;0.8609;0.86102;0.86096;0;T;True;2
1621262838000;11566564;0.8609;0.86102;0.86096;0;T;True;2
1621262839000;11566567;0.86092;0.86104;0.86098;2;T;True;2
1621262840000;11566572;0.86095;0.86107;0.86101;4;T;True;2
1621262841000;11566573;0.86095;0.86107;0.86101;0;T;True;2
1621262842000;11566575;0.86095;0.86107;0.86101;1;T;True;2
1621262843000;11566576;0.86095;0.86107;0.86101;0;T;True;2
1621262844000;11566577;0.86095;0.86107;0.86101;0;T;True;2
1621262845000;11566579;0.86095;0.86107;0.86101;1;T;True;2
1621262846000;11566582;0.86091;0.86103;0.86097;2;T;True;2
1621262847000;11566583;0.86091;0.86103;0.86097;0;T;True;2
1621262848000;11566585;0.86091;0.86103;0.86097;1;T;True;2
1621262849000;11566588;0.86091;0.86103;0.86097;2;T;True;2
1621262850000;11566590;0.8609;0.86102;0.86096;1;T;True;2
1621262851000;11566594;0.86089;0.86101;0.86095;3;T;True;2
1621262852000;11566595;0.86089;0.86101;0.86095;0;T;True;2
1621262853000;11566596;0.86089;0.86101;0.86095;0;T;True;2
1621262854000;11566597;0.86089;0.86101;0.86095;0;T;True;2
1621262855000;11566599;0.86088;0.861;0.86094;1;T;True;2
1621262856000;11566601;0.86087;0.86099;0.86093;1;T;True;2
1621262857000;11566602;0.86087;0.86099;0.86093;0;T;True;2
1621262858000;11566605;0.86088;0.861;0.86094;2;T;True;2
1621262859000;11566609;0.8609;0.86102;0.86096;3;T;True;2
1621262860000;11566613;0.86087;0.86099;0.86093;3;T;True;2
1621262861000;11566619;0.86087;0.86099;0.86093;5;T;True;2
1621262862000;11566620;0.86087;0.86099;0.86093;0;T;True;2
1621262863000;11566621;0.86087;0.86099;0.86093;0;T;True;2
1621262864000;11566625;0.86085;0.86097;0.86091;3;T;True;2
1621262865000;11566627;0.86083;0.86095;0.86089;1;T;True;2
1621262866000;11566629;0.86083;0.86095;0.86089;1;T;True;2
1621262867000;11566632;0.86081;0.86093;0.86087;2;T;True;2
1621262868000;11566633;0.86081;0.86093;0.86087;0;T;True;2
1621262869000;11566636;0.8608;0.86092;0.86086;2;T;True;2
1621262870000;11566638;0.86079;0.86091;0.86085;1;T;True;2
1621262871000;11566641;0.86081;0.86093;0.86087;2;T;True;2
1621262872000;11566645;0.86085;0.86097;0.86091;3;T;True;2
1621262873000;11566647;0.86084;0.86096;0.8609;1;T;True;2
1621262874000;11566648;0.86084;0.86096;0.8609;0;T;True;2
1621262875000;11566650;0.86084;0.86096;0.8609;1;T;True;2
1621262876000;11566653;0.86085;0.86097;0.86091;2;T;True;2
1621262877000;11566654;0.86085;0.86097;0.86091;0;T;True;2
1621262878000;11566656;0.86084;0.86096;0.8609;1;T;True;2
1621262879000;11566657;0.86084;0.86096;0.8609;0;T;True;2
1621262880000;11566659;0.86085;0.86097;0.86091;1;T;True;2
1621262881000;11566660;0.86085;0.86097;0.86091;0;T;True;2
1621262882000;11566662;0.86084;0.86096;0.8609;1;T;True;2
1621262883000;11566663;0.86084;0.86096;0.8609;0;T;True;2
1621262884000;11566665;0.86083;0.86095;0.86089;1;T;True;2
1621262885000;11566666;0.86083;0.86095;0.86089;0;T;True;2
1621262886000;11566669;0.86081;0.86093;0.86087;2;T;True;2
1621262887000;11566670;0.86081;0.86093;0.86087;0;T;True;2
1621262888000;11566672;0.86081;0.86093;0.86087;1;T;True;2
1621262889000;11566673;0.86081;0.86093;0.86087;0;T;True;2
1621262890000;11566684;0.86085;0.86097;0.86091;10;T;True;2
1621262891000;11566685;0.86085;0.86097;0.86091;0;T;True;2
1621262892000;11566688;0.86083;0.86095;0.86089;2;T;True;2
1621262893000;11566690;0.86083;0.86095;0.86089;1;T;True;2
1621262894000;11566691;0.86083;0.86095;0.86089;0;T;True;2
1621262895000;11566694;0.86083;0.86095;0.86089;2;T;True;2
1621262896000;11566695;0.86083;0.86095;0.86089;0;T;True;2
1621262897000;11566698;0.86085;0.86097;0.86091;2;T;True;2
1621262898000;11566707;0.86083;0.86095;0.86089;8;T;True;2
1621262899000;11566711;0.86083;0.86095;0.86089;3;T;True;2
1621262900000;11566715;0.86081;0.86093;0.86087;3;T;True;2
1621262901000;11566717;0.86081;0.86093;0.86087;1;T;True;2
1621262902000;11566720;0.86081;0.86093;0.86087;2;T;True;2
1621262903000;11566721;0.86081;0.86093;0.86087;0;T;True;2
1621262904000;11566723;0.86083;0.86095;0.86089;1;T;True;2
1621262905000;11566725;0.86083;0.86095;0.86089;1;T;True;2
1621262906000;11566726;0.86083;0.86095;0.86089;0;T;True;2
1621262907000;11566729;0.86087;0.86099;0.86093;2;T;True;2
1621262908000;11566730;0.86087;0.86099;0.86093;0;T;True;2
1621262909000;11566735;0.86085;0.86097;0.86091;4;T;True;2
1621262910000;11566737;0.86085;0.86097;0.86091;1;T;True;2
1621262911000;11566738;0.86085;0.86097;0.86091;0;T;True;2
1621262912000;11566741;0.86083;0.86095;0.86089;2;T;True;2
1621262913000;11566744;0.86081;0.86093;0.86087;2;T;True;2
1621262914000;11566746;0.86083;0.86095;0.86089;1;T;True;2
1621262915000;11566747;0.86083;0.86095;0.86089;0;T;True;2
1621262916000;11566751;0.86081;0.86093;0.86087;3;T;True;2
1621262917000;11566755;0.86079;0.86091;0.86085;3;T;True;2
1621262918000;11566760;0.86077;0.86089;0.86083;4;T;True;2
1621262919000;11566762;0.86077;0.86089;0.86083;1;T;True;2
1621262920000;11566763;0.86077;0.86089;0.86083;0;T;True;2
1621262921000;11566775;0.86067;0.86079;0.86073;11;T;True;2
1621262922000;11566777;0.86067;0.86079;0.86073;1;T;True;2
1621262923000;11566779;0.86069;0.86081;0.86075;1;T;True;2
1621262924000;11566780;0.86069;0.86081;0.86075;0;T;True;2
1621262925000;11566781;0.86069;0.86081;0.86075;0;T;True;2
1621262926000;11566785;0.86069;0.86081;0.86075;3;T;True;2
1621262927000;11566786;0.86069;0.86081;0.86075;0;T;True;2
1621262928000;11566788;0.86069;0.86081;0.86075;1;T;True;2
1621262929000;11566789;0.86069;0.86081;0.86075;0;T;True;2
1621262930000;11566790;0.86069;0.86081;0.86075;0;T;True;2
1621262931000;11566793;0.86071;0.86083;0.86077;2;T;True;2
1621262932000;11566799;0.86075;0.86087;0.86081;5;T;True;2
1621262933000;11566800;0.86075;0.86087;0.86081;0;T;True;2
1621262934000;11566801;0.86075;0.86087;0.86081;0;T;True;2
1621262935000;11566802;0.86075;0.86087;0.86081;0;T;True;2
1621262936000;11566803;0.86075;0.86087;0.86081;0;T;True;2
1621262937000;11566804;0.86075;0.86087;0.86081;0;T;True;2
1621262938000;11566806;0.86076;0.86088;0.86082;1;T;True;2
1621262939000;11566807;0.86076;0.86088;0.86082;0;T;True;2
1621262940000;11566809;0.86075;0.86087;0.86081;1;T;True;2
1621262941000;11566810;0.86075;0.86087;0.86081;0;T;True;2
1621262942000;11566811;0.86075;0.86087;0.86081;0;T;True;2
1621262943000;11566816;0.86079;0.86091;0.86085;4;T;True;2
1621262944000;11566820;0.86079;0.86091;0.86085;3;T;True;2
1621262945000;11566823;0.86077;0.86089;0.86083;2;T;True;2
1621262946000;11566829;0.86075;0.86087;0.86081;5;T;True;2
1621262947000;11566832;0.86075;0.86087;0.86081;2;T;True;2
1621262948000;11566833;0.86075;0.86087;0.86081;0;T;True;2
1621262949000;11566836;0.86073;0.86085;0.86079;2;T;True;2
1621262950000;11566840;0.86071;0.86083;0.86077;3;T;True;2
1621262951000;11566841;0.86071;0.86083;0.86077;0;T;True;2
1621262952000;11566842;0.86071;0.86083;0.86077;0;T;True;2
1621262953000;11566843;0.86071;0.86083;0.86077;0;T;True;2
1621262954000;11566845;0.86069;0.86081;0.86075;1;T;True;2
1621262955000;11566846;0.86069;0.86081;0.86075;0;T;True;2
1621262956000;11566847;0.86069;0.86081;0.86075;0;T;True;2
1621262957000;11566848;0.86069;0.86081;0.86075;0;T;True;2
1621262958000;11566849;0.86069;0.86081;0.86075;0;T;True;2
1621262959000;11566850;0.86069;0.86081;0.86075;0;T;True;2
1621262960000;11566851;0.86069;0.86081;0.86075;0;T;True;2
1621262961000;11566853;0.86067;0.86079;0.86073;1;T;True;2
1621262962000;11566859;0.8606;0.86072;0.86066;5;T;True;2
1621262963000;11566865;0.86059;0.86071;0.86065;5;T;True;2
1621262964000;11566866;0.86059;0.86071;0.86065;0;T;True;2
1621262965000;11566869;0.86059;0.86071;0.86065;2;T;True;2
1621262966000;11566870;0.86059;0.86071;0.86065;0;T;True;2
1621262967000;11566872;0.86058;0.8607;0.86064;1;T;True;2
1621262968000;11566875;0.86057;0.86069;0.86063;2;T;True;2
1621262969000;11566876;0.86057;0.86069;0.86063;0;T;True;2
1621262970000;11566880;0.86057;0.86069;0.86063;3;T;True;2
1621262971000;11566883;0.86057;0.86069;0.86063;2;T;True;2
1621262972000;11566887;0.86059;0.86071;0.86065;3;T;True;2
1621262973000;11566891;0.86059;0.86071;0.86065;3;T;True;2
1621262974000;11566898;0.86061;0.86073;0.86067;6;T;True;2
1621262975000;11566900;0.8606;0.86072;0.86066;1;T;True;2
1621262976000;11566901;0.8606;0.86072;0.86066;0;T;True;2
1621262977000;11566903;0.86061;0.86073;0.86067;1;T;True;2
1621262978000;11566904;0.86061;0.86073;0.86067;0;T;True;2
1621262979000;11566908;0.8606;0.86072;0.86066;3;T;True;2
1621262980000;11566915;0.86061;0.86073;0.86067;6;T;True;2
1621262981000;11566917;0.86063;0.86075;0.86069;1;T;True;2
1621262982000;11566923;0.86067;0.86079;0.86073;5;T;True;2
1621262983000;11566925;0.86067;0.86079;0.86073;1;T;True;2
1621262984000;11566927;0.86067;0.86079;0.86073;1;T;True;2
1621262985000;11566931;0.86068;0.8608;0.86074;3;T;True;2
1621262986000;11566935;0.86066;0.86078;0.86072;3;T;True;2
1621262987000;11566936;0.86066;0.86078;0.86072;0;T;True;2
1621262988000;11566941;0.86066;0.86078;0.86072;4;T;True;2
1621262989000;11566943;0.86065;0.86077;0.86071;1;T;True;2
1621262990000;11566946;0.86066;0.86078;0.86072;2;T;True;2
1621262991000;11566953;0.86062;0.86074;0.86068;6;T;True;2
1621262992000;11566963;0.86061;0.86073;0.86067;9;T;True;2
1621262993000;11566965;0.86061;0.86073;0.86067;1;T;True;2
1621262994000;11566967;0.86061;0.86073;0.86067;1;T;True;2
1621262995000;11566968;0.86061;0.86073;0.86067;0;T;True;2
1621262996000;11566975;0.86061;0.86073;0.86067;6;T;True;2
1621262997000;11566982;0.8606;0.86072;0.86066;6;T;True;2
1621262998000;11566987;0.86061;0.86073;0.86067;4;T;True;2
1621262999000;11566992;0.86061;0.86073;0.86067;4;T;True;2
1621263000000;11566993;0.86061;0.86073;0.86067;0;T;True;2
1621263001000;11566996;0.86061;0.86073;0.86067;2;T;True;2
1621263002000;11566997;0.86061;0.86073;0.86067;0;T;True;2
1621263003000;11566998;0.86061;0.86073;0.86067;0;T;True;2
1621263004000;11567002;0.86061;0.86073;0.86067;3;T;True;2
1621263005000;11567010;0.86061;0.86073;0.86067;7;T;True;2
1621263006000;11567012;0.86061;0.86073;0.86067;1;T;True;2
1621263007000;11567013;0.86061;0.86073;0.86067;0;T;True;2
1621263008000;11567014;0.86061;0.86073;0.86067;0;T;True;2
1621263009000;11567017;0.86065;0.86077;0.86071;2;T;True;2
1621263010000;11567018;0.86065;0.86077;0.86071;0;T;True;2
1621263011000;11567020;0.86065;0.86077;0.86071;1;T;True;2
1621263012000;11567021;0.86065;0.86077;0.86071;0;T;True;2
1621263013000;11567024;0.86063;0.86075;0.86069;2;T;True;2
1621263014000;11567025;0.86063;0.86075;0.86069;0;T;True;2
1621263015000;11567026;0.86063;0.86075;0.86069;0;T;True;2
1621263016000;11567031;0.86067;0.86079;0.86073;4;T;True;2
1621263017000;11567032;0.86067;0.86079;0.86073;0;T;True;2
1621263018000;11567033;0.86067;0.86079;0.86073;0;T;True;2
1621263019000;11567034;0.86067;0.86079;0.86073;0;T;True;2
1621263020000;11567041;0.86059;0.86071;0.86065;6;T;True;2
1621263021000;11567052;0.86053;0.86065;0.86059;10;T;True;2
1621263022000;11567054;0.86053;0.86065;0.86059;1;T;True;2
1621263023000;11567059;0.86049;0.86061;0.86055;4;T;True;2
1621263024000;11567075;0.86049;0.86061;0.86055;15;T;True;2
1621263025000;11567078;0.86049;0.86061;0.86055;2;T;True;2
1621263026000;11567085;0.86051;0.86063;0.86057;6;T;True;2
1621263027000;11567088;0.86051;0.86063;0.86057;2;T;True;2
1621263028000;11567090;0.86051;0.86063;0.86057;1;T;True;2
1621263029000;11567093;0.86051;0.86063;0.86057;2;T;True;2
1621263030000;11567095;0.86051;0.86063;0.86057;1;T;True;2
1621263031000;11567099;0.86052;0.86064;0.86058;3;T;True;2
1621263032000;11567100;0.86052;0.86064;0.86058;0;T;True;2
1621263033000;11567102;0.86051;0.86063;0.86057;1;T;True;2
1621263034000;11567104;0.86053;0.86065;0.86059;1;T;True;2
1621263035000;11567109;0.86052;0.86064;0.86058;4;T;True;2
1621263036000;11567113;0.86052;0.86064;0.86058;3;T;True;2
1621263037000;11567115;0.86052;0.86064;0.86058;1;T;True;2
1621263038000;11567116;0.86052;0.86064;0.86058;0;T;True;2
1621263039000;11567117;0.86052;0.86064;0.86058;0;T;True;2
1621263040000;11567118;0.86052;0.86064;0.86058;0;T;True;2
1621263041000;11567119;0.86052;0.86064;0.86058;0;T;True;2
1621263042000;11567122;0.8605;0.86062;0.86056;2;T;True;2
1621263043000;11567123;0.8605;0.86062;0.86056;0;T;True;2
1621263044000;11567125;0.86049;0.86061;0.86055;1;T;True;2
1621263045000;11567127;0.86048;0.8606;0.86054;1;T;True;2
1621263046000;11567132;0.86045;0.86057;0.86051;4;T;True;2
1621263047000;11567139;0.86045;0.86057;0.86051;6;T;True;2
1621263048000;11567140;0.86045;0.86057;0.86051;0;T;True;2
1621263049000;11567141;0.86045;0.86057;0.86051;0;T;True;2
1621263050000;11567142;0.86045;0.86057;0.86051;0;T;True;2
1621263051000;11567143;0.86045;0.86057;0.86051;0;T;True;2
1621263052000;11567145;0.86045;0.86057;0.86051;1;T;True;2
1621263053000;11567146;0.86045;0.86057;0.86051;0;T;True;2
1621263054000;11567147;0.86045;0.86057;0.86051;0;T;True;2
1621263055000;11567149;0.86045;0.86057;0.86051;1;T;True;2
1621263056000;11567150;0.86045;0.86057;0.86051;0;T;True;2
1621263057000;11567151;0.86045;0.86057;0.86051;0;T;True;2
1621263058000;11567152;0.86045;0.86057;0.86051;0;T;True;2
1621263059000;11567153;0.86045;0.86057;0.86051;0;T;True;2
1621263060000;11567154;0.86045;0.86057;0.86051;0;T;True;2
1621263061000;11567157;0.86045;0.86057;0.86051;2;T;True;2
1621263062000;11567159;0.86046;0.86058;0.86052;1;T;True;2
1621263063000;11567162;0.86046;0.86058;0.86052;2;T;True;2
1621263064000;11567163;0.86046;0.86058;0.86052;0;T;True;2
1621263065000;11567164;0.86046;0.86058;0.86052;0;T;True;2
1621263066000;11567165;0.86046;0.86058;0.86052;0;T;True;2
1621263067000;11567168;0.86045;0.86057;0.86051;2;T;True;2
1621263068000;11567171;0.86045;0.86057;0.86051;2;T;True;2
1621263069000;11567173;0.86045;0.86057;0.86051;1;T;True;2
1621263070000;11567179;0.86048;0.8606;0.86054;5;T;True;2
1621263071000;11567183;0.86045;0.86057;0.86051;3;T;True;2
1621263072000;11567184;0.86045;0.86057;0.86051;0;T;True;2
1621263073000;11567186;0.86046;0.86058;0.86052;1;T;True;2
1621263074000;11567187;0.86046;0.86058;0.86052;0;T;True;2
1621263075000;11567188;0.86046;0.86058;0.86052;0;T;True;2
1621263076000;11567191;0.86045;0.86057;0.86051;2;T;True;2
1621263077000;11567192;0.86045;0.86057;0.86051;0;T;True;2
1621263078000;11567193;0.86045;0.86057;0.86051;0;T;True;2
1621263079000;11567201;0.86047;0.86059;0.86053;7;T;True;2
1621263080000;11567203;0.86046;0.86058;0.86052;1;T;True;2
1621263081000;11567210;0.86049;0.86061;0.86055;6;T;True;2
1621263082000;11567215;0.86051;0.86063;0.86057;4;T;True;2
1621263083000;11567218;0.86051;0.86063;0.86057;2;T;True;2
1621263084000;11567221;0.86051;0.86063;0.86057;2;T;True;2
1621263085000;11567224;0.86051;0.86063;0.86057;2;T;True;2
1621263086000;11567225;0.86051;0.86063;0.86057;0;T;True;2
1621263087000;11567232;0.86052;0.86064;0.86058;6;T;True;2
1621263088000;11567233;0.86052;0.86064;0.86058;0;T;True;2
1621263089000;11567234;0.86052;0.86064;0.86058;0;T;True;2
1621263090000;11567246;0.86046;0.86058;0.86052;11;T;True;2
1621263091000;11567249;0.86047;0.86059;0.86053;2;T;True;2
1621263092000;11567257;0.86046;0.86058;0.86052;7;T;True;2
1621263093000;11567265;0.86043;0.86055;0.86049;7;T;True;2
1621263094000;11567269;0.86041;0.86053;0.86047;3;T;True;2
1621263095000;11567271;0.86042;0.86054;0.86048;1;T;True;2
1621263096000;11567272;0.86042;0.86054;0.86048;0;T;True;2
1621263097000;11567276;0.86043;0.86055;0.86049;3;T;True;2
1621263098000;11567280;0.86041;0.86053;0.86047;3;T;True;2
1621263099000;11567281;0.86041;0.86053;0.86047;0;T;True;2
1621263100000;11567282;0.86041;0.86053;0.86047;0;T;True;2
1621263101000;11567283;0.86041;0.86053;0.86047;0;T;True;2
1621263102000;11567286;0.86041;0.86053;0.86047;2;T;True;2
1621263103000;11567289;0.86041;0.86053;0.86047;2;T;True;2
1621263104000;11567291;0.86041;0.86053;0.86047;1;T;True;2
1621263105000;11567296;0.86038;0.8605;0.86044;4;T;True;2
1621263106000;11567299;0.86038;0.8605;0.86044;2;T;True;2
1621263107000;11567300;0.86038;0.8605;0.86044;0;T;True;2
1621263108000;11567303;0.86039;0.86051;0.86045;2;T;True;2
1621263109000;11567307;0.86037;0.86049;0.86043;3;T;True;2
1621263110000;11567310;0.86037;0.86049;0.86043;2;T;True;2
1621263111000;11567314;0.86035;0.86047;0.86041;3;T;True;2
1621263112000;11567324;0.86033;0.86045;0.86039;9;T;True;2
1621263113000;11567328;0.86035;0.86047;0.86041;3;T;True;2
1621263114000;11567331;0.86035;0.86047;0.86041;2;T;True;2
1621263115000;11567334;0.86035;0.86047;0.86041;2;T;True;2
1621263116000;11567339;0.86037;0.86049;0.86043;4;T;True;2
1621263117000;11567340;0.86037;0.86049;0.86043;0;T;True;2
1621263118000;11567341;0.86037;0.86049;0.86043;0;T;True;2
1621263119000;11567342;0.86037;0.86049;0.86043;0;T;True;2
1621263120000;11567344;0.86039;0.86051;0.86045;1;T;True;2
1621263121000;11567347;0.86039;0.86051;0.86045;2;T;True;2
1621263122000;11567351;0.86039;0.86051;0.86045;3;T;True;2
1621263123000;11567352;0.86039;0.86051;0.86045;0;T;True;2
1621263124000;11567356;0.86041;0.86053;0.86047;3;T;True;2
1621263125000;11567360;0.86043;0.86055;0.86049;3;T;True;2
1621263126000;11567364;0.86042;0.86054;0.86048;3;T;True;2
1621263127000;11567370;0.86039;0.86051;0.86045;5;T;True;2
1621263128000;11567378;0.86035;0.86047;0.86041;7;T;True;2
1621263129000;11567380;0.86035;0.86047;0.86041;1;T;True;2
1621263130000;11567383;0.86036;0.86048;0.86042;2;T;True;2
1621263131000;11567387;0.86036;0.86048;0.86042;3;T;True;2
1621263132000;11567391;0.86039;0.86051;0.86045;3;T;True;2
1621263133000;11567394;0.86037;0.86049;0.86043;2;T;True;2
1621263134000;11567399;0.86035;0.86047;0.86041;4;T;True;2
1621263135000;11567402;0.86035;0.86047;0.86041;2;T;True;2
1621263136000;11567404;0.86035;0.86047;0.86041;1;T;True;2
1621263137000;11567407;0.86034;0.86046;0.8604;2;T;True;2
1621263138000;11567410;0.86032;0.86044;0.86038;2;T;True;2
1621263139000;11567411;0.86032;0.86044;0.86038;0;T;True;2
1621263140000;11567416;0.86036;0.86048;0.86042;4;T;True;2
1621263141000;11567422;0.86037;0.86049;0.86043;5;T;True;2
1621263142000;11567424;0.86039;0.86051;0.86045;1;T;True;2
1621263143000;11567425;0.86039;0.86051;0.86045;0;T;True;2
1621263144000;11567428;0.86039;0.86051;0.86045;2;T;True;2
1621263145000;11567430;0.86039;0.86051;0.86045;1;T;True;2
1621263146000;11567433;0.8604;0.86052;0.86046;2;T;True;2
1621263147000;11567435;0.86041;0.86053;0.86047;1;T;True;2
1621263148000;11567436;0.86041;0.86053;0.86047;0;T;True;2
1621263149000;11567440;0.86041;0.86053;0.86047;3;T;True;2
1621263150000;11567445;0.86041;0.86053;0.86047;4;T;True;2
1621263151000;11567447;0.86042;0.86054;0.86048;1;T;True;2
1621263152000;11567450;0.86043;0.86055;0.86049;2;T;True;2
1621263153000;11567453;0.86042;0.86054;0.86048;2;T;True;2
1621263154000;11567456;0.86041;0.86053;0.86047;2;T;True;2
1621263155000;11567457;0.86041;0.86053;0.86047;0;T;True;2
1621263156000;11567458;0.86041;0.86053;0.86047;0;T;True;2
1621263157000;11567459;0.86041;0.86053;0.86047;0;T;True;2
1621263158000;11567460;0.86041;0.86053;0.86047;0;T;True;2
1621263159000;11567461;0.86041;0.86053;0.86047;0;T;True;2
1621263160000;11567462;0.86041;0.86053;0.86047;0;T;True;2
1621263161000;11567464;0.8604;0.86052;0.86046;1;T;True;2
1621263162000;11567471;0.86043;0.86055;0.86049;6;T;True;2
1621263163000;11567474;0.86043;0.86055;0.86049;2;T;True;2
1621263164000;11567475;0.86043;0.86055;0.86049;0;T;True;2
1621263165000;11567476;0.86043;0.86055;0.86049;0;T;True;2
1621263166000;11567477;0.86043;0.86055;0.86049;0;T;True;2
1621263167000;11567480;0.86042;0.86054;0.86048;2;T;True;2
1621263168000;11567484;0.86041;0.86053;0.86047;3;T;True;2
1621263169000;11567490;0.86045;0.86057;0.86051;5;T;True;2
1621263170000;11567495;0.86045;0.86057;0.86051;4;T;True;2
1621263171000;11567503;0.86047;0.86059;0.86053;7;T;True;2
1621263172000;11567504;0.86047;0.86059;0.86053;0;T;True;2
1621263173000;11567508;0.86047;0.86059;0.86053;3;T;True;2
1621263174000;11567511;0.86047;0.86059;0.86053;2;T;True;2
1621263175000;11567514;0.86047;0.86059;0.86053;2;T;True;2
1621263176000;11567519;0.86045;0.86057;0.86051;4;T;True;2
1621263177000;11567527;0.86045;0.86057;0.86051;7;T;True;2
1621263178000;11567535;0.86041;0.86053;0.86047;7;T;True;2
1621263179000;11567544;0.86037;0.86049;0.86043;8;T;True;2
1621263180000;11567549;0.86036;0.86048;0.86042;4;T;True;2
1621263181000;11567554;0.86033;0.86045;0.86039;4;T;True;2
1621263182000;11567559;0.86035;0.86047;0.86041;4;T;True;2
1621263183000;11567567;0.86032;0.86044;0.86038;7;T;True;2
1621263184000;11567574;0.86033;0.86045;0.86039;6;T;True;2
1621263185000;11567577;0.86033;0.86045;0.86039;2;T;True;2
1621263186000;11567583;0.86033;0.86045;0.86039;5;T;True;2
1621263187000;11567588;0.86034;0.86046;0.8604;4;T;True;2
1621263188000;11567593;0.86035;0.86047;0.86041;4;T;True;2
1621263189000;11567596;0.86035;0.86047;0.86041;2;T;True;2
1621263190000;11567599;0.86035;0.86047;0.86041;2;T;True;2
1621263191000;11567601;0.86035;0.86047;0.86041;1;T;True;2
1621263192000;11567604;0.86033;0.86045;0.86039;2;T;True;2
1621263193000;11567605;0.86033;0.86045;0.86039;0;T;True;2
1621263194000;11567607;0.86033;0.86045;0.86039;1;T;True;2
1621263195000;11567610;0.86033;0.86045;0.86039;2;T;True;2
1621263196000;11567615;0.86034;0.86046;0.8604;4;T;True;2
1621263197000;11567618;0.86034;0.86046;0.8604;2;T;True;2
1621263198000;11567621;0.86033;0.86045;0.86039;2;T;True;2
1621263199000;11567626;0.86031;0.86043;0.86037;4;T;True;2
1621263200000;11567627;0.86031;0.86043;0.86037;0;T;True;2
1621263201000;11567633;0.86035;0.86047;0.86041;5;T;True;2
1621263202000;11567640;0.86033;0.86045;0.86039;6;T;True;2
1621263203000;11567642;0.86033;0.86045;0.86039;1;T;True;2
1621263204000;11567645;0.86033;0.86045;0.86039;2;T;True;2
1621263205000;11567648;0.86033;0.86045;0.86039;2;T;True;2
1621263206000;11567657;0.86037;0.86049;0.86043;8;T;True;2
1621263207000;11567660;0.86037;0.86049;0.86043;2;T;True;2
1621263208000;11567663;0.86037;0.86049;0.86043;2;T;True;2
1621263209000;11567666;0.86038;0.8605;0.86044;2;T;True;2
1621263210000;11567669;0.86038;0.8605;0.86044;2;T;True;2
1621263211000;11567671;0.86039;0.86051;0.86045;1;T;True;2
1621263212000;11567675;0.86038;0.8605;0.86044;3;T;True;2
1621263213000;11567676;0.86038;0.8605;0.86044;0;T;True;2
1621263214000;11567678;0.86038;0.8605;0.86044;1;T;True;2
1621263215000;11567679;0.86038;0.8605;0.86044;0;T;True;2
1621263216000;11567680;0.86038;0.8605;0.86044;0;T;True;2
1621263217000;11567683;0.86038;0.8605;0.86044;2;T;True;2
1621263218000;11567685;0.86039;0.86051;0.86045;1;T;True;2
1621263219000;11567688;0.86039;0.86051;0.86045;2;T;True;2
1621263220000;11567692;0.86039;0.86051;0.86045;3;T;True;2
1621263221000;11567699;0.86042;0.86054;0.86048;6;T;True;2
1621263222000;11567709;0.86043;0.86055;0.86049;9;T;True;2
1621263223000;11567711;0.86043;0.86055;0.86049;1;T;True;2
1621263224000;11567713;0.86043;0.86055;0.86049;1;T;True;2
1621263225000;11567716;0.86042;0.86054;0.86048;2;T;True;2
1621263226000;11567718;0.86043;0.86055;0.86049;1;T;True;2
1621263227000;11567725;0.86043;0.86055;0.86049;6;T;True;2
1621263228000;11567730;0.86045;0.86057;0.86051;4;T;True;2
1621263229000;11567739;0.86047;0.86059;0.86053;8;T;True;2
1621263230000;11567741;0.86047;0.86059;0.86053;1;T;True;2
1621263231000;11567744;0.86048;0.8606;0.86054;2;T;True;2
1621263232000;11567749;0.86048;0.8606;0.86054;4;T;True;2
1621263233000;11567752;0.86049;0.86061;0.86055;2;T;True;2
1621263234000;11567753;0.86049;0.86061;0.86055;0;T;True;2
1621263235000;11567755;0.86047;0.86059;0.86053;1;T;True;2
1621263236000;11567758;0.86047;0.86059;0.86053;2;T;True;2
1621263237000;11567761;0.86047;0.86059;0.86053;2;T;True;2
1621263238000;11567768;0.86045;0.86057;0.86051;6;T;True;2
1621263239000;11567772;0.86044;0.86056;0.8605;3;T;True;2
1621263240000;11567780;0.86044;0.86056;0.8605;7;T;True;2
1621263241000;11567787;0.86045;0.86057;0.86051;6;T;True;2
1621263242000;11567791;0.86047;0.86059;0.86053;3;T;True;2
1621263243000;11567796;0.86045;0.86057;0.86051;4;T;True;2
1621263244000;11567803;0.86042;0.86054;0.86048;6;T;True;2
1621263245000;11567804;0.86042;0.86054;0.86048;0;T;True;2
1621263246000;11567805;0.86042;0.86054;0.86048;0;T;True;2
1621263247000;11567808;0.86043;0.86055;0.86049;2;T;True;2
1621263248000;11567812;0.86044;0.86056;0.8605;3;T;True;2
1621263249000;11567814;0.86043;0.86055;0.86049;1;T;True;2
1621263250000;11567821;0.86043;0.86055;0.86049;6;T;True;2
1621263251000;11567826;0.86043;0.86055;0.86049;4;T;True;2
1621263252000;11567829;0.86041;0.86053;0.86047;2;T;True;2
1621263253000;11567831;0.86041;0.86053;0.86047;1;T;True;2
1621263254000;11567832;0.86041;0.86053;0.86047;0;T;True;2
1621263255000;11567833;0.86041;0.86053;0.86047;0;T;True;2
1621263256000;11567835;0.86041;0.86053;0.86047;1;T;True;2
1621263257000;11567837;0.86041;0.86053;0.86047;1;T;True;2
1621263258000;11567844;0.86042;0.86054;0.86048;6;T;True;2
1621263259000;11567846;0.86043;0.86055;0.86049;1;T;True;2
1621263260000;11567855;0.86041;0.86053;0.86047;8;T;True;2
1621263261000;11567859;0.86041;0.86053;0.86047;3;T;True;2
1621263262000;11567866;0.86037;0.86049;0.86043;6;T;True;2
1621263263000;11567873;0.86041;0.86053;0.86047;6;T;True;2
1621263264000;11567880;0.86042;0.86054;0.86048;6;T;True;2
1621263265000;11567883;0.86042;0.86054;0.86048;2;T;True;2
1621263266000;11567885;0.86043;0.86055;0.86049;1;T;True;2
1621263267000;11567890;0.86045;0.86057;0.86051;4;T;True;2
1621263268000;11567894;0.86047;0.86059;0.86053;3;T;True;2
1621263269000;11567897;0.86049;0.86061;0.86055;2;T;True;2
1621263270000;11567901;0.86048;0.8606;0.86054;3;T;True;2
1621263271000;11567904;0.86047;0.86059;0.86053;2;T;True;2
1621263272000;11567907;0.86047;0.86059;0.86053;2;T;True;2
1621263273000;11567916;0.86049;0.86061;0.86055;8;T;True;2
1621263274000;11567919;0.86049;0.86061;0.86055;2;T;True;2
1621263275000;11567923;0.86048;0.8606;0.86054;3;T;True;2
1621263276000;11567935;0.86053;0.86065;0.86059;11;T;True;2
1621263277000;11567939;0.86053;0.86065;0.86059;3;T;True;2
1621263278000;11567949;0.86056;0.86068;0.86062;9;T;True;2
1621263279000;11567950;0.86056;0.86068;0.86062;0;T;True;2
1621263280000;11567952;0.86056;0.86068;0.86062;1;T;True;2
1621263281000;11567962;0.86063;0.86075;0.86069;9;T;True;2
1621263282000;11567968;0.86065;0.86077;0.86071;5;T;True;2
1621263283000;11567976;0.86065;0.86077;0.86071;7;T;True;2
1621263284000;11567978;0.86067;0.86079;0.86073;1;T;True;2
1621263285000;11567981;0.86065;0.86077;0.86071;2;T;True;2
1621263286000;11567986;0.86063;0.86075;0.86069;4;T;True;2
1621263287000;11567988;0.86064;0.86076;0.8607;1;T;True;2
1621263288000;11567995;0.86068;0.8608;0.86074;6;T;True;2
1621263289000;11567998;0.86067;0.86079;0.86073;2;T;True;2
1621263290000;11568000;0.86066;0.86078;0.86072;1;T;True;2
1621263291000;11568003;0.86065;0.86077;0.86071;2;T;True;2
1621263292000;11568005;0.86064;0.86076;0.8607;1;T;True;2
1621263293000;11568008;0.86063;0.86075;0.86069;2;T;True;2
1621263294000;11568009;0.86063;0.86075;0.86069;0;T;True;2
1621263295000;11568013;0.86064;0.86076;0.8607;3;T;True;2
1621263296000;11568019;0.86061;0.86073;0.86067;5;T;True;2
1621263297000;11568025;0.86057;0.86069;0.86063;5;T;True;2
1621263298000;11568026;0.86057;0.86069;0.86063;0;T;True;2
1621263299000;11568028;0.86057;0.86069;0.86063;1;T;True;2
1621263300000;11568030;0.86058;0.8607;0.86064;1;T;True;2
1621263301000;11568034;0.86058;0.8607;0.86064;3;T;True;2
1621263302000;11568038;0.86059;0.86071;0.86065;3;T;True;2
1621263303000;11568047;0.86059;0.86071;0.86065;8;T;True;2
1621263304000;11568050;0.86059;0.86071;0.86065;2;T;True;2
1621263305000;11568051;0.86059;0.86071;0.86065;0;T;True;2
1621263306000;11568052;0.86059;0.86071;0.86065;0;T;True;2
1621263307000;11568054;0.86059;0.86071;0.86065;1;T;True;2
1621263308000;11568055;0.86059;0.86071;0.86065;0;T;True;2
1621263309000;11568056;0.86059;0.86071;0.86065;0;T;True;2
1621263310000;11568057;0.86059;0.86071;0.86065;0;T;True;2
1621263311000;11568059;0.86059;0.86071;0.86065;1;T;True;2
1621263312000;11568060;0.86059;0.86071;0.86065;0;T;True;2
1621263313000;11568061;0.86059;0.86071;0.86065;0;T;True;2
1621263314000;11568064;0.86059;0.86071;0.86065;2;T;True;2
1621263315000;11568067;0.86058;0.8607;0.86064;2;T;True;2
1621263316000;11568068;0.86058;0.8607;0.86064;0;T;True;2
1621263317000;11568070;0.86057;0.86069;0.86063;1;T;True;2
1621263318000;11568071;0.86057;0.86069;0.86063;0;T;True;2
1621263319000;11568072;0.86057;0.86069;0.86063;0;T;True;2
1621263320000;11568074;0.86055;0.86067;0.86061;1;T;True;2
1621263321000;11568076;0.86054;0.86066;0.8606;1;T;True;2
1621263322000;11568077;0.86054;0.86066;0.8606;0;T;True;2
1621263323000;11568078;0.86054;0.86066;0.8606;0;T;True;2
1621263324000;11568079;0.86054;0.86066;0.8606;0;T;True;2
1621263325000;11568080;0.86054;0.86066;0.8606;0;T;True;2
1621263326000;11568084;0.86054;0.86066;0.8606;3;T;True;2
1621263327000;11568091;0.86058;0.8607;0.86064;6;T;True;2
1621263328000;11568096;0.8606;0.86072;0.86066;4;T;True;2
1621263329000;11568098;0.86059;0.86071;0.86065;1;T;True;2
1621263330000;11568099;0.86059;0.86071;0.86065;0;T;True;2
1621263331000;11568102;0.8606;0.86072;0.86066;2;T;True;2
1621263332000;11568104;0.86061;0.86073;0.86067;1;T;True;2
1621263333000;11568106;0.86061;0.86073;0.86067;1;T;True;2
1621263334000;11568110;0.86061;0.86073;0.86067;3;T;True;2
1621263335000;11568113;0.86061;0.86073;0.86067;2;T;True;2
1621263336000;11568116;0.86061;0.86073;0.86067;2;T;True;2
1621263337000;11568119;0.86061;0.86073;0.86067;2;T;True;2
1621263338000;11568125;0.86058;0.8607;0.86064;5;T;True;2
1621263339000;11568127;0.86057;0.86069;0.86063;1;T;True;2
1621263340000;11568128;0.86057;0.86069;0.86063;0;T;True;2
1621263341000;11568132;0.86059;0.86071;0.86065;3;T;True;2
1621263342000;11568133;0.86059;0.86071;0.86065;0;T;True;2
1621263343000;11568136;0.86059;0.86071;0.86065;2;T;True;2
1621263344000;11568138;0.86059;0.86071;0.86065;1;T;True;2
1621263345000;11568142;0.86057;0.86069;0.86063;3;T;True;2
1621263346000;11568145;0.86056;0.86068;0.86062;2;T;True;2
1621263347000;11568151;0.86057;0.86069;0.86063;5;T;True;2
1621263348000;11568156;0.86054;0.86066;0.8606;4;T;True;2
1621263349000;11568159;0.86054;0.86066;0.8606;2;T;True;2
1621263350000;11568160;0.86054;0.86066;0.8606;0;T;True;2
1621263351000;11568163;0.86055;0.86067;0.86061;2;T;True;2
1621263352000;11568168;0.86055;0.86067;0.86061;4;T;True;2
1621263353000;11568170;0.86053;0.86065;0.86059;1;T;True;2
1621263354000;11568176;0.86049;0.86061;0.86055;5;T;True;2
1621263355000;11568180;0.86049;0.86061;0.86055;3;T;True;2
1621263356000;11568182;0.86049;0.86061;0.86055;1;T;True;2
1621263357000;11568188;0.86047;0.86059;0.86053;5;T;True;2
1621263358000;11568189;0.86047;0.86059;0.86053;0;T;True;2
1621263359000;11568191;0.86049;0.86061;0.86055;1;T;True;2
1621263360000;11568193;0.86049;0.86061;0.86055;1;T;True;2
1621263361000;11568195;0.86047;0.86059;0.86053;1;T;True;2
1621263362000;11568196;0.86047;0.86059;0.86053;0;T;True;2
1621263363000;11568202;0.86048;0.8606;0.86054;5;T;True;2
1621263364000;11568209;0.86049;0.86061;0.86055;6;T;True;2
1621263365000;11568213;0.86051;0.86063;0.86057;3;T;True;2
1621263366000;11568215;0.86051;0.86063;0.86057;1;T;True;2
1621263367000;11568217;0.86052;0.86064;0.86058;1;T;True;2
1621263368000;11568222;0.86052;0.86064;0.86058;4;T;True;2
1621263369000;11568224;0.86051;0.86063;0.86057;1;T;True;2
1621263370000;11568227;0.86051;0.86063;0.86057;2;T;True;2
1621263371000;11568234;0.86047;0.86059;0.86053;6;T;True;2
1621263372000;11568236;0.86047;0.86059;0.86053;1;T;True;2
1621263373000;11568239;0.86047;0.86059;0.86053;2;T;True;2
1621263374000;11568246;0.86043;0.86055;0.86049;6;T;True;2
1621263375000;11568249;0.86045;0.86057;0.86051;2;T;True;2
1621263376000;11568250;0.86045;0.86057;0.86051;0;T;True;2
1621263377000;11568260;0.86039;0.86051;0.86045;9;T;True;2
1621263378000;11568264;0.86041;0.86053;0.86047;3;T;True;2
1621263379000;11568273;0.86043;0.86055;0.86049;8;T;True;2
1621263380000;11568277;0.86043;0.86055;0.86049;3;T;True;2
1621263381000;11568286;0.86045;0.86057;0.86051;8;T;True;2
1621263382000;11568290;0.86045;0.86057;0.86051;3;T;True;2
1621263383000;11568292;0.86043;0.86055;0.86049;1;T;True;2
1621263384000;11568293;0.86043;0.86055;0.86049;0;T;True;2
1621263385000;11568299;0.86047;0.86059;0.86053;5;T;True;2
1621263386000;11568301;0.86047;0.86059;0.86053;1;T;True;2
1621263387000;11568304;0.86047;0.86059;0.86053;2;T;True;2
1621263388000;11568305;0.86047;0.86059;0.86053;0;T;True;2
1621263389000;11568311;0.86049;0.86061;0.86055;5;T;True;2
