ts;n;bid;ask;value;volume;phase;round;active_id
1621245462000;11530305;0.86186;0.86198;0.86192;0;T;True;2
1621245463000;11530307;0.86185;0.86197;0.86191;1;T;True;2
1621245464000;11530308;0.86185;0.86197;0.86191;0;T;True;2
1621245465000;11530310;0.86184;0.86196;0.8619;1;T;True;2
1621245466000;11530311;0.86184;0.86196;0.8619;0;T;True;2
1621245467000;11530315;0.86182;0.86194;0.86188;3;T;True;2
1621245468000;11530316;0.86182;0.86194;0.86188;0;T;True;2
1621245469000;11530317;0.86182;0.86194;0.86188;0;T;True;2
1621245470000;11530318;0.86182;0.86194;0.86188;0;T;True;2
1621245471000;11530320;0.86183;0.86195;0.86189;1;T;True;2
1621245472000;11530321;0.86183;0.86195;0.86189;0;T;True;2
1621245473000;11530322;0.86183;0.86195;0.86189;0;T;True;2
1621245474000;11530323;0.86183;0.86195;0.86189;0;T;True;2
1621245475000;11530324;0.86183;0.86195;0.86189;0;T;True;2
1621245476000;11530325;0.86183;0.86195;0.86189;0;T;True;2
1621245477000;11530326;0.86183;0.86195;0.86189;0;T;True;2
1621245478000;11530327;0.86183;0.86195;0.86189;0;T;True;2
1621245479000;11530328;0.86183;0.86195;0.86189;0;T;True;2
1621245480000;11530329;0.86183;0.86195;0.86189;0;T;True;2
1621245481000;11530330;0.86183;0.86195;0.86189;0;T;True;2
1621245482000;11530333;0.86181;0.86193;0.86187;2;T;True;2
1621245483000;11530334;0.86181;0.86193;0.86187;0;T;True;2
1621245484000;11530335;0.86181;0.86193;0.86187;0;T;True;2
1621245485000;11530336;0.86181;0.86193;0.86187;0;T;True;2
1621245486000;11530338;0.86183;0.86195;0.86189;1;T;True;2
1621245487000;11530339;0.86183;0.86195;0.86189;0;T;True;2
1621245488000;11530340;0.86183;0.86195;0.86189;0;T;True;2
1621245489000;11530343;0.86184;0.86196;0.8619;2;T;True;2
1621245490000;11530344;0.86184;0.86196;0.8619;0;T;True;2
1621245491000;11530346;0.86185;0.86197;0.86191;1;T;True;2
1621245492000;11530347;0.86185;0.86197;0.86191;0;T;True;2
1621245493000;11530349;0.86183;0.86195;0.86189;1;T;True;2
1621245494000;11530350;0.86183;0.86195;0.86189;0;T;True;2
1621245495000;11530351;0.86183;0.86195;0.86189;0;T;True;2
1621245496000;11530352;0.86183;0.86195;0.86189;0;T;True;2
1621245497000;11530356;0.86181;0.86193;0.86187;3;T;True;2
1621245498000;11530360;0.86181;0.86193;0.86187;3;T;True;2
1621245499000;11530362;0.86181;0.86193;0.86187;1;T;True;2
1621245500000;11530363;0.86181;0.86193;0.86187;0;T;True;2
1621245501000;11530367;0.86181;0.86193;0.86187;3;T;True;2
1621245502000;11530369;0.86181;0.86193;0.86187;1;T;True;2
1621245503000;11530371;0.86181;0.86193;0.86187;1;T;True;2
1621245504000;11530372;0.86181;0.86193;0.86187;0;T;True;2
1621245505000;11530373;0.86181;0.86193;0.86187;0;T;True;2
1621245506000;11530374;0.86181;0.86193;0.86187;0;T;True;2
1621245507000;11530375;0.86181;0.86193;0.86187;0;T;True;2
1621245508000;11530376;0.86181;0.86193;0.86187;0;T;True;2
1621245509000;11530377;0.86181;0.86193;0.86187;0;T;True;2
1621245510000;11530379;0.86181;0.86193;0.86187;1;T;True;2
1621245511000;11530380;0.86181;0.86193;0.86187;0;T;True;2
1621245512000;11530381;0.86181;0.86193;0.86187;0;T;True;2
1621245513000;11530382;0.86181;0.86193;0.86187;0;T;True;2
1621245514000;11530383;0.86181;0.86193;0.86187;0;T;True;2
1621245515000;11530384;0.86181;0.86193;0.86187;0;T;True;2
1621245516000;11530385;0.86181;0.86193;0.86187;0;T;True;2
1621245517000;11530386;0.86181;0.86193;0.86187;0;T;True;2
1621245518000;11530387;0.86181;0.86193;0.86187;0;T;True;2
1621245519000;11530388;0.86181;0.86193;0.86187;0;T;True;2
1621245520000;11530389;0.86181;0.86193;0.86187;0;T;True;2
1621245521000;11530390;0.86181;0.86193;0.86187;0;T;True;2
1621245522000;11530391;0.86181;0.86193;0.86187;0;T;True;2
1621245523000;11530392;0.86181;0.86193;0.86187;0;T;True;2
1621245524000;11530393;0.86181;0.86193;0.86187;0;T;True;2
1621245525000;11530398;0.86185;0.86197;0.86191;4;T;True;2
1621245526000;11530402;0.86187;0.86199;0.86193;3;T;True;2
1621245527000;11530404;0.86187;0.86199;0.86193;1;T;True;2
1621245528000;11530405;0.86187;0.86199;0.86193;0;T;True;2
1621245529000;11530406;0.86187;0.86199;0.86193;0;T;True;2
1621245530000;11530409;0.86188;0.862;0.86194;2;T;True;2
1621245531000;11530411;0.86189;0.86201;0.86195;1;T;True;2
1621245532000;11530412;0.86189;0.86201;0.86195;0;T;True;2
1621245533000;11530413;0.86189;0.86201;0.86195;0;T;True;2
1621245534000;11530415;0.86189;0.86201;0.86195;1;T;True;2
1621245535000;11530416;0.86189;0.86201;0.86195;0;T;True;2
1621245536000;11530417;0.86189;0.86201;0.86195;0;T;True;2
1621245537000;11530418;0.86189;0.86201;0.86195;0;T;True;2
1621245538000;11530419;0.86189;0.86201;0.86195;0;T;True;2
1621245539000;11530423;0.86189;0.86201;0.86195;3;T;True;2
1621245540000;11530427;0.86192;0.86204;0.86198;3;T;True;2
1621245541000;11530428;0.86192;0.86204;0.86198;0;T;True;2
1621245542000;11530429;0.86192;0.86204;0.86198;0;T;True;2
1621245543000;11530430;0.86192;0.86204;0.86198;0;T;True;2
1621245544000;11530431;0.86192;0.86204;0.86198;0;T;True;2
1621245545000;11530432;0.86192;0.86204;0.86198;0;T;True;2
1621245546000;11530434;0.86193;0.86205;0.86199;1;T;True;2
1621245547000;11530435;0.86193;0.86205;0.86199;0;T;True;2
1621245548000;11530436;0.86193;0.86205;0.86199;0;T;True;2
1621245549000;11530437;0.86193;0.86205;0.86199;0;T;True;2
1621245550000;11530438;0.86193;0.86205;0.86199;0;T;True;2
1621245551000;11530441;0.86191;0.86203;0.86197;2;T;True;2
1621245552000;11530442;0.86191;0.86203;0.86197;0;T;True;2
1621245553000;11530443;0.86191;0.86203;0.86197;0;T;True;2
1621245554000;11530444;0.86191;0.86203;0.86197;0;T;True;2
1621245555000;11530445;0.86191;0.86203;0.86197;0;T;True;2
1621245556000;11530447;0.8619;0.86202;0.86196;1;T;True;2
1621245557000;11530452;0.86189;0.86201;0.86195;4;T;True;2
1621245558000;11530453;0.86189;0.86201;0.86195;0;T;True;2
1621245559000;11530454;0.86189;0.86201;0.86195;0;T;True;2
1621245560000;11530455;0.86189;0.86201;0.86195;0;T;True;2
1621245561000;11530456;0.86189;0.86201;0.86195;0;T;True;2
1621245562000;11530457;0.86189;0.86201;0.86195;0;T;True;2
1621245563000;11530458;0.86189;0.86201;0.86195;0;T;True;2
1621245564000;11530459;0.86189;0.86201;0.86195;0;T;True;2
1621245565000;11530460;0.86189;0.86201;0.86195;0;T;True;2
1621245566000;11530461;0.86189;0.86201;0.86195;0;T;True;2
1621245567000;11530465;0.86189;0.86201;0.86195;3;T;True;2
1621245568000;11530466;0.86189;0.86201;0.86195;0;T;True;2
1621245569000;11530467;0.86189;0.86201;0.86195;0;T;True;2
1621245570000;11530468;0.86189;0.86201;0.86195;0;T;True;2
1621245571000;11530469;0.86189;0.86201;0.86195;0;T;True;2
1621245572000;11530473;0.86195;0.86207;0.86201;3;T;True;2
1621245573000;11530475;0.86195;0.86207;0.86201;1;T;True;2
1621245574000;11530476;0.86195;0.86207;0.86201;0;T;True;2
1621245575000;11530480;0.86193;0.86205;0.86199;3;T;True;2
1621245576000;11530481;0.86193;0.86205;0.86199;0;T;True;2
1621245577000;11530482;0.86193;0.86205;0.86199;0;T;True;2
1621245578000;11530483;0.86193;0.86205;0.86199;0;T;True;2
1621245579000;11530484;0.86193;0.86205;0.86199;0;T;True;2
1621245580000;11530485;0.86193;0.86205;0.86199;0;T;True;2
1621245581000;11530486;0.86193;0.86205;0.86199;0;T;True;2
1621245582000;11530494;0.86183;0.86195;0.86189;7;T;True;2
1621245583000;11530496;0.86183;0.86195;0.86189;1;T;True;2
1621245584000;11530497;0.86183;0.86195;0.86189;0;T;True;2
1621245585000;11530501;0.86182;0.86194;0.86188;3;T;True;2
1621245586000;11530503;0.86182;0.86194;0.86188;1;T;True;2
1621245587000;11530504;0.86182;0.86194;0.86188;0;T;True;2
1621245588000;11530506;0.86181;0.86193;0.86187;1;T;True;2
1621245589000;11530507;0.86181;0.86193;0.86187;0;T;True;2
1621245590000;11530508;0.86181;0.86193;0.86187;0;T;True;2
1621245591000;11530509;0.86181;0.86193;0.86187;0;T;True;2
1621245592000;11530510;0.86181;0.86193;0.86187;0;T;True;2
1621245593000;11530511;0.86181;0.86193;0.86187;0;T;True;2
1621245594000;11530512;0.86181;0.86193;0.86187;0;T;True;2
1621245595000;11530513;0.86181;0.86193;0.86187;0;T;True;2
1621245596000;11530515;0.86181;0.86193;0.86187;1;T;True;2
1621245597000;11530516;0.86181;0.86193;0.86187;0;T;True;2
1621245598000;11530517;0.86181;0.86193;0.86187;0;T;True;2
1621245599000;11530523;0.86183;0.86195;0.86189;5;T;True;2
1621245600000;11530525;0.86183;0.86195;0.86189;1;T;True;2
1621245601000;11530527;0.86183;0.86195;0.86189;1;T;True;2
1621245602000;11530528;0.86183;0.86195;0.86189;0;T;True;2
1621245603000;11530531;0.86185;0.86197;0.86191;2;T;True;2
1621245604000;11530532;0.86185;0.86197;0.86191;0;T;True;2
1621245605000;11530534;0.86186;0.86198;0.86192;1;T;True;2
1621245606000;11530544;0.86173;0.86185;0.86179;9;T;True;2
1621245607000;11530546;0.86173;0.86185;0.86179;1;T;True;2
1621245608000;11530547;0.86173;0.86185;0.86179;0;T;True;2
1621245609000;11530548;0.86173;0.86185;0.86179;0;T;True;2
1621245610000;11530549;0.86173;0.86185;0.86179;0;T;True;2
1621245611000;11530551;0.86172;0.86184;0.86178;1;T;True;2
1621245612000;11530554;0.86173;0.86185;0.86179;2;T;True;2
1621245613000;11530555;0.86173;0.86185;0.86179;0;T;True;2
1621245614000;11530556;0.86173;0.86185;0.86179;0;T;True;2
1621245615000;11530557;0.86173;0.86185;0.86179;0;T;True;2
1621245616000;11530561;0.86171;0.86183;0.86177;3;T;True;2
1621245617000;11530562;0.86171;0.86183;0.86177;0;T;True;2
1621245618000;11530564;0.86171;0.86183;0.86177;1;T;True;2
1621245619000;11530565;0.86171;0.86183;0.86177;0;T;True;2
1621245620000;11530567;0.86171;0.86183;0.86177;1;T;True;2
1621245621000;11530568;0.86171;0.86183;0.86177;0;T;True;2
1621245622000;11530569;0.86171;0.86183;0.86177;0;T;True;2
1621245623000;11530570;0.86171;0.86183;0.86177;0;T;True;2
1621245624000;11530578;0.86179;0.86191;0.86185;7;T;True;2
1621245625000;11530583;0.86181;0.86193;0.86187;4;T;True;2
1621245626000;11530584;0.86181;0.86193;0.86187;0;T;True;2
1621245627000;11530585;0.86181;0.86193;0.86187;0;T;True;2
1621245628000;11530586;0.86181;0.86193;0.86187;0;T;True;2
1621245629000;11530587;0.86181;0.86193;0.86187;0;T;True;2
1621245630000;11530588;0.86181;0.86193;0.86187;0;T;True;2
1621245631000;11530589;0.86181;0.86193;0.86187;0;T;True;2
1621245632000;11530592;0.86182;0.86194;0.86188;2;T;True;2
1621245633000;11530593;0.86182;0.86194;0.86188;0;T;True;2
1621245634000;11530594;0.86182;0.86194;0.86188;0;T;True;2
1621245635000;11530597;0.86182;0.86194;0.86188;2;T;True;2
1621245636000;11530598;0.86182;0.86194;0.86188;0;T;True;2
1621245637000;11530599;0.86182;0.86194;0.86188;0;T;True;2
1621245638000;11530600;0.86182;0.86194;0.86188;0;T;True;2
1621245639000;11530601;0.86182;0.86194;0.86188;0;T;True;2
1621245640000;11530602;0.86182;0.86194;0.86188;0;T;True;2
1621245641000;11530605;0.86184;0.86196;0.8619;2;T;True;2
1621245642000;11530606;0.86184;0.86196;0.8619;0;T;True;2
1621245643000;11530608;0.86185;0.86197;0.86191;1;T;True;2
1621245644000;11530610;0.86186;0.86198;0.86192;1;T;True;2
1621245645000;11530615;0.86181;0.86193;0.86187;4;T;True;2
1621245646000;11530617;0.86181;0.86193;0.86187;1;T;True;2
1621245647000;11530620;0.86181;0.86193;0.86187;2;T;True;2
1621245648000;11530622;0.8618;0.86192;0.86186;1;T;True;2
1621245649000;11530623;0.8618;0.86192;0.86186;0;T;True;2
1621245650000;11530624;0.8618;0.86192;0.86186;0;T;True;2
1621245651000;11530625;0.8618;0.86192;0.86186;0;T;True;2
1621245652000;11530627;0.86181;0.86193;0.86187;1;T;True;2
1621245653000;11530629;0.86183;0.86195;0.86189;1;T;True;2
1621245654000;11530630;0.86183;0.86195;0.86189;0;T;True;2
1621245655000;11530631;0.86183;0.86195;0.86189;0;T;True;2
1621245656000;11530632;0.86183;0.86195;0.86189;0;T;True;2
1621245657000;11530633;0.86183;0.86195;0.86189;0;T;True;2
1621245658000;11530634;0.86183;0.86195;0.86189;0;T;True;2
1621245659000;11530636;0.86182;0.86194;0.86188;1;T;True;2
1621245660000;11530638;0.86181;0.86193;0.86187;1;T;True;2
1621245661000;11530639;0.86181;0.86193;0.86187;0;T;True;2
1621245662000;11530640;0.86181;0.86193;0.86187;0;T;True;2
1621245663000;11530641;0.86181;0.86193;0.86187;0;T;True;2
1621245664000;11530642;0.86181;0.86193;0.86187;0;T;True;2
1621245665000;11530643;0.86181;0.86193;0.86187;0;T;True;2
1621245666000;11530644;0.86181;0.86193;0.86187;0;T;True;2
1621245667000;11530645;0.86181;0.86193;0.86187;0;T;True;2
1621245668000;11530646;0.86181;0.86193;0.86187;0;T;True;2
1621245669000;11530647;0.86181;0.86193;0.86187;0;T;True;2
1621245670000;11530648;0.86181;0.86193;0.86187;0;T;True;2
1621245671000;11530649;0.86181;0.86193;0.86187;0;T;True;2
1621245672000;11530650;0.86181;0.86193;0.86187;0;T;True;2
1621245673000;11530651;0.86181;0.86193;0.86187;0;T;True;2
1621245674000;11530652;0.86181;0.86193;0.86187;0;T;True;2
1621245675000;11530653;0.86181;0.86193;0.86187;0;T;True;2
1621245676000;11530654;0.86181;0.86193;0.86187;0;T;True;2
1621245677000;11530655;0.86181;0.86193;0.86187;0;T;True;2
1621245678000;11530657;0.86182;0.86194;0.86188;1;T;True;2
1621245679000;11530658;0.86182;0.86194;0.86188;0;T;True;2
1621245680000;11530659;0.86182;0.86194;0.86188;0;T;True;2
1621245681000;11530660;0.86182;0.86194;0.86188;0;T;True;2
1621245682000;11530661;0.86182;0.86194;0.86188;0;T;True;2
1621245683000;11530664;0.86182;0.86194;0.86188;2;T;True;2
1621245684000;11530666;0.86181;0.86193;0.86187;1;T;True;2
1621245685000;11530667;0.86181;0.86193;0.86187;0;T;True;2
1621245686000;11530668;0.86181;0.86193;0.86187;0;T;True;2
1621245687000;11530669;0.86181;0.86193;0.86187;0;T;True;2
1621245688000;11530670;0.86181;0.86193;0.86187;0;T;True;2
1621245689000;11530671;0.86181;0.86193;0.86187;0;T;True;2
1621245690000;11530672;0.86181;0.86193;0.86187;0;T;True;2
1621245691000;11530673;0.86181;0.86193;0.86187;0;T;True;2
1621245692000;11530674;0.86181;0.86193;0.86187;0;T;True;2
1621245693000;11530675;0.86181;0.86193;0.86187;0;T;True;2
1621245694000;11530676;0.86181;0.86193;0.86187;0;T;True;2
1621245695000;11530677;0.86181;0.86193;0.86187;0;T;True;2
1621245696000;11530678;0.86181;0.86193;0.86187;0;T;True;2
1621245697000;11530679;0.86181;0.86193;0.86187;0;T;True;2
1621245698000;11530680;0.86181;0.86193;0.86187;0;T;True;2
1621245699000;11530681;0.86181;0.86193;0.86187;0;T;True;2
1621245700000;11530682;0.86181;0.86193;0.86187;0;T;True;2
1621245701000;11530683;0.86181;0.86193;0.86187;0;T;True;2
1621245702000;11530684;0.86181;0.86193;0.86187;0;T;True;2
1621245703000;11530685;0.86181;0.86193;0.86187;0;T;True;2
1621245704000;11530686;0.86181;0.86193;0.86187;0;T;True;2
1621245705000;11530689;0.86183;0.86195;0.86189;2;T;True;2
1621245706000;11530691;0.86185;0.86197;0.86191;1;T;True;2
1621245707000;11530697;0.86184;0.86196;0.8619;5;T;True;2
1621245708000;11530698;0.86184;0.86196;0.8619;0;T;True;2
1621245709000;11530700;0.86183;0.86195;0.86189;1;T;True;2
1621245710000;11530701;0.86183;0.86195;0.86189;0;T;True;2
1621245711000;11530702;0.86183;0.86195;0.86189;0;T;True;2
1621245712000;11530706;0.8618;0.86192;0.86186;3;T;True;2
1621245713000;11530707;0.8618;0.86192;0.86186;0;T;True;2
1621245714000;11530708;0.8618;0.86192;0.86186;0;T;True;2
1621245715000;11530709;0.8618;0.86192;0.86186;0;T;True;2
1621245716000;11530710;0.8618;0.86192;0.86186;0;T;True;2
1621245717000;11530711;0.8618;0.86192;0.86186;0;T;True;2
1621245718000;11530712;0.8618;0.86192;0.86186;0;T;True;2
1621245719000;11530713;0.8618;0.86192;0.86186;0;T;True;2
1621245720000;11530714;0.8618;0.86192;0.86186;0;T;True;2
1621245721000;11530715;0.8618;0.86192;0.86186;0;T;True;2
1621245722000;11530719;0.86176;0.86188;0.86182;3;T;True;2
1621245723000;11530722;0.86176;0.86188;0.86182;2;T;True;2
1621245724000;11530723;0.86176;0.86188;0.86182;0;T;True;2
1621245725000;11530728;0.86173;0.86185;0.86179;4;T;True;2
1621245726000;11530730;0.86172;0.86184;0.86178;1;T;True;2
1621245727000;11530731;0.86172;0.86184;0.86178;0;T;True;2
1621245728000;11530732;0.86172;0.86184;0.86178;0;T;True;2
1621245729000;11530733;0.86172;0.86184;0.86178;0;T;True;2
1621245730000;11530735;0.86173;0.86185;0.86179;1;T;True;2
1621245731000;11530736;0.86173;0.86185;0.86179;0;T;True;2
1621245732000;11530737;0.86173;0.86185;0.86179;0;T;True;2
1621245733000;11530738;0.86173;0.86185;0.86179;0;T;True;2
1621245734000;11530739;0.86173;0.86185;0.86179;0;T;True;2
1621245735000;11530740;0.86173;0.86185;0.86179;0;T;True;2
1621245736000;11530742;0.86172;0.86184;0.86178;1;T;True;2
1621245737000;11530743;0.86172;0.86184;0.86178;0;T;True;2
1621245738000;11530744;0.86172;0.86184;0.86178;0;T;True;2
1621245739000;11530747;0.86174;0.86186;0.8618;2;T;True;2
1621245740000;11530748;0.86174;0.86186;0.8618;0;T;True;2
1621245741000;11530749;0.86174;0.86186;0.8618;0;T;True;2
1621245742000;11530750;0.86174;0.86186;0.8618;0;T;True;2
1621245743000;11530751;0.86174;0.86186;0.8618;0;T;True;2
1621245744000;11530752;0.86174;0.86186;0.8618;0;T;True;2
1621245745000;11530756;0.86177;0.86189;0.86183;3;T;True;2
1621245746000;11530757;0.86177;0.86189;0.86183;0;T;True;2
1621245747000;11530758;0.86177;0.86189;0.86183;0;T;True;2
1621245748000;11530759;0.86177;0.86189;0.86183;0;T;True;2
1621245749000;11530760;0.86177;0.86189;0.86183;0;T;True;2
1621245750000;11530761;0.86177;0.86189;0.86183;0;T;True;2
1621245751000;11530762;0.86177;0.86189;0.86183;0;T;True;2
1621245752000;11530765;0.86179;0.86191;0.86185;2;T;True;2
1621245753000;11530769;0.86178;0.8619;0.86184;3;T;True;2
1621245754000;11530771;0.86179;0.86191;0.86185;1;T;True;2
1621245755000;11530772;0.86179;0.86191;0.86185;0;T;True;2
1621245756000;11530773;0.86179;0.86191;0.86185;0;T;True;2
1621245757000;11530776;0.86177;0.86189;0.86183;2;T;True;2
1621245758000;11530778;0.86176;0.86188;0.86182;1;T;True;2
1621245759000;11530782;0.86173;0.86185;0.86179;3;T;True;2
1621245760000;11530783;0.86173;0.86185;0.86179;0;T;True;2
1621245761000;11530784;0.86173;0.86185;0.86179;0;T;True;2
1621245762000;11530785;0.86173;0.86185;0.86179;0;T;True;2
1621245763000;11530786;0.86173;0.86185;0.86179;0;T;True;2
1621245764000;11530787;0.86173;0.86185;0.86179;0;T;True;2
1621245765000;11530790;0.86174;0.86186;0.8618;2;T;True;2
1621245766000;11530793;0.86173;0.86185;0.86179;2;T;True;2
1621245767000;11530794;0.86173;0.86185;0.86179;0;T;True;2
1621245768000;11530795;0.86173;0.86185;0.86179;0;T;True;2
1621245769000;11530797;0.86173;0.86185;0.86179;1;T;True;2
1621245770000;11530802;0.86175;0.86187;0.86181;4;T;True;2
1621245771000;11530803;0.86175;0.86187;0.86181;0;T;True;2
1621245772000;11530804;0.86175;0.86187;0.86181;0;T;True;2
1621245773000;11530805;0.86175;0.86187;0.86181;0;T;True;2
1621245774000;11530807;0.86175;0.86187;0.86181;1;T;True;2
1621245775000;11530808;0.86175;0.86187;0.86181;0;T;True;2
1621245776000;11530809;0.86175;0.86187;0.86181;0;T;True;2
1621245777000;11530810;0.86175;0.86187;0.86181;0;T;True;2
1621245778000;11530811;0.86175;0.86187;0.86181;0;T;True;2
1621245779000;11530812;0.86175;0.86187;0.86181;0;T;True;2
1621245780000;11530813;0.86175;0.86187;0.86181;0;T;True;2
1621245781000;11530814;0.86175;0.86187;0.86181;0;T;True;2
1621245782000;11530815;0.86175;0.86187;0.86181;0;T;True;2
1621245783000;11530816;0.86175;0.86187;0.86181;0;T;True;2
1621245784000;11530817;0.86175;0.86187;0.86181;0;T;True;2
1621245785000;11530818;0.86175;0.86187;0.86181;0;T;True;2
1621245786000;11530819;0.86175;0.86187;0.86181;0;T;True;2
1621245787000;11530820;0.86175;0.86187;0.86181;0;T;True;2
1621245788000;11530821;0.86175;0.86187;0.86181;0;T;True;2
1621245789000;11530822;0.86175;0.86187;0.86181;0;T;True;2
1621245790000;11530823;0.86175;0.86187;0.86181;0;T;True;2
1621245791000;11530824;0.86175;0.86187;0.86181;0;T;True;2
1621245792000;11530826;0.86175;0.86187;0.86181;1;T;True;2
1621245793000;11530827;0.86175;0.86187;0.86181;0;T;True;2
1621245794000;11530828;0.86175;0.86187;0.86181;0;T;True;2
1621245795000;11530829;0.86175;0.86187;0.86181;0;T;True;2
1621245796000;11530830;0.86175;0.86187;0.86181;0;T;True;2
1621245797000;11530831;0.86175;0.86187;0.86181;0;T;True;2
1621245798000;11530832;0.86175;0.86187;0.86181;0;T;True;2
1621245799000;11530834;0.86175;0.86187;0.86181;1;T;True;2
1621245800000;11530840;0.86171;0.86183;0.86177;5;T;True;2
1621245801000;11530843;0.86171;0.86183;0.86177;2;T;True;2
1621245802000;11530844;0.86171;0.86183;0.86177;0;T;True;2
1621245803000;11530850;0.86175;0.86187;0.86181;5;T;True;2
1621245804000;11530851;0.86175;0.86187;0.86181;0;T;True;2
1621245805000;11530857;0.86176;0.86188;0.86182;5;T;True;2
1621245806000;11530859;0.86177;0.86189;0.86183;1;T;True;2
1621245807000;11530862;0.86177;0.86189;0.86183;2;T;True;2
1621245808000;11530864;0.86176;0.86188;0.86182;1;T;True;2
1621245809000;11530867;0.86175;0.86187;0.86181;2;T;True;2
1621245810000;11530868;0.86175;0.86187;0.86181;0;T;True;2
1621245811000;11530872;0.86175;0.86187;0.86181;3;T;True;2
1621245812000;11530873;0.86175;0.86187;0.86181;0;T;True;2
1621245813000;11530874;0.86175;0.86187;0.86181;0;T;True;2
1621245814000;11530877;0.86174;0.86186;0.8618;2;T;True;2
1621245815000;11530878;0.86174;0.86186;0.8618;0;T;True;2
1621245816000;11530879;0.86174;0.86186;0.8618;0;T;True;2
1621245817000;11530880;0.86174;0.86186;0.8618;0;T;True;2
1621245818000;11530892;0.86185;0.86197;0.86191;11;T;True;2
1621245819000;11530895;0.86185;0.86197;0.86191;2;T;True;2
1621245820000;11530896;0.86185;0.86197;0.86191;0;T;True;2
1621245821000;11530900;0.86183;0.86195;0.86189;3;T;True;2
1621245822000;11530903;0.86183;0.86195;0.86189;2;T;True;2
1621245823000;11530904;0.86183;0.86195;0.86189;0;T;True;2
1621245824000;11530907;0.86183;0.86195;0.86189;2;T;True;2
1621245825000;11530908;0.86183;0.86195;0.86189;0;T;True;2
1621245826000;11530909;0.86183;0.86195;0.86189;0;T;True;2
1621245827000;11530911;0.86183;0.86195;0.86189;1;T;True;2
1621245828000;11530913;0.86183;0.86195;0.86189;1;T;True;2
1621245829000;11530914;0.86183;0.86195;0.86189;0;T;True;2
1621245830000;11530915;0.86183;0.86195;0.86189;0;T;True;2
1621245831000;11530916;0.86183;0.86195;0.86189;0;T;True;2
1621245832000;11530917;0.86183;0.86195;0.86189;0;T;True;2
1621245833000;11530918;0.86183;0.86195;0.86189;0;T;True;2
1621245834000;11530919;0.86183;0.86195;0.86189;0;T;True;2
1621245835000;11530920;0.86183;0.86195;0.86189;0;T;True;2
1621245836000;11530925;0.86184;0.86196;0.8619;4;T;True;2
1621245837000;11530927;0.86185;0.86197;0.86191;1;T;True;2
1621245838000;11530928;0.86185;0.86197;0.86191;0;T;True;2
1621245839000;11530929;0.86185;0.86197;0.86191;0;T;True;2
1621245840000;11530930;0.86185;0.86197;0.86191;0;T;True;2
1621245841000;11530934;0.86187;0.86199;0.86193;3;T;True;2
1621245842000;11530935;0.86187;0.86199;0.86193;0;T;True;2
1621245843000;11530937;0.86187;0.86199;0.86193;1;T;True;2
1621245844000;11530938;0.86187;0.86199;0.86193;0;T;True;2
1621245845000;11530939;0.86187;0.86199;0.86193;0;T;True;2
1621245846000;11530940;0.86187;0.86199;0.86193;0;T;True;2
1621245847000;11530941;0.86187;0.86199;0.86193;0;T;True;2
1621245848000;11530942;0.86187;0.86199;0.86193;0;T;True;2
1621245849000;11530943;0.86187;0.86199;0.86193;0;T;True;2
1621245850000;11530944;0.86187;0.86199;0.86193;0;T;True;2
1621245851000;11530945;0.86187;0.86199;0.86193;0;T;True;2
1621245852000;11530946;0.86187;0.86199;0.86193;0;T;True;2
1621245853000;11530947;0.86187;0.86199;0.86193;0;T;True;2
1621245854000;11530949;0.86185;0.86197;0.86191;1;T;True;2
1621245855000;11530951;0.86186;0.86198;0.86192;1;T;True;2
1621245856000;11530954;0.86187;0.86199;0.86193;2;T;True;2
1621245857000;11530961;0.86192;0.86204;0.86198;6;T;True;2
1621245858000;11530963;0.86192;0.86204;0.86198;1;T;True;2
1621245859000;11530966;0.86192;0.86204;0.86198;2;T;True;2
1621245860000;11530968;0.86191;0.86203;0.86197;1;T;True;2
1621245861000;11530969;0.86191;0.86203;0.86197;0;T;True;2
1621245862000;11530971;0.86192;0.86204;0.86198;1;T;True;2
1621245863000;11530973;0.86191;0.86203;0.86197;1;T;True;2
1621245864000;11530974;0.86191;0.86203;0.86197;0;T;True;2
1621245865000;11530975;0.86191;0.86203;0.86197;0;T;True;2
1621245866000;11530979;0.86193;0.86205;0.86199;3;T;True;2
1621245867000;11530980;0.86193;0.86205;0.86199;0;T;True;2
1621245868000;11530985;0.86196;0.86208;0.86202;4;T;True;2
1621245869000;11530989;0.86199;0.86211;0.86205;3;T;True;2
1621245870000;11530990;0.86199;0.86211;0.86205;0;T;True;2
1621245871000;11530991;0.86199;0.86211;0.86205;0;T;True;2
1621245872000;11530992;0.86199;0.86211;0.86205;0;T;True;2
1621245873000;11530993;0.86199;0.86211;0.86205;0;T;True;2
1621245874000;11530994;0.86199;0.86211;0.86205;0;T;True;2
1621245875000;11530995;0.86199;0.86211;0.86205;0;T;True;2
1621245876000;11530996;0.86199;0.86211;0.86205;0;T;True;2
1621245877000;11530998;0.862;0.86212;0.86206;1;T;True;2
1621245878000;11531000;0.86201;0.86213;0.86207;1;T;True;2
1621245879000;11531001;0.86201;0.86213;0.86207;0;T;True;2
1621245880000;11531002;0.86201;0.86213;0.86207;0;T;True;2
1621245881000;11531006;0.86201;0.86213;0.86207;3;T;True;2
1621245882000;11531007;0.86201;0.86213;0.86207;0;T;True;2
1621245883000;11531010;0.86204;0.86216;0.8621;2;T;True;2
1621245884000;11531011;0.86204;0.86216;0.8621;0;T;True;2
1621245885000;11531016;0.86205;0.86217;0.86211;4;T;True;2
1621245886000;11531019;0.86201;0.86213;0.86207;2;T;True;2
1621245887000;11531021;0.86199;0.86211;0.86205;1;T;True;2
1621245888000;11531023;0.862;0.86212;0.86206;1;T;True;2
1621245889000;11531024;0.862;0.86212;0.86206;0;T;True;2
1621245890000;11531025;0.862;0.86212;0.86206;0;T;True;2
1621245891000;11531027;0.86199;0.86211;0.86205;1;T;True;2
1621245892000;11531028;0.86199;0.86211;0.86205;0;T;True;2
1621245893000;11531029;0.86199;0.86211;0.86205;0;T;True;2
1621245894000;11531030;0.86199;0.86211;0.86205;0;T;True;2
1621245895000;11531031;0.86199;0.86211;0.86205;0;T;True;2
1621245896000;11531032;0.86199;0.86211;0.86205;0;T;True;2
1621245897000;11531033;0.86199;0.86211;0.86205;0;T;True;2
1621245898000;11531034;0.86199;0.86211;0.86205;0;T;True;2
1621245899000;11531035;0.86199;0.86211;0.86205;0;T;True;2
1621245900000;11531036;0.86199;0.86211;0.86205;0;T;True;2
1621245901000;11531039;0.86197;0.86209;0.86203;2;T;True;2
1621245902000;11531041;0.86197;0.86209;0.86203;1;T;True;2
1621245903000;11531045;0.86199;0.86211;0.86205;3;T;True;2
1621245904000;11531048;0.86199;0.86211;0.86205;2;T;True;2
1621245905000;11531049;0.86199;0.86211;0.86205;0;T;True;2
1621245906000;11531051;0.86199;0.86211;0.86205;1;T;True;2
1621245907000;11531052;0.86199;0.86211;0.86205;0;T;True;2
1621245908000;11531053;0.86199;0.86211;0.86205;0;T;True;2
1621245909000;11531063;0.86203;0.86215;0.86209;9;T;True;2
1621245910000;11531069;0.86203;0.86215;0.86209;5;T;True;2
1621245911000;11531075;0.86206;0.86218;0.86212;5;T;True;2
1621245912000;11531076;0.86206;0.86218;0.86212;0;T;True;2
1621245913000;11531077;0.86206;0.86218;0.86212;0;T;True;2
1621245914000;11531080;0.86207;0.86219;0.86213;2;T;True;2
1621245915000;11531082;0.86207;0.86219;0.86213;1;T;True;2
1621245916000;11531085;0.86207;0.86219;0.86213;2;T;True;2
1621245917000;11531086;0.86207;0.86219;0.86213;0;T;True;2
1621245918000;11531089;0.86205;0.86217;0.86211;2;T;True;2
1621245919000;11531090;0.86205;0.86217;0.86211;0;T;True;2
1621245920000;11531091;0.86205;0.86217;0.86211;0;T;True;2
1621245921000;11531092;0.86205;0.86217;0.86211;0;T;True;2
1621245922000;11531093;0.86205;0.86217;0.86211;0;T;True;2
1621245923000;11531097;0.86205;0.86217;0.86211;3;T;True;2
1621245924000;11531098;0.86205;0.86217;0.86211;0;T;True;2
1621245925000;11531099;0.86205;0.86217;0.86211;0;T;True;2
1621245926000;11531104;0.86204;0.86216;0.8621;4;T;True;2
1621245927000;11531105;0.86204;0.86216;0.8621;0;T;True;2
1621245928000;11531109;0.86202;0.86214;0.86208;3;T;True;2
1621245929000;11531111;0.86202;0.86214;0.86208;1;T;True;2
1621245930000;11531112;0.86202;0.86214;0.86208;0;T;True;2
1621245931000;11531113;0.86202;0.86214;0.86208;0;T;True;2
1621245932000;11531114;0.86202;0.86214;0.86208;0;T;True;2
1621245933000;11531115;0.86202;0.86214;0.86208;0;T;True;2
1621245934000;11531116;0.86202;0.86214;0.86208;0;T;True;2
1621245935000;11531117;0.86202;0.86214;0.86208;0;T;True;2
1621245936000;11531118;0.86202;0.86214;0.86208;0;T;True;2
1621245937000;11531123;0.86199;0.86211;0.86205;4;T;True;2
1621245938000;11531124;0.86199;0.86211;0.86205;0;T;True;2
1621245939000;11531127;0.86197;0.86209;0.86203;2;T;True;2
1621245940000;11531128;0.86197;0.86209;0.86203;0;T;True;2
1621245941000;11531129;0.86197;0.86209;0.86203;0;T;True;2
1621245942000;11531130;0.86197;0.86209;0.86203;0;T;True;2
1621245943000;11531131;0.86197;0.86209;0.86203;0;T;True;2
1621245944000;11531132;0.86197;0.86209;0.86203;0;T;True;2
1621245945000;11531133;0.86197;0.86209;0.86203;0;T;True;2
1621245946000;11531135;0.86196;0.86208;0.86202;1;T;True;2
1621245947000;11531137;0.86195;0.86207;0.86201;1;T;True;2
1621245948000;11531138;0.86195;0.86207;0.86201;0;T;True;2
1621245949000;11531139;0.86195;0.86207;0.86201;0;T;True;2
1621245950000;11531140;0.86195;0.86207;0.86201;0;T;True;2
1621245951000;11531144;0.86195;0.86207;0.86201;3;T;True;2
1621245952000;11531146;0.86195;0.86207;0.86201;1;T;True;2
1621245953000;11531147;0.86195;0.86207;0.86201;0;T;True;2
1621245954000;11531149;0.86195;0.86207;0.86201;1;T;True;2
1621245955000;11531150;0.86195;0.86207;0.86201;0;T;True;2
1621245956000;11531152;0.86195;0.86207;0.86201;1;T;True;2
1621245957000;11531153;0.86195;0.86207;0.86201;0;T;True;2
1621245958000;11531155;0.86193;0.86205;0.86199;1;T;True;2
1621245959000;11531156;0.86193;0.86205;0.86199;0;T;True;2
1621245960000;11531158;0.86193;0.86205;0.86199;1;T;True;2
1621245961000;11531162;0.86194;0.86206;0.862;3;T;True;2
1621245962000;11531167;0.86195;0.86207;0.86201;4;T;True;2
1621245963000;11531171;0.86195;0.86207;0.86201;3;T;True;2
1621245964000;11531173;0.86195;0.86207;0.86201;1;T;True;2
1621245965000;11531174;0.86195;0.86207;0.86201;0;T;True;2
1621245966000;11531175;0.86195;0.86207;0.86201;0;T;True;2
1621245967000;11531176;0.86195;0.86207;0.86201;0;T;True;2
1621245968000;11531177;0.86195;0.86207;0.86201;0;T;True;2
1621245969000;11531178;0.86195;0.86207;0.86201;0;T;True;2
1621245970000;11531179;0.86195;0.86207;0.86201;0;T;True;2
1621245971000;11531180;0.86195;0.86207;0.86201;0;T;True;2
1621245972000;11531182;0.86195;0.86207;0.86201;1;T;True;2
1621245973000;11531183;0.86195;0.86207;0.86201;0;T;True;2
1621245974000;11531186;0.86195;0.86207;0.86201;2;T;True;2
1621245975000;11531190;0.86196;0.86208;0.86202;3;T;True;2
1621245976000;11531195;0.86196;0.86208;0.86202;4;T;True;2
1621245977000;11531197;0.86197;0.86209;0.86203;1;T;True;2
1621245978000;11531198;0.86197;0.86209;0.86203;0;T;True;2
1621245979000;11531199;0.86197;0.86209;0.86203;0;T;True;2
1621245980000;11531200;0.86197;0.86209;0.86203;0;T;True;2
1621245981000;11531201;0.86197;0.86209;0.86203;0;T;True;2
1621245982000;11531202;0.86197;0.86209;0.86203;0;T;True;2
1621245983000;11531205;0.86197;0.86209;0.86203;2;T;True;2
1621245984000;11531206;0.86197;0.86209;0.86203;0;T;True;2
1621245985000;11531207;0.86197;0.86209;0.86203;0;T;True;2
1621245986000;11531208;0.86197;0.86209;0.86203;0;T;True;2
1621245987000;11531209;0.86197;0.86209;0.86203;0;T;True;2
1621245988000;11531210;0.86197;0.86209;0.86203;0;T;True;2
1621245989000;11531211;0.86197;0.86209;0.86203;0;T;True;2
1621245990000;11531217;0.86191;0.86203;0.86197;5;T;True;2
1621245991000;11531218;0.86191;0.86203;0.86197;0;T;True;2
1621245992000;11531219;0.86191;0.86203;0.86197;0;T;True;2
1621245993000;11531220;0.86191;0.86203;0.86197;0;T;True;2
1621245994000;11531221;0.86191;0.86203;0.86197;0;T;True;2
1621245995000;11531222;0.86191;0.86203;0.86197;0;T;True;2
1621245996000;11531223;0.86191;0.86203;0.86197;0;T;True;2
1621245997000;11531224;0.86191;0.86203;0.86197;0;T;True;2
1621245998000;11531225;0.86191;0.86203;0.86197;0;T;True;2
1621245999000;11531226;0.86191;0.86203;0.86197;0;T;True;2
1621246000000;11531229;0.86189;0.86201;0.86195;2;T;True;2
1621246001000;11531230;0.86189;0.86201;0.86195;0;T;True;2
1621246002000;11531231;0.86189;0.86201;0.86195;0;T;True;2
1621246003000;11531232;0.86189;0.86201;0.86195;0;T;True;2
1621246004000;11531234;0.86188;0.862;0.86194;1;T;True;2
1621246005000;11531237;0.8619;0.86202;0.86196;2;T;True;2
1621246006000;11531239;0.86189;0.86201;0.86195;1;T;True;2
1621246007000;11531240;0.86189;0.86201;0.86195;0;T;True;2
1621246008000;11531241;0.86189;0.86201;0.86195;0;T;True;2
1621246009000;11531242;0.86189;0.86201;0.86195;0;T;True;2
1621246010000;11531243;0.86189;0.86201;0.86195;0;T;True;2
1621246011000;11531244;0.86189;0.86201;0.86195;0;T;True;2
1621246012000;11531246;0.8619;0.86202;0.86196;1;T;True;2
1621246013000;11531247;0.8619;0.86202;0.86196;0;T;True;2
1621246014000;11531248;0.8619;0.86202;0.86196;0;T;True;2
1621246015000;11531249;0.8619;0.86202;0.86196;0;T;True;2
1621246016000;11531250;0.8619;0.86202;0.86196;0;T;True;2
1621246017000;11531251;0.8619;0.86202;0.86196;0;T;True;2
1621246018000;11531252;0.8619;0.86202;0.86196;0;T;True;2
1621246019000;11531253;0.8619;0.86202;0.86196;0;T;True;2
1621246020000;11531254;0.8619;0.86202;0.86196;0;T;True;2
1621246021000;11531255;0.8619;0.86202;0.86196;0;T;True;2
1621246022000;11531256;0.8619;0.86202;0.86196;0;T;True;2
1621246023000;11531257;0.8619;0.86202;0.86196;0;T;True;2
1621246024000;11531258;0.8619;0.86202;0.86196;0;T;True;2
1621246025000;11531259;0.8619;0.86202;0.86196;0;T;True;2
1621246026000;11531260;0.8619;0.86202;0.86196;0;T;True;2
1621246027000;11531261;0.8619;0.86202;0.86196;0;T;True;2
1621246028000;11531262;0.8619;0.86202;0.86196;0;T;True;2
1621246029000;11531263;0.8619;0.86202;0.86196;0;T;True;2
1621246030000;11531264;0.8619;0.86202;0.86196;0;T;True;2
1621246031000;11531265;0.8619;0.86202;0.86196;0;T;True;2
1621246032000;11531266;0.8619;0.86202;0.86196;0;T;True;2
1621246033000;11531267;0.8619;0.86202;0.86196;0;T;True;2
1621246034000;11531268;0.8619;0.86202;0.86196;0;T;True;2
1621246035000;11531269;0.8619;0.86202;0.86196;0;T;True;2
1621246036000;11531270;0.8619;0.86202;0.86196;0;T;True;2
1621246037000;11531271;0.8619;0.86202;0.86196;0;T;True;2
1621246038000;11531275;0.86191;0.86203;0.86197;3;T;True;2
1621246039000;11531276;0.86191;0.86203;0.86197;0;T;True;2
1621246040000;11531277;0.86191;0.86203;0.86197;0;T;True;2
1621246041000;11531278;0.86191;0.86203;0.86197;0;T;True;2
1621246042000;11531280;0.86193;0.86205;0.86199;1;T;True;2
1621246043000;11531281;0.86193;0.86205;0.86199;0;T;True;2
1621246044000;11531283;0.86194;0.86206;0.862;1;T;True;2
1621246045000;11531289;0.86197;0.86209;0.86203;5;T;True;2
1621246046000;11531291;0.86196;0.86208;0.86202;1;T;True;2
1621246047000;11531292;0.86196;0.86208;0.86202;0;T;True;2
1621246048000;11531294;0.86197;0.86209;0.86203;1;T;True;2
1621246049000;11531295;0.86197;0.86209;0.86203;0;T;True;2
1621246050000;11531296;0.86197;0.86209;0.86203;0;T;True;2
1621246051000;11531298;0.86195;0.86207;0.86201;1;T;True;2
1621246052000;11531299;0.86195;0.86207;0.86201;0;T;True;2
1621246053000;11531300;0.86195;0.86207;0.86201;0;T;True;2
1621246054000;11531301;0.86195;0.86207;0.86201;0;T;True;2
1621246055000;11531302;0.86195;0.86207;0.86201;0;T;True;2
1621246056000;11531303;0.86195;0.86207;0.86201;0;T;True;2
1621246057000;11531304;0.86195;0.86207;0.86201;0;T;True;2
1621246058000;11531305;0.86195;0.86207;0.86201;0;T;True;2
1621246059000;11531306;0.86195;0.86207;0.86201;0;T;True;2
1621246060000;11531307;0.86195;0.86207;0.86201;0;T;True;2
1621246061000;11531308;0.86195;0.86207;0.86201;0;T;True;2
1621246062000;11531318;0.86189;0.86201;0.86195;9;T;True;2
1621246063000;11531320;0.8619;0.86202;0.86196;1;T;True;2
1621246064000;11531321;0.8619;0.86202;0.86196;0;T;True;2
1621246065000;11531324;0.86189;0.86201;0.86195;2;T;True;2
1621246066000;11531325;0.86189;0.86201;0.86195;0;T;True;2
1621246067000;11531326;0.86189;0.86201;0.86195;0;T;True;2
1621246068000;11531327;0.86189;0.86201;0.86195;0;T;True;2
1621246069000;11531328;0.86189;0.86201;0.86195;0;T;True;2
1621246070000;11531329;0.86189;0.86201;0.86195;0;T;True;2
1621246071000;11531330;0.86189;0.86201;0.86195;0;T;True;2
1621246072000;11531331;0.86189;0.86201;0.86195;0;T;True;2
1621246073000;11531333;0.86189;0.86201;0.86195;1;T;True;2
1621246074000;11531337;0.86187;0.86199;0.86193;3;T;True;2
1621246075000;11531338;0.86187;0.86199;0.86193;0;T;True;2
1621246076000;11531342;0.86186;0.86198;0.86192;3;T;True;2
1621246077000;11531348;0.86185;0.86197;0.86191;5;T;True;2
1621246078000;11531355;0.86187;0.86199;0.86193;6;T;True;2
1621246079000;11531358;0.86185;0.86197;0.86191;2;T;True;2
1621246080000;11531360;0.86185;0.86197;0.86191;1;T;True;2
1621246081000;11531362;0.86186;0.86198;0.86192;1;T;True;2
1621246082000;11531364;0.86186;0.86198;0.86192;1;T;True;2
1621246083000;11531365;0.86186;0.86198;0.86192;0;T;True;2
1621246084000;11531367;0.86186;0.86198;0.86192;1;T;True;2
1621246085000;11531369;0.86185;0.86197;0.86191;1;T;True;2
1621246086000;11531370;0.86185;0.86197;0.86191;0;T;True;2
1621246087000;11531371;0.86185;0.86197;0.86191;0;T;True;2
1621246088000;11531372;0.86185;0.86197;0.86191;0;T;True;2
1621246089000;11531374;0.86185;0.86197;0.86191;1;T;True;2
1621246090000;11531376;0.86185;0.86197;0.86191;1;T;True;2
1621246091000;11531381;0.86183;0.86195;0.86189;4;T;True;2
1621246092000;11531382;0.86183;0.86195;0.86189;0;T;True;2
1621246093000;11531383;0.86183;0.86195;0.86189;0;T;True;2
1621246094000;11531384;0.86183;0.86195;0.86189;0;T;True;2
1621246095000;11531385;0.86183;0.86195;0.86189;0;T;True;2
1621246096000;11531386;0.86183;0.86195;0.86189;0;T;True;2
1621246097000;11531387;0.86183;0.86195;0.86189;0;T;True;2
1621246098000;11531388;0.86183;0.86195;0.86189;0;T;True;2
1621246099000;11531389;0.86183;0.86195;0.86189;0;T;True;2
1621246100000;11531391;0.86183;0.86195;0.86189;1;T;True;2
1621246101000;11531392;0.86183;0.86195;0.86189;0;T;True;2
1621246102000;11531398;0.86185;0.86197;0.86191;5;T;True;2
1621246103000;11531400;0.86185;0.86197;0.86191;1;T;True;2
1621246104000;11531402;0.86185;0.86197;0.86191;1;T;True;2
1621246105000;11531403;0.86185;0.86197;0.86191;0;T;True;2
1621246106000;11531404;0.86185;0.86197;0.86191;0;T;True;2
1621246107000;11531408;0.86187;0.86199;0.86193;3;T;True;2
1621246108000;11531412;0.86187;0.86199;0.86193;3;T;True;2
1621246109000;11531414;0.86186;0.86198;0.86192;1;T;True;2
1621246110000;11531416;0.86186;0.86198;0.86192;1;T;True;2
1621246111000;11531418;0.86186;0.86198;0.86192;1;T;True;2
1621246112000;11531419;0.86186;0.86198;0.86192;0;T;True;2
1621246113000;11531420;0.86186;0.86198;0.86192;0;T;True;2
1621246114000;11531423;0.86185;0.86197;0.86191;2;T;True;2
1621246115000;11531426;0.86183;0.86195;0.86189;2;T;True;2
1621246116000;11531427;0.86183;0.86195;0.86189;0;T;True;2
1621246117000;11531428;0.86183;0.86195;0.86189;0;T;True;2
1621246118000;11531429;0.86183;0.86195;0.86189;0;T;True;2
1621246119000;11531430;0.86183;0.86195;0.86189;0;T;True;2
1621246120000;11531435;0.86183;0.86195;0.86189;4;T;True;2
1621246121000;11531436;0.86183;0.86195;0.86189;0;T;True;2
1621246122000;11531439;0.86183;0.86195;0.86189;2;T;True;2
1621246123000;11531440;0.86183;0.86195;0.86189;0;T;True;2
1621246124000;11531441;0.86183;0.86195;0.86189;0;T;True;2
1621246125000;11531442;0.86183;0.86195;0.86189;0;T;True;2
1621246126000;11531445;0.86185;0.86197;0.86191;2;T;True;2
1621246127000;11531450;0.86182;0.86194;0.86188;4;T;True;2
1621246128000;11531451;0.86182;0.86194;0.86188;0;T;True;2
1621246129000;11531454;0.86181;0.86193;0.86187;2;T;True;2
1621246130000;11531455;0.86181;0.86193;0.86187;0;T;True;2
1621246131000;11531456;0.86181;0.86193;0.86187;0;T;True;2
1621246132000;11531457;0.86181;0.86193;0.86187;0;T;True;2
1621246133000;11531458;0.86181;0.86193;0.86187;0;T;True;2
1621246134000;11531459;0.86181;0.86193;0.86187;0;T;True;2
1621246135000;11531463;0.86182;0.86194;0.86188;3;T;True;2
1621246136000;11531464;0.86182;0.86194;0.86188;0;T;True;2
1621246137000;11531465;0.86182;0.86194;0.86188;0;T;True;2
1621246138000;11531466;0.86182;0.86194;0.86188;0;T;True;2
1621246139000;11531467;0.86182;0.86194;0.86188;0;T;True;2
1621246140000;11531470;0.86182;0.86194;0.86188;2;T;True;2
1621246141000;11531471;0.86182;0.86194;0.86188;0;T;True;2
1621246142000;11531473;0.86181;0.86193;0.86187;1;T;True;2
1621246143000;11531474;0.86181;0.86193;0.86187;0;T;True;2
1621246144000;11531475;0.86181;0.86193;0.86187;0;T;True;2
1621246145000;11531477;0.86182;0.86194;0.86188;1;T;True;2
1621246146000;11531478;0.86182;0.86194;0.86188;0;T;True;2
1621246147000;11531483;0.8618;0.86192;0.86186;4;T;True;2
1621246148000;11531486;0.86183;0.86195;0.86189;2;T;True;2
1621246149000;11531487;0.86183;0.86195;0.86189;0;T;True;2
1621246150000;11531488;0.86183;0.86195;0.86189;0;T;True;2
1621246151000;11531489;0.86183;0.86195;0.86189;0;T;True;2
1621246152000;11531491;0.86182;0.86194;0.86188;1;T;True;2
1621246153000;11531492;0.86182;0.86194;0.86188;0;T;True;2
1621246154000;11531493;0.86182;0.86194;0.86188;0;T;True;2
1621246155000;11531494;0.86182;0.86194;0.86188;0;T;True;2
1621246156000;11531495;0.86182;0.86194;0.86188;0;T;True;2
1621246157000;11531496;0.86182;0.86194;0.86188;0;T;True;2
1621246158000;11531497;0.86182;0.86194;0.86188;0;T;True;2
1621246159000;11531499;0.86181;0.86193;0.86187;1;T;True;2
1621246160000;11531501;0.86181;0.86193;0.86187;1;T;True;2
1621246161000;11531502;0.86181;0.86193;0.86187;0;T;True;2
1621246162000;11531503;0.86181;0.86193;0.86187;0;T;True;2
1621246163000;11531504;0.86181;0.86193;0.86187;0;T;True;2
1621246164000;11531505;0.86181;0.86193;0.86187;0;T;True;2
1621246165000;11531506;0.86181;0.86193;0.86187;0;T;True;2
1621246166000;11531507;0.86181;0.86193;0.86187;0;T;True;2
1621246167000;11531508;0.86181;0.86193;0.86187;0;T;True;2
1621246168000;11531509;0.86181;0.86193;0.86187;0;T;True;2
1621246169000;11531513;0.86179;0.86191;0.86185;3;T;True;2
1621246170000;11531514;0.86179;0.86191;0.86185;0;T;True;2
1621246171000;11531515;0.86179;0.86191;0.86185;0;T;True;2
1621246172000;11531517;0.86179;0.86191;0.86185;1;T;True;2
1621246173000;11531519;0.86179;0.86191;0.86185;1;T;True;2
1621246174000;11531521;0.86179;0.86191;0.86185;1;T;True;2
1621246175000;11531532;0.86187;0.86199;0.86193;10;T;True;2
1621246176000;11531536;0.86185;0.86197;0.86191;3;T;True;2
1621246177000;11531537;0.86185;0.86197;0.86191;0;T;True;2
1621246178000;11531538;0.86185;0.86197;0.86191;0;T;True;2
1621246179000;11531540;0.86183;0.86195;0.86189;1;T;True;2
1621246180000;11531541;0.86183;0.86195;0.86189;0;T;True;2
1621246181000;11531542;0.86183;0.86195;0.86189;0;T;True;2
1621246182000;11531543;0.86183;0.86195;0.86189;0;T;True;2
1621246183000;11531544;0.86183;0.86195;0.86189;0;T;True;2
1621246184000;11531545;0.86183;0.86195;0.86189;0;T;True;2
1621246185000;11531546;0.86183;0.86195;0.86189;0;T;True;2
1621246186000;11531549;0.86186;0.86198;0.86192;2;T;True;2
1621246187000;11531550;0.86186;0.86198;0.86192;0;T;True;2
1621246188000;11531554;0.86183;0.86195;0.86189;3;T;True;2
1621246189000;11531560;0.86183;0.86195;0.86189;5;T;True;2
1621246190000;11531561;0.86183;0.86195;0.86189;0;T;True;2
1621246191000;11531563;0.86183;0.86195;0.86189;1;T;True;2
1621246192000;11531564;0.86183;0.86195;0.86189;0;T;True;2
1621246193000;11531565;0.86183;0.86195;0.86189;0;T;True;2
1621246194000;11531566;0.86183;0.86195;0.86189;0;T;True;2
1621246195000;11531570;0.86183;0.86195;0.86189;3;T;True;2
1621246196000;11531571;0.86183;0.86195;0.86189;0;T;True;2
1621246197000;11531574;0.86183;0.86195;0.86189;2;T;True;2
1621246198000;11531578;0.86184;0.86196;0.8619;3;T;True;2
1621246199000;11531580;0.86185;0.86197;0.86191;1;T;True;2
1621246200000;11531581;0.86185;0.86197;0.86191;0;T;True;2
1621246201000;11531582;0.86185;0.86197;0.86191;0;T;True;2
1621246202000;11531589;0.86185;0.86197;0.86191;6;T;True;2
1621246203000;11531590;0.86185;0.86197;0.86191;0;T;True;2
1621246204000;11531594;0.86187;0.86199;0.86193;3;T;True;2
1621246205000;11531598;0.86188;0.862;0.86194;3;T;True;2
1621246206000;11531601;0.86189;0.86201;0.86195;2;T;True;2
1621246207000;11531602;0.86189;0.86201;0.86195;0;T;True;2
1621246208000;11531603;0.86189;0.86201;0.86195;0;T;True;2
1621246209000;11531604;0.86189;0.86201;0.86195;0;T;True;2
1621246210000;11531605;0.86189;0.86201;0.86195;0;T;True;2
1621246211000;11531610;0.86189;0.86201;0.86195;4;T;True;2
1621246212000;11531611;0.86189;0.86201;0.86195;0;T;True;2
1621246213000;11531612;0.86189;0.86201;0.86195;0;T;True;2
1621246214000;11531613;0.86189;0.86201;0.86195;0;T;True;2
1621246215000;11531614;0.86189;0.86201;0.86195;0;T;True;2
1621246216000;11531615;0.86189;0.86201;0.86195;0;T;True;2
1621246217000;11531617;0.86189;0.86201;0.86195;1;T;True;2
1621246218000;11531618;0.86189;0.86201;0.86195;0;T;True;2
1621246219000;11531620;0.86189;0.86201;0.86195;1;T;True;2
1621246220000;11531622;0.86189;0.86201;0.86195;1;T;True;2
1621246221000;11531623;0.86189;0.86201;0.86195;0;T;True;2
1621246222000;11531624;0.86189;0.86201;0.86195;0;T;True;2
1621246223000;11531627;0.86189;0.86201;0.86195;2;T;True;2
1621246224000;11531628;0.86189;0.86201;0.86195;0;T;True;2
1621246225000;11531630;0.86189;0.86201;0.86195;1;T;True;2
1621246226000;11531631;0.86189;0.86201;0.86195;0;T;True;2
1621246227000;11531633;0.8619;0.86202;0.86196;1;T;True;2
1621246228000;11531635;0.86191;0.86203;0.86197;1;T;True;2
1621246229000;11531636;0.86191;0.86203;0.86197;0;T;True;2
1621246230000;11531637;0.86191;0.86203;0.86197;0;T;True;2
1621246231000;11531638;0.86191;0.86203;0.86197;0;T;True;2
1621246232000;11531639;0.86191;0.86203;0.86197;0;T;True;2
1621246233000;11531645;0.86191;0.86203;0.86197;5;T;True;2
1621246234000;11531649;0.86191;0.86203;0.86197;3;T;True;2
1621246235000;11531650;0.86191;0.86203;0.86197;0;T;True;2
1621246236000;11531654;0.86191;0.86203;0.86197;3;T;True;2
1621246237000;11531655;0.86191;0.86203;0.86197;0;T;True;2
1621246238000;11531657;0.86191;0.86203;0.86197;1;T;True;2
1621246239000;11531659;0.86191;0.86203;0.86197;1;T;True;2
1621246240000;11531660;0.86191;0.86203;0.86197;0;T;True;2
1621246241000;11531661;0.86191;0.86203;0.86197;0;T;True;2
1621246242000;11531663;0.86191;0.86203;0.86197;1;T;True;2
1621246243000;11531664;0.86191;0.86203;0.86197;0;T;True;2
1621246244000;11531666;0.86191;0.86203;0.86197;1;T;True;2
1621246245000;11531667;0.86191;0.86203;0.86197;0;T;True;2
1621246246000;11531668;0.86191;0.86203;0.86197;0;T;True;2
1621246247000;11531669;0.86191;0.86203;0.86197;0;T;True;2
1621246248000;11531672;0.86192;0.86204;0.86198;2;T;True;2
1621246249000;11531673;0.86192;0.86204;0.86198;0;T;True;2
1621246250000;11531674;0.86192;0.86204;0.86198;0;T;True;2
1621246251000;11531675;0.86192;0.86204;0.86198;0;T;True;2
1621246252000;11531677;0.86193;0.86205;0.86199;1;T;True;2
1621246253000;11531681;0.86192;0.86204;0.86198;3;T;True;2
1621246254000;11531682;0.86192;0.86204;0.86198;0;T;True;2
1621246255000;11531683;0.86192;0.86204;0.86198;0;T;True;2
1621246256000;11531688;0.86191;0.86203;0.86197;4;T;True;2
1621246257000;11531690;0.8619;0.86202;0.86196;1;T;True;2
1621246258000;11531695;0.86187;0.86199;0.86193;4;T;True;2
1621246259000;11531696;0.86187;0.86199;0.86193;0;T;True;2
1621246260000;11531697;0.86187;0.86199;0.86193;0;T;True;2
1621246261000;11531698;0.86187;0.86199;0.86193;0;T;True;2
1621246262000;11531700;0.86189;0.86201;0.86195;1;T;True;2
1621246263000;11531701;0.86189;0.86201;0.86195;0;T;True;2
1621246264000;11531702;0.86189;0.86201;0.86195;0;T;True;2
1621246265000;11531704;0.86191;0.86203;0.86197;1;T;True;2
1621246266000;11531705;0.86191;0.86203;0.86197;0;T;True;2
1621246267000;11531708;0.86188;0.862;0.86194;2;T;True;2
1621246268000;11531709;0.86188;0.862;0.86194;0;T;True;2
1621246269000;11531714;0.86191;0.86203;0.86197;4;T;True;2
1621246270000;11531717;0.86189;0.86201;0.86195;2;T;True;2
1621246271000;11531718;0.86189;0.86201;0.86195;0;T;True;2
1621246272000;11531724;0.86189;0.86201;0.86195;5;T;True;2
1621246273000;11531725;0.86189;0.86201;0.86195;0;T;True;2
1621246274000;11531726;0.86189;0.86201;0.86195;0;T;True;2
1621246275000;11531727;0.86189;0.86201;0.86195;0;T;True;2
1621246276000;11531729;0.8619;0.86202;0.86196;1;T;True;2
1621246277000;11531735;0.86193;0.86205;0.86199;5;T;True;2
1621246278000;11531738;0.86193;0.86205;0.86199;2;T;True;2
1621246279000;11531741;0.86195;0.86207;0.86201;2;T;True;2
1621246280000;11531744;0.86192;0.86204;0.86198;2;T;True;2
1621246281000;11531746;0.86191;0.86203;0.86197;1;T;True;2
1621246282000;11531748;0.86191;0.86203;0.86197;1;T;True;2
1621246283000;11531749;0.86191;0.86203;0.86197;0;T;True;2
1621246284000;11531750;0.86191;0.86203;0.86197;0;T;True;2
1621246285000;11531751;0.86191;0.86203;0.86197;0;T;True;2
1621246286000;11531758;0.86191;0.86203;0.86197;6;T;True;2
1621246287000;11531759;0.86191;0.86203;0.86197;0;T;True;2
1621246288000;11531760;0.86191;0.86203;0.86197;0;T;True;2
1621246289000;11531761;0.86191;0.86203;0.86197;0;T;True;2
1621246290000;11531762;0.86191;0.86203;0.86197;0;T;True;2
1621246291000;11531763;0.86191;0.86203;0.86197;0;T;True;2
1621246292000;11531764;0.86191;0.86203;0.86197;0;T;True;2
1621246293000;11531766;0.86191;0.86203;0.86197;1;T;True;2
1621246294000;11531768;0.86191;0.86203;0.86197;1;T;True;2
1621246295000;11531769;0.86191;0.86203;0.86197;0;T;True;2
1621246296000;11531770;0.86191;0.86203;0.86197;0;T;True;2
1621246297000;11531771;0.86191;0.86203;0.86197;0;T;True;2
1621246298000;11531772;0.86191;0.86203;0.86197;0;T;True;2
1621246299000;11531779;0.86194;0.86206;0.862;6;T;True;2
1621246300000;11531782;0.86195;0.86207;0.86201;2;T;True;2
1621246301000;11531783;0.86195;0.86207;0.86201;0;T;True;2
1621246302000;11531784;0.86195;0.86207;0.86201;0;T;True;2
1621246303000;11531785;0.86195;0.86207;0.86201;0;T;True;2
1621246304000;11531791;0.86195;0.86207;0.86201;5;T;True;2
1621246305000;11531792;0.86195;0.86207;0.86201;0;T;True;2
1621246306000;11531793;0.86195;0.86207;0.86201;0;T;True;2
1621246307000;11531797;0.86196;0.86208;0.86202;3;T;True;2
1621246308000;11531804;0.86199;0.86211;0.86205;6;T;True;2
1621246309000;11531810;0.86195;0.86207;0.86201;5;T;True;2
1621246310000;11531813;0.86194;0.86206;0.862;2;T;True;2
1621246311000;11531820;0.86193;0.86205;0.86199;6;T;True;2
1621246312000;11531821;0.86193;0.86205;0.86199;0;T;True;2
1621246313000;11531823;0.86193;0.86205;0.86199;1;T;True;2
1621246314000;11531826;0.86195;0.86207;0.86201;2;T;True;2
1621246315000;11531827;0.86195;0.86207;0.86201;0;T;True;2
1621246316000;11531828;0.86195;0.86207;0.86201;0;T;True;2
1621246317000;11531829;0.86195;0.86207;0.86201;0;T;True;2
1621246318000;11531830;0.86195;0.86207;0.86201;0;T;True;2
1621246319000;11531831;0.86195;0.86207;0.86201;0;T;True;2
1621246320000;11531832;0.86195;0.86207;0.86201;0;T;True;2
1621246321000;11531833;0.86195;0.86207;0.86201;0;T;True;2
1621246322000;11531834;0.86195;0.86207;0.86201;0;T;True;2
1621246323000;11531835;0.86195;0.86207;0.86201;0;T;True;2
1621246324000;11531836;0.86195;0.86207;0.86201;0;T;True;2
1621246325000;11531838;0.86195;0.86207;0.86201;1;T;True;2
1621246326000;11531839;0.86195;0.86207;0.86201;0;T;True;2
1621246327000;11531840;0.86195;0.86207;0.86201;0;T;True;2
1621246328000;11531841;0.86195;0.86207;0.86201;0;T;True;2
1621246329000;11531843;0.86195;0.86207;0.86201;1;T;True;2
1621246330000;11531844;0.86195;0.86207;0.86201;0;T;True;2
1621246331000;11531851;0.86194;0.86206;0.862;6;T;True;2
1621246332000;11531857;0.86195;0.86207;0.86201;5;T;True;2
1621246333000;11531859;0.86195;0.86207;0.86201;1;T;True;2
1621246334000;11531860;0.86195;0.86207;0.86201;0;T;True;2
1621246335000;11531861;0.86195;0.86207;0.86201;0;T;True;2
1621246336000;11531862;0.86195;0.86207;0.86201;0;T;True;2
1621246337000;11531863;0.86195;0.86207;0.86201;0;T;True;2
1621246338000;11531865;0.86195;0.86207;0.86201;1;T;True;2
1621246339000;11531867;0.86195;0.86207;0.86201;1;T;True;2
1621246340000;11531870;0.86195;0.86207;0.86201;2;T;True;2
1621246341000;11531879;0.86201;0.86213;0.86207;8;T;True;2
1621246342000;11531880;0.86201;0.86213;0.86207;0;T;True;2
1621246343000;11531889;0.86211;0.86223;0.86217;8;T;True;2
1621246344000;11531897;0.86215;0.86227;0.86221;7;T;True;2
1621246345000;11531898;0.86215;0.86227;0.86221;0;T;True;2
1621246346000;11531899;0.86215;0.86227;0.86221;0;T;True;2
1621246347000;11531902;0.86213;0.86225;0.86219;2;T;True;2
1621246348000;11531904;0.86211;0.86223;0.86217;1;T;True;2
1621246349000;11531905;0.86211;0.86223;0.86217;0;T;True;2
1621246350000;11531911;0.86211;0.86223;0.86217;5;T;True;2
1621246351000;11531913;0.8621;0.86222;0.86216;1;T;True;2
1621246352000;11531914;0.8621;0.86222;0.86216;0;T;True;2
1621246353000;11531915;0.8621;0.86222;0.86216;0;T;True;2
1621246354000;11531916;0.8621;0.86222;0.86216;0;T;True;2
1621246355000;11531917;0.8621;0.86222;0.86216;0;T;True;2
1621246356000;11531919;0.86209;0.86221;0.86215;1;T;True;2
1621246357000;11531921;0.86208;0.8622;0.86214;1;T;True;2
1621246358000;11531922;0.86208;0.8622;0.86214;0;T;True;2
1621246359000;11531923;0.86208;0.8622;0.86214;0;T;True;2
1621246360000;11531924;0.86208;0.8622;0.86214;0;T;True;2
1621246361000;11531925;0.86208;0.8622;0.86214;0;T;True;2
1621246362000;11531927;0.86207;0.86219;0.86213;1;T;True;2
1621246363000;11531928;0.86207;0.86219;0.86213;0;T;True;2
1621246364000;11531929;0.86207;0.86219;0.86213;0;T;True;2
1621246365000;11531930;0.86207;0.86219;0.86213;0;T;True;2
1621246366000;11531932;0.86208;0.8622;0.86214;1;T;True;2
1621246367000;11531935;0.86208;0.8622;0.86214;2;T;True;2
1621246368000;11531940;0.86211;0.86223;0.86217;4;T;True;2
1621246369000;11531941;0.86211;0.86223;0.86217;0;T;True;2
1621246370000;11531946;0.86213;0.86225;0.86219;4;T;True;2
1621246371000;11531949;0.86211;0.86223;0.86217;2;T;True;2
1621246372000;11531951;0.86212;0.86224;0.86218;1;T;True;2
1621246373000;11531952;0.86212;0.86224;0.86218;0;T;True;2
1621246374000;11531957;0.86205;0.86217;0.86211;4;T;True;2
1621246375000;11531958;0.86205;0.86217;0.86211;0;T;True;2
1621246376000;11531959;0.86205;0.86217;0.86211;0;T;True;2
1621246377000;11531960;0.86205;0.86217;0.86211;0;T;True;2
1621246378000;11531961;0.86205;0.86217;0.86211;0;T;True;2
1621246379000;11531962;0.86205;0.86217;0.86211;0;T;True;2
1621246380000;11531963;0.86205;0.86217;0.86211;0;T;True;2
1621246381000;11531964;0.86205;0.86217;0.86211;0;T;True;2
1621246382000;11531965;0.86205;0.86217;0.86211;0;T;True;2
1621246383000;11531966;0.86205;0.86217;0.86211;0;T;True;2
1621246384000;11531967;0.86205;0.86217;0.86211;0;T;True;2
1621246385000;11531968;0.86205;0.86217;0.86211;0;T;True;2
1621246386000;11531971;0.86204;0.86216;0.8621;2;T;True;2
1621246387000;11531972;0.86204;0.86216;0.8621;0;T;True;2
1621246388000;11531973;0.86204;0.86216;0.8621;0;T;True;2
1621246389000;11531974;0.86204;0.86216;0.8621;0;T;True;2
1621246390000;11531975;0.86204;0.86216;0.8621;0;T;True;2
1621246391000;11531976;0.86204;0.86216;0.8621;0;T;True;2
1621246392000;11531979;0.86207;0.86219;0.86213;2;T;True;2
1621246393000;11531980;0.86207;0.86219;0.86213;0;T;True;2
1621246394000;11531983;0.86205;0.86217;0.86211;2;T;True;2
1621246395000;11531984;0.86205;0.86217;0.86211;0;T;True;2
1621246396000;11531985;0.86205;0.86217;0.86211;0;T;True;2
1621246397000;11531988;0.86207;0.86219;0.86213;2;T;True;2
1621246398000;11531989;0.86207;0.86219;0.86213;0;T;True;2
1621246399000;11531990;0.86207;0.86219;0.86213;0;T;True;2
1621246400000;11531991;0.86207;0.86219;0.86213;0;T;True;2
1621246401000;11531992;0.86207;0.86219;0.86213;0;T;True;2
1621246402000;11531996;0.86205;0.86217;0.86211;3;T;True;2
1621246403000;11531999;0.86206;0.86218;0.86212;2;T;True;2
1621246404000;11532003;0.86208;0.8622;0.86214;3;T;True;2
1621246405000;11532004;0.86208;0.8622;0.86214;0;T;True;2
1621246406000;11532007;0.86205;0.86217;0.86211;2;T;True;2
1621246407000;11532008;0.86205;0.86217;0.86211;0;T;True;2
1621246408000;11532009;0.86205;0.86217;0.86211;0;T;True;2
1621246409000;11532011;0.86205;0.86217;0.86211;1;T;True;2
1621246410000;11532012;0.86205;0.86217;0.86211;0;T;True;2
1621246411000;11532013;0.86205;0.86217;0.86211;0;T;True;2
1621246412000;11532017;0.86206;0.86218;0.86212;3;T;True;2
1621246413000;11532020;0.86206;0.86218;0.86212;2;T;True;2
1621246414000;11532022;0.86206;0.86218;0.86212;1;T;True;2
1621246415000;11532025;0.86205;0.86217;0.86211;2;T;True;2
1621246416000;11532027;0.86206;0.86218;0.86212;1;T;True;2
1621246417000;11532030;0.86206;0.86218;0.86212;2;T;True;2
1621246418000;11532034;0.86207;0.86219;0.86213;3;T;True;2
1621246419000;11532037;0.86206;0.86218;0.86212;2;T;True;2
1621246420000;11532041;0.86203;0.86215;0.86209;3;T;True;2
1621246421000;11532042;0.86203;0.86215;0.86209;0;T;True;2
1621246422000;11532043;0.86203;0.86215;0.86209;0;T;True;2
1621246423000;11532045;0.86203;0.86215;0.86209;1;T;True;2
1621246424000;11532050;0.86203;0.86215;0.86209;4;T;True;2
1621246425000;11532054;0.86205;0.86217;0.86211;3;T;True;2
1621246426000;11532057;0.86205;0.86217;0.86211;2;T;True;2
1621246427000;11532062;0.86205;0.86217;0.86211;4;T;True;2
1621246428000;11532063;0.86205;0.86217;0.86211;0;T;True;2
1621246429000;11532066;0.86205;0.86217;0.86211;2;T;True;2
1621246430000;11532067;0.86205;0.86217;0.86211;0;T;True;2
1621246431000;11532069;0.86206;0.86218;0.86212;1;T;True;2
1621246432000;11532070;0.86206;0.86218;0.86212;0;T;True;2
1621246433000;11532071;0.86206;0.86218;0.86212;0;T;True;2
1621246434000;11532073;0.86205;0.86217;0.86211;1;T;True;2
1621246435000;11532074;0.86205;0.86217;0.86211;0;T;True;2
1621246436000;11532075;0.86205;0.86217;0.86211;0;T;True;2
1621246437000;11532076;0.86205;0.86217;0.86211;0;T;True;2
1621246438000;11532077;0.86205;0.86217;0.86211;0;T;True;2
1621246439000;11532078;0.86205;0.86217;0.86211;0;T;True;2
1621246440000;11532079;0.86205;0.86217;0.86211;0;T;True;2
1621246441000;11532081;0.86207;0.86219;0.86213;1;T;True;2
1621246442000;11532082;0.86207;0.86219;0.86213;0;T;True;2
1621246443000;11532083;0.86207;0.86219;0.86213;0;T;True;2
1621246444000;11532084;0.86207;0.86219;0.86213;0;T;True;2
1621246445000;11532085;0.86207;0.86219;0.86213;0;T;True;2
1621246446000;11532086;0.86207;0.86219;0.86213;0;T;True;2
1621246447000;11532087;0.86207;0.86219;0.86213;0;T;True;2
1621246448000;11532088;0.86207;0.86219;0.86213;0;T;True;2
1621246449000;11532090;0.86208;0.8622;0.86214;1;T;True;2
1621246450000;11532091;0.86208;0.8622;0.86214;0;T;True;2
1621246451000;11532092;0.86208;0.8622;0.86214;0;T;True;2
1621246452000;11532093;0.86208;0.8622;0.86214;0;T;True;2
1621246453000;11532098;0.86211;0.86223;0.86217;4;T;True;2
1621246454000;11532109;0.86214;0.86226;0.8622;10;T;True;2
1621246455000;11532110;0.86214;0.86226;0.8622;0;T;True;2
1621246456000;11532112;0.86215;0.86227;0.86221;1;T;True;2
1621246457000;11532114;0.86216;0.86228;0.86222;1;T;True;2
1621246458000;11532122;0.86215;0.86227;0.86221;7;T;True;2
1621246459000;11532130;0.86214;0.86226;0.8622;7;T;True;2
1621246460000;11532131;0.86214;0.86226;0.8622;0;T;True;2
1621246461000;11532132;0.86214;0.86226;0.8622;0;T;True;2
1621246462000;11532140;0.86218;0.8623;0.86224;7;T;True;2
1621246463000;11532147;0.86221;0.86233;0.86227;6;T;True;2
1621246464000;11532148;0.86221;0.86233;0.86227;0;T;True;2
1621246465000;11532149;0.86221;0.86233;0.86227;0;T;True;2
1621246466000;11532151;0.86221;0.86233;0.86227;1;T;True;2
1621246467000;11532152;0.86221;0.86233;0.86227;0;T;True;2
1621246468000;11532154;0.86221;0.86233;0.86227;1;T;True;2
1621246469000;11532155;0.86221;0.86233;0.86227;0;T;True;2
1621246470000;11532156;0.86221;0.86233;0.86227;0;T;True;2
1621246471000;11532158;0.86221;0.86233;0.86227;1;T;True;2
1621246472000;11532165;0.86221;0.86233;0.86227;6;T;True;2
1621246473000;11532168;0.86219;0.86231;0.86225;2;T;True;2
1621246474000;11532170;0.86218;0.8623;0.86224;1;T;True;2
1621246475000;11532174;0.86217;0.86229;0.86223;3;T;True;2
1621246476000;11532179;0.86217;0.86229;0.86223;4;T;True;2
1621246477000;11532180;0.86217;0.86229;0.86223;0;T;True;2
1621246478000;11532182;0.86219;0.86231;0.86225;1;T;True;2
1621246479000;11532184;0.86218;0.8623;0.86224;1;T;True;2
1621246480000;11532185;0.86218;0.8623;0.86224;0;T;True;2
1621246481000;11532187;0.86219;0.86231;0.86225;1;T;True;2
1621246482000;11532192;0.86217;0.86229;0.86223;4;T;True;2
1621246483000;11532194;0.86217;0.86229;0.86223;1;T;True;2
1621246484000;11532196;0.86217;0.86229;0.86223;1;T;True;2
1621246485000;11532197;0.86217;0.86229;0.86223;0;T;True;2
1621246486000;11532198;0.86217;0.86229;0.86223;0;T;True;2
1621246487000;11532199;0.86217;0.86229;0.86223;0;T;True;2
1621246488000;11532200;0.86217;0.86229;0.86223;0;T;True;2
1621246489000;11532203;0.86217;0.86229;0.86223;2;T;True;2
1621246490000;11532204;0.86217;0.86229;0.86223;0;T;True;2
1621246491000;11532210;0.86217;0.86229;0.86223;5;T;True;2
1621246492000;11532213;0.86217;0.86229;0.86223;2;T;True;2
1621246493000;11532214;0.86217;0.86229;0.86223;0;T;True;2
1621246494000;11532215;0.86217;0.86229;0.86223;0;T;True;2
1621246495000;11532216;0.86217;0.86229;0.86223;0;T;True;2
1621246496000;11532219;0.86215;0.86227;0.86221;2;T;True;2
1621246497000;11532221;0.86213;0.86225;0.86219;1;T;True;2
1621246498000;11532223;0.86214;0.86226;0.8622;1;T;True;2
1621246499000;11532226;0.86213;0.86225;0.86219;2;T;True;2
1621246500000;11532227;0.86213;0.86225;0.86219;0;T;True;2
1621246501000;11532230;0.86212;0.86224;0.86218;2;T;True;2
1621246502000;11532233;0.86212;0.86224;0.86218;2;T;True;2
1621246503000;11532234;0.86212;0.86224;0.86218;0;T;True;2
1621246504000;11532235;0.86212;0.86224;0.86218;0;T;True;2
1621246505000;11532236;0.86212;0.86224;0.86218;0;T;True;2
1621246506000;11532237;0.86212;0.86224;0.86218;0;T;True;2
1621246507000;11532238;0.86212;0.86224;0.86218;0;T;True;2
1621246508000;11532243;0.86215;0.86227;0.86221;4;T;True;2
1621246509000;11532246;0.86215;0.86227;0.86221;2;T;True;2
1621246510000;11532247;0.86215;0.86227;0.86221;0;T;True;2
1621246511000;11532249;0.86216;0.86228;0.86222;1;T;True;2
1621246512000;11532250;0.86216;0.86228;0.86222;0;T;True;2
1621246513000;11532255;0.86221;0.86233;0.86227;4;T;True;2
1621246514000;11532257;0.8622;0.86232;0.86226;1;T;True;2
1621246515000;11532262;0.86218;0.8623;0.86224;4;T;True;2
1621246516000;11532267;0.86217;0.86229;0.86223;4;T;True;2
1621246517000;11532270;0.86215;0.86227;0.86221;2;T;True;2
1621246518000;11532274;0.86215;0.86227;0.86221;3;T;True;2
1621246519000;11532275;0.86215;0.86227;0.86221;0;T;True;2
1621246520000;11532276;0.86215;0.86227;0.86221;0;T;True;2
1621246521000;11532279;0.86217;0.86229;0.86223;2;T;True;2
1621246522000;11532286;0.86219;0.86231;0.86225;6;T;True;2
1621246523000;11532288;0.86218;0.8623;0.86224;1;T;True;2
1621246524000;11532290;0.86218;0.8623;0.86224;1;T;True;2
1621246525000;11532291;0.86218;0.8623;0.86224;0;T;True;2
1621246526000;11532294;0.86217;0.86229;0.86223;2;T;True;2
1621246527000;11532295;0.86217;0.86229;0.86223;0;T;True;2
1621246528000;11532296;0.86217;0.86229;0.86223;0;T;True;2
1621246529000;11532297;0.86217;0.86229;0.86223;0;T;True;2
1621246530000;11532298;0.86217;0.86229;0.86223;0;T;True;2
1621246531000;11532300;0.86217;0.86229;0.86223;1;T;True;2
1621246532000;11532304;0.86219;0.86231;0.86225;3;T;True;2
1621246533000;11532305;0.86219;0.86231;0.86225;0;T;True;2
1621246534000;11532306;0.86219;0.86231;0.86225;0;T;True;2
1621246535000;11532307;0.86219;0.86231;0.86225;0;T;True;2
1621246536000;11532309;0.86217;0.86229;0.86223;1;T;True;2
1621246537000;11532310;0.86217;0.86229;0.86223;0;T;True;2
1621246538000;11532311;0.86217;0.86229;0.86223;0;T;True;2
1621246539000;11532313;0.86217;0.86229;0.86223;1;T;True;2
1621246540000;11532318;0.86217;0.86229;0.86223;4;T;True;2
1621246541000;11532319;0.86217;0.86229;0.86223;0;T;True;2
1621246542000;11532320;0.86217;0.86229;0.86223;0;T;True;2
1621246543000;11532321;0.86217;0.86229;0.86223;0;T;True;2
1621246544000;11532324;0.86217;0.86229;0.86223;2;T;True;2
1621246545000;11532325;0.86217;0.86229;0.86223;0;T;True;2
1621246546000;11532329;0.86217;0.86229;0.86223;3;T;True;2
1621246547000;11532331;0.86217;0.86229;0.86223;1;T;True;2
1621246548000;11532332;0.86217;0.86229;0.86223;0;T;True;2
1621246549000;11532333;0.86217;0.86229;0.86223;0;T;True;2
1621246550000;11532336;0.86217;0.86229;0.86223;2;T;True;2
1621246551000;11532337;0.86217;0.86229;0.86223;0;T;True;2
1621246552000;11532339;0.86217;0.86229;0.86223;1;T;True;2
1621246553000;11532340;0.86217;0.86229;0.86223;0;T;True;2
1621246554000;11532342;0.86219;0.86231;0.86225;1;T;True;2
1621246555000;11532346;0.86219;0.86231;0.86225;3;T;True;2
1621246556000;11532348;0.86219;0.86231;0.86225;1;T;True;2
1621246557000;11532349;0.86219;0.86231;0.86225;0;T;True;2
1621246558000;11532350;0.86219;0.86231;0.86225;0;T;True;2
1621246559000;11532351;0.86219;0.86231;0.86225;0;T;True;2
1621246560000;11532353;0.86219;0.86231;0.86225;1;T;True;2
1621246561000;11532354;0.86219;0.86231;0.86225;0;T;True;2
1621246562000;11532355;0.86219;0.86231;0.86225;0;T;True;2
1621246563000;11532358;0.86219;0.86231;0.86225;2;T;True;2
1621246564000;11532360;0.86219;0.86231;0.86225;1;T;True;2
1621246565000;11532364;0.86218;0.8623;0.86224;3;T;True;2
1621246566000;11532367;0.86218;0.8623;0.86224;2;T;True;2
1621246567000;11532368;0.86218;0.8623;0.86224;0;T;True;2
1621246568000;11532369;0.86218;0.8623;0.86224;0;T;True;2
1621246569000;11532372;0.86217;0.86229;0.86223;2;T;True;2
1621246570000;11532375;0.86216;0.86228;0.86222;2;T;True;2
1621246571000;11532378;0.86214;0.86226;0.8622;2;T;True;2
1621246572000;11532380;0.86215;0.86227;0.86221;1;T;True;2
1621246573000;11532383;0.86215;0.86227;0.86221;2;T;True;2
1621246574000;11532384;0.86215;0.86227;0.86221;0;T;True;2
1621246575000;11532385;0.86215;0.86227;0.86221;0;T;True;2
1621246576000;11532386;0.86215;0.86227;0.86221;0;T;True;2
1621246577000;11532389;0.86215;0.86227;0.86221;2;T;True;2
1621246578000;11532391;0.86215;0.86227;0.86221;1;T;True;2
1621246579000;11532394;0.86215;0.86227;0.86221;2;T;True;2
1621246580000;11532397;0.86215;0.86227;0.86221;2;T;True;2
1621246581000;11532400;0.86215;0.86227;0.86221;2;T;True;2
1621246582000;11532401;0.86215;0.86227;0.86221;0;T;True;2
1621246583000;11532402;0.86215;0.86227;0.86221;0;T;True;2
1621246584000;11532403;0.86215;0.86227;0.86221;0;T;True;2
1621246585000;11532404;0.86215;0.86227;0.86221;0;T;True;2
1621246586000;11532405;0.86215;0.86227;0.86221;0;T;True;2
1621246587000;11532408;0.86217;0.86229;0.86223;2;T;True;2
1621246588000;11532410;0.86217;0.86229;0.86223;1;T;True;2
1621246589000;11532411;0.86217;0.86229;0.86223;0;T;True;2
1621246590000;11532413;0.86217;0.86229;0.86223;1;T;True;2
1621246591000;11532414;0.86217;0.86229;0.86223;0;T;True;2
1621246592000;11532415;0.86217;0.86229;0.86223;0;T;True;2
1621246593000;11532417;0.86217;0.86229;0.86223;1;T;True;2
1621246594000;11532418;0.86217;0.86229;0.86223;0;T;True;2
1621246595000;11532424;0.86221;0.86233;0.86227;5;T;True;2
1621246596000;11532426;0.86221;0.86233;0.86227;1;T;True;2
1621246597000;11532427;0.86221;0.86233;0.86227;0;T;True;2
1621246598000;11532428;0.86221;0.86233;0.86227;0;T;True;2
1621246599000;11532429;0.86221;0.86233;0.86227;0;T;True;2
1621246600000;11532432;0.8622;0.86232;0.86226;2;T;True;2
1621246601000;11532434;0.86221;0.86233;0.86227;1;T;True;2
1621246602000;11532435;0.86221;0.86233;0.86227;0;T;True;2
1621246603000;11532438;0.86221;0.86233;0.86227;2;T;True;2
1621246604000;11532444;0.86219;0.86231;0.86225;5;T;True;2
1621246605000;11532447;0.86219;0.86231;0.86225;2;T;True;2
1621246606000;11532451;0.86219;0.86231;0.86225;3;T;True;2
1621246607000;11532454;0.86219;0.86231;0.86225;2;T;True;2
1621246608000;11532456;0.8622;0.86232;0.86226;1;T;True;2
1621246609000;11532457;0.8622;0.86232;0.86226;0;T;True;2
1621246610000;11532458;0.8622;0.86232;0.86226;0;T;True;2
1621246611000;11532459;0.8622;0.86232;0.86226;0;T;True;2
1621246612000;11532460;0.8622;0.86232;0.86226;0;T;True;2
1621246613000;11532463;0.86221;0.86233;0.86227;2;T;True;2
1621246614000;11532464;0.86221;0.86233;0.86227;0;T;True;2
1621246615000;11532467;0.86219;0.86231;0.86225;2;T;True;2
1621246616000;11532468;0.86219;0.86231;0.86225;0;T;True;2
1621246617000;11532469;0.86219;0.86231;0.86225;0;T;True;2
1621246618000;11532472;0.86217;0.86229;0.86223;2;T;True;2
1621246619000;11532473;0.86217;0.86229;0.86223;0;T;True;2
1621246620000;11532476;0.86218;0.8623;0.86224;2;T;True;2
1621246621000;11532477;0.86218;0.8623;0.86224;0;T;True;2
1621246622000;11532479;0.86217;0.86229;0.86223;1;T;True;2
1621246623000;11532480;0.86217;0.86229;0.86223;0;T;True;2
1621246624000;11532481;0.86217;0.86229;0.86223;0;T;True;2
1621246625000;11532482;0.86217;0.86229;0.86223;0;T;True;2
1621246626000;11532484;0.86218;0.8623;0.86224;1;T;True;2
1621246627000;11532485;0.86218;0.8623;0.86224;0;T;True;2
1621246628000;11532486;0.86218;0.8623;0.86224;0;T;True;2
1621246629000;11532489;0.86216;0.86228;0.86222;2;T;True;2
1621246630000;11532490;0.86216;0.86228;0.86222;0;T;True;2
1621246631000;11532491;0.86216;0.86228;0.86222;0;T;True;2
1621246632000;11532492;0.86216;0.86228;0.86222;0;T;True;2
1621246633000;11532494;0.86216;0.86228;0.86222;1;T;True;2
1621246634000;11532497;0.86215;0.86227;0.86221;2;T;True;2
1621246635000;11532498;0.86215;0.86227;0.86221;0;T;True;2
1621246636000;11532501;0.86215;0.86227;0.86221;2;T;True;2
1621246637000;11532502;0.86215;0.86227;0.86221;0;T;True;2
1621246638000;11532503;0.86215;0.86227;0.86221;0;T;True;2
1621246639000;11532504;0.86215;0.86227;0.86221;0;T;True;2
1621246640000;11532505;0.86215;0.86227;0.86221;0;T;True;2
1621246641000;11532506;0.86215;0.86227;0.86221;0;T;True;2
1621246642000;11532507;0.86215;0.86227;0.86221;0;T;True;2
1621246643000;11532508;0.86215;0.86227;0.86221;0;T;True;2
1621246644000;11532509;0.86215;0.86227;0.86221;0;T;True;2
1621246645000;11532510;0.86215;0.86227;0.86221;0;T;True;2
1621246646000;11532511;0.86215;0.86227;0.86221;0;T;True;2
1621246647000;11532512;0.86215;0.86227;0.86221;0;T;True;2
1621246648000;11532514;0.86215;0.86227;0.86221;1;T;True;2
1621246649000;11532515;0.86215;0.86227;0.86221;0;T;True;2
1621246650000;11532518;0.86215;0.86227;0.86221;2;T;True;2
1621246651000;11532524;0.86214;0.86226;0.8622;5;T;True;2
1621246652000;11532525;0.86214;0.86226;0.8622;0;T;True;2
1621246653000;11532526;0.86214;0.86226;0.8622;0;T;True;2
1621246654000;11532527;0.86214;0.86226;0.8622;0;T;True;2
1621246655000;11532528;0.86214;0.86226;0.8622;0;T;True;2
1621246656000;11532530;0.86214;0.86226;0.8622;1;T;True;2
1621246657000;11532531;0.86214;0.86226;0.8622;0;T;True;2
1621246658000;11532532;0.86214;0.86226;0.8622;0;T;True;2
1621246659000;11532535;0.86213;0.86225;0.86219;2;T;True;2
1621246660000;11532539;0.86213;0.86225;0.86219;3;T;True;2
1621246661000;11532540;0.86213;0.86225;0.86219;0;T;True;2
1621246662000;11532541;0.86213;0.86225;0.86219;0;T;True;2
1621246663000;11532542;0.86213;0.86225;0.86219;0;T;True;2
1621246664000;11532543;0.86213;0.86225;0.86219;0;T;True;2
1621246665000;11532544;0.86213;0.86225;0.86219;0;T;True;2
1621246666000;11532545;0.86213;0.86225;0.86219;0;T;True;2
1621246667000;11532546;0.86213;0.86225;0.86219;0;T;True;2
1621246668000;11532548;0.86212;0.86224;0.86218;1;T;True;2
1621246669000;11532549;0.86212;0.86224;0.86218;0;T;True;2
1621246670000;11532550;0.86212;0.86224;0.86218;0;T;True;2
1621246671000;11532551;0.86212;0.86224;0.86218;0;T;True;2
1621246672000;11532553;0.86212;0.86224;0.86218;1;T;True;2
1621246673000;11532554;0.86212;0.86224;0.86218;0;T;True;2
1621246674000;11532555;0.86212;0.86224;0.86218;0;T;True;2
1621246675000;11532557;0.86212;0.86224;0.86218;1;T;True;2
1621246676000;11532558;0.86212;0.86224;0.86218;0;T;True;2
1621246677000;11532559;0.86212;0.86224;0.86218;0;T;True;2
1621246678000;11532563;0.8621;0.86222;0.86216;3;T;True;2
1621246679000;11532564;0.8621;0.86222;0.86216;0;T;True;2
1621246680000;11532566;0.86211;0.86223;0.86217;1;T;True;2
1621246681000;11532568;0.8621;0.86222;0.86216;1;T;True;2
1621246682000;11532569;0.8621;0.86222;0.86216;0;T;True;2
1621246683000;11532572;0.86211;0.86223;0.86217;2;T;True;2
1621246684000;11532573;0.86211;0.86223;0.86217;0;T;True;2
1621246685000;11532574;0.86211;0.86223;0.86217;0;T;True;2
1621246686000;11532575;0.86211;0.86223;0.86217;0;T;True;2
1621246687000;11532577;0.8621;0.86222;0.86216;1;T;True;2
1621246688000;11532580;0.86209;0.86221;0.86215;2;T;True;2
1621246689000;11532589;0.86206;0.86218;0.86212;8;T;True;2
1621246690000;11532590;0.86206;0.86218;0.86212;0;T;True;2
1621246691000;11532591;0.86206;0.86218;0.86212;0;T;True;2
1621246692000;11532594;0.86207;0.86219;0.86213;2;T;True;2
1621246693000;11532595;0.86207;0.86219;0.86213;0;T;True;2
1621246694000;11532596;0.86207;0.86219;0.86213;0;T;True;2
1621246695000;11532597;0.86207;0.86219;0.86213;0;T;True;2
1621246696000;11532598;0.86207;0.86219;0.86213;0;T;True;2
1621246697000;11532602;0.86207;0.86219;0.86213;3;T;True;2
1621246698000;11532603;0.86207;0.86219;0.86213;0;T;True;2
1621246699000;11532604;0.86207;0.86219;0.86213;0;T;True;2
1621246700000;11532606;0.86207;0.86219;0.86213;1;T;True;2
1621246701000;11532609;0.86208;0.8622;0.86214;2;T;True;2
1621246702000;11532610;0.86208;0.8622;0.86214;0;T;True;2
1621246703000;11532611;0.86208;0.8622;0.86214;0;T;True;2
1621246704000;11532612;0.86208;0.8622;0.86214;0;T;True;2
1621246705000;11532614;0.86208;0.8622;0.86214;1;T;True;2
1621246706000;11532617;0.86209;0.86221;0.86215;2;T;True;2
1621246707000;11532618;0.86209;0.86221;0.86215;0;T;True;2
1621246708000;11532619;0.86209;0.86221;0.86215;0;T;True;2
1621246709000;11532620;0.86209;0.86221;0.86215;0;T;True;2
1621246710000;11532621;0.86209;0.86221;0.86215;0;T;True;2
1621246711000;11532622;0.86209;0.86221;0.86215;0;T;True;2
1621246712000;11532624;0.86209;0.86221;0.86215;1;T;True;2
1621246713000;11532625;0.86209;0.86221;0.86215;0;T;True;2
1621246714000;11532627;0.86209;0.86221;0.86215;1;T;True;2
1621246715000;11532628;0.86209;0.86221;0.86215;0;T;True;2
1621246716000;11532629;0.86209;0.86221;0.86215;0;T;True;2
1621246717000;11532634;0.86205;0.86217;0.86211;4;T;True;2
1621246718000;11532635;0.86205;0.86217;0.86211;0;T;True;2
1621246719000;11532641;0.86206;0.86218;0.86212;5;T;True;2
1621246720000;11532642;0.86206;0.86218;0.86212;0;T;True;2
1621246721000;11532643;0.86206;0.86218;0.86212;0;T;True;2
1621246722000;11532644;0.86206;0.86218;0.86212;0;T;True;2
1621246723000;11532645;0.86206;0.86218;0.86212;0;T;True;2
1621246724000;11532646;0.86206;0.86218;0.86212;0;T;True;2
1621246725000;11532647;0.86206;0.86218;0.86212;0;T;True;2
1621246726000;11532649;0.86206;0.86218;0.86212;1;T;True;2
1621246727000;11532654;0.86205;0.86217;0.86211;4;T;True;2
1621246728000;11532659;0.86205;0.86217;0.86211;4;T;True;2
1621246729000;11532660;0.86205;0.86217;0.86211;0;T;True;2
1621246730000;11532662;0.86205;0.86217;0.86211;1;T;True;2
1621246731000;11532663;0.86205;0.86217;0.86211;0;T;True;2
1621246732000;11532669;0.86207;0.86219;0.86213;5;T;True;2
1621246733000;11532670;0.86207;0.86219;0.86213;0;T;True;2
1621246734000;11532671;0.86207;0.86219;0.86213;0;T;True;2
1621246735000;11532675;0.86205;0.86217;0.86211;3;T;True;2
1621246736000;11532677;0.86205;0.86217;0.86211;1;T;True;2
1621246737000;11532679;0.86205;0.86217;0.86211;1;T;True;2
1621246738000;11532681;0.86205;0.86217;0.86211;1;T;True;2
1621246739000;11532682;0.86205;0.86217;0.86211;0;T;True;2
1621246740000;11532684;0.86207;0.86219;0.86213;1;T;True;2
1621246741000;11532688;0.86208;0.8622;0.86214;3;T;True;2
1621246742000;11532690;0.86207;0.86219;0.86213;1;T;True;2
1621246743000;11532692;0.86208;0.8622;0.86214;1;T;True;2
1621246744000;11532693;0.86208;0.8622;0.86214;0;T;True;2
1621246745000;11532694;0.86208;0.8622;0.86214;0;T;True;2
1621246746000;11532695;0.86208;0.8622;0.86214;0;T;True;2
1621246747000;11532698;0.86208;0.8622;0.86214;2;T;True;2
1621246748000;11532700;0.86207;0.86219;0.86213;1;T;True;2
1621246749000;11532701;0.86207;0.86219;0.86213;0;T;True;2
1621246750000;11532704;0.86207;0.86219;0.86213;2;T;True;2
1621246751000;11532705;0.86207;0.86219;0.86213;0;T;True;2
1621246752000;11532706;0.86207;0.86219;0.86213;0;T;True;2
1621246753000;11532708;0.86205;0.86217;0.86211;1;T;True;2
1621246754000;11532709;0.86205;0.86217;0.86211;0;T;True;2
1621246755000;11532710;0.86205;0.86217;0.86211;0;T;True;2
1621246756000;11532711;0.86205;0.86217;0.86211;0;T;True;2
1621246757000;11532712;0.86205;0.86217;0.86211;0;T;True;2
1621246758000;11532713;0.86205;0.86217;0.86211;0;T;True;2
1621246759000;11532714;0.86205;0.86217;0.86211;0;T;True;2
1621246760000;11532715;0.86205;0.86217;0.86211;0;T;True;2
1621246761000;11532716;0.86205;0.86217;0.86211;0;T;True;2
1621246762000;11532718;0.86204;0.86216;0.8621;1;T;True;2
1621246763000;11532720;0.86203;0.86215;0.86209;1;T;True;2
1621246764000;11532722;0.86204;0.86216;0.8621;1;T;True;2
1621246765000;11532723;0.86204;0.86216;0.8621;0;T;True;2
1621246766000;11532724;0.86204;0.86216;0.8621;0;T;True;2
1621246767000;11532725;0.86204;0.86216;0.8621;0;T;True;2
1621246768000;11532727;0.86203;0.86215;0.86209;1;T;True;2
1621246769000;11532728;0.86203;0.86215;0.86209;0;T;True;2
1621246770000;11532729;0.86203;0.86215;0.86209;0;T;True;2
1621246771000;11532730;0.86203;0.86215;0.86209;0;T;True;2
1621246772000;11532731;0.86203;0.86215;0.86209;0;T;True;2
1621246773000;11532734;0.86203;0.86215;0.86209;2;T;True;2
1621246774000;11532737;0.86201;0.86213;0.86207;2;T;True;2
1621246775000;11532738;0.86201;0.86213;0.86207;0;T;True;2
1621246776000;11532739;0.86201;0.86213;0.86207;0;T;True;2
1621246777000;11532740;0.86201;0.86213;0.86207;0;T;True;2
1621246778000;11532742;0.86202;0.86214;0.86208;1;T;True;2
1621246779000;11532746;0.86203;0.86215;0.86209;3;T;True;2
1621246780000;11532751;0.86205;0.86217;0.86211;4;T;True;2
1621246781000;11532752;0.86205;0.86217;0.86211;0;T;True;2
1621246782000;11532753;0.86205;0.86217;0.86211;0;T;True;2
1621246783000;11532754;0.86205;0.86217;0.86211;0;T;True;2
1621246784000;11532755;0.86205;0.86217;0.86211;0;T;True;2
1621246785000;11532756;0.86205;0.86217;0.86211;0;T;True;2
1621246786000;11532757;0.86205;0.86217;0.86211;0;T;True;2
1621246787000;11532758;0.86205;0.86217;0.86211;0;T;True;2
1621246788000;11532759;0.86205;0.86217;0.86211;0;T;True;2
1621246789000;11532760;0.86205;0.86217;0.86211;0;T;True;2
1621246790000;11532762;0.86207;0.86219;0.86213;1;T;True;2
1621246791000;11532763;0.86207;0.86219;0.86213;0;T;True;2
1621246792000;11532764;0.86207;0.86219;0.86213;0;T;True;2
1621246793000;11532765;0.86207;0.86219;0.86213;0;T;True;2
1621246794000;11532766;0.86207;0.86219;0.86213;0;T;True;2
1621246795000;11532768;0.86206;0.86218;0.86212;1;T;True;2
1621246796000;11532770;0.86205;0.86217;0.86211;1;T;True;2
1621246797000;11532771;0.86205;0.86217;0.86211;0;T;True;2
1621246798000;11532776;0.86204;0.86216;0.8621;4;T;True;2
1621246799000;11532779;0.86205;0.86217;0.86211;2;T;True;2
1621246800000;11532780;0.86205;0.86217;0.86211;0;T;True;2
1621246801000;11532781;0.86205;0.86217;0.86211;0;T;True;2
1621246802000;11532782;0.86205;0.86217;0.86211;0;T;True;2
1621246803000;11532783;0.86205;0.86217;0.86211;0;T;True;2
1621246804000;11532786;0.86205;0.86217;0.86211;2;T;True;2
1621246805000;11532787;0.86205;0.86217;0.86211;0;T;True;2
1621246806000;11532788;0.86205;0.86217;0.86211;0;T;True;2
1621246807000;11532789;0.86205;0.86217;0.86211;0;T;True;2
1621246808000;11532790;0.86205;0.86217;0.86211;0;T;True;2
1621246809000;11532791;0.86205;0.86217;0.86211;0;T;True;2
1621246810000;11532792;0.86205;0.86217;0.86211;0;T;True;2
1621246811000;11532793;0.86205;0.86217;0.86211;0;T;True;2
1621246812000;11532800;0.86207;0.86219;0.86213;6;T;True;2
1621246813000;11532803;0.86208;0.8622;0.86214;2;T;True;2
1621246814000;11532804;0.86208;0.8622;0.86214;0;T;True;2
1621246815000;11532809;0.86209;0.86221;0.86215;4;T;True;2
1621246816000;11532810;0.86209;0.86221;0.86215;0;T;True;2
1621246817000;11532812;0.8621;0.86222;0.86216;1;T;True;2
1621246818000;11532813;0.8621;0.86222;0.86216;0;T;True;2
1621246819000;11532815;0.86211;0.86223;0.86217;1;T;True;2
1621246820000;11532818;0.86211;0.86223;0.86217;2;T;True;2
1621246821000;11532820;0.86211;0.86223;0.86217;1;T;True;2
1621246822000;11532821;0.86211;0.86223;0.86217;0;T;True;2
1621246823000;11532824;0.86211;0.86223;0.86217;2;T;True;2
1621246824000;11532826;0.86211;0.86223;0.86217;1;T;True;2
1621246825000;11532827;0.86211;0.86223;0.86217;0;T;True;2
1621246826000;11532828;0.86211;0.86223;0.86217;0;T;True;2
1621246827000;11532829;0.86211;0.86223;0.86217;0;T;True;2
1621246828000;11532831;0.86211;0.86223;0.86217;1;T;True;2
1621246829000;11532832;0.86211;0.86223;0.86217;0;T;True;2
1621246830000;11532833;0.86211;0.86223;0.86217;0;T;True;2
1621246831000;11532834;0.86211;0.86223;0.86217;0;T;True;2
1621246832000;11532835;0.86211;0.86223;0.86217;0;T;True;2
1621246833000;11532836;0.86211;0.86223;0.86217;0;T;True;2
1621246834000;11532837;0.86211;0.86223;0.86217;0;T;True;2
1621246835000;11532838;0.86211;0.86223;0.86217;0;T;True;2
1621246836000;11532839;0.86211;0.86223;0.86217;0;T;True;2
1621246837000;11532840;0.86211;0.86223;0.86217;0;T;True;2
1621246838000;11532841;0.86211;0.86223;0.86217;0;T;True;2
1621246839000;11532842;0.86211;0.86223;0.86217;0;T;True;2
1621246840000;11532843;0.86211;0.86223;0.86217;0;T;True;2
1621246841000;11532844;0.86211;0.86223;0.86217;0;T;True;2
1621246842000;11532845;0.86211;0.86223;0.86217;0;T;True;2
1621246843000;11532851;0.86212;0.86224;0.86218;5;T;True;2
1621246844000;11532852;0.86212;0.86224;0.86218;0;T;True;2
1621246845000;11532853;0.86212;0.86224;0.86218;0;T;True;2
1621246846000;11532854;0.86212;0.86224;0.86218;0;T;True;2
1621246847000;11532855;0.86212;0.86224;0.86218;0;T;True;2
1621246848000;11532856;0.86212;0.86224;0.86218;0;T;True;2
1621246849000;11532857;0.86212;0.86224;0.86218;0;T;True;2
1621246850000;11532859;0.86213;0.86225;0.86219;1;T;True;2
1621246851000;11532861;0.86212;0.86224;0.86218;1;T;True;2
1621246852000;11532862;0.86212;0.86224;0.86218;0;T;True;2
1621246853000;11532863;0.86212;0.86224;0.86218;0;T;True;2
1621246854000;11532864;0.86212;0.86224;0.86218;0;T;True;2
1621246855000;11532865;0.86212;0.86224;0.86218;0;T;True;2
1621246856000;11532867;0.86213;0.86225;0.86219;1;T;True;2
1621246857000;11532868;0.86213;0.86225;0.86219;0;T;True;2
1621246858000;11532869;0.86213;0.86225;0.86219;0;T;True;2
1621246859000;11532870;0.86213;0.86225;0.86219;0;T;True;2
1621246860000;11532871;0.86213;0.86225;0.86219;0;T;True;2
1621246861000;11532872;0.86213;0.86225;0.86219;0;T;True;2
1621246862000;11532877;0.86211;0.86223;0.86217;4;T;True;2
1621246863000;11532878;0.86211;0.86223;0.86217;0;T;True;2
1621246864000;11532879;0.86211;0.86223;0.86217;0;T;True;2
1621246865000;11532880;0.86211;0.86223;0.86217;0;T;True;2
1621246866000;11532883;0.86211;0.86223;0.86217;2;T;True;2
1621246867000;11532885;0.8621;0.86222;0.86216;1;T;True;2
1621246868000;11532886;0.8621;0.86222;0.86216;0;T;True;2
1621246869000;11532888;0.86211;0.86223;0.86217;1;T;True;2
1621246870000;11532889;0.86211;0.86223;0.86217;0;T;True;2
1621246871000;11532890;0.86211;0.86223;0.86217;0;T;True;2
1621246872000;11532894;0.8621;0.86222;0.86216;3;T;True;2
1621246873000;11532895;0.8621;0.86222;0.86216;0;T;True;2
1621246874000;11532897;0.86211;0.86223;0.86217;1;T;True;2
1621246875000;11532898;0.86211;0.86223;0.86217;0;T;True;2
1621246876000;11532899;0.86211;0.86223;0.86217;0;T;True;2
1621246877000;11532901;0.8621;0.86222;0.86216;1;T;True;2
1621246878000;11532904;0.8621;0.86222;0.86216;2;T;True;2
1621246879000;11532905;0.8621;0.86222;0.86216;0;T;True;2
1621246880000;11532906;0.8621;0.86222;0.86216;0;T;True;2
1621246881000;11532907;0.8621;0.86222;0.86216;0;T;True;2
1621246882000;11532908;0.8621;0.86222;0.86216;0;T;True;2
1621246883000;11532910;0.86211;0.86223;0.86217;1;T;True;2
1621246884000;11532911;0.86211;0.86223;0.86217;0;T;True;2
1621246885000;11532912;0.86211;0.86223;0.86217;0;T;True;2
1621246886000;11532913;0.86211;0.86223;0.86217;0;T;True;2
1621246887000;11532914;0.86211;0.86223;0.86217;0;T;True;2
1621246888000;11532915;0.86211;0.86223;0.86217;0;T;True;2
1621246889000;11532916;0.86211;0.86223;0.86217;0;T;True;2
1621246890000;11532917;0.86211;0.86223;0.86217;0;T;True;2
1621246891000;11532918;0.86211;0.86223;0.86217;0;T;True;2
1621246892000;11532924;0.86214;0.86226;0.8622;5;T;True;2
1621246893000;11532925;0.86214;0.86226;0.8622;0;T;True;2
1621246894000;11532926;0.86214;0.86226;0.8622;0;T;True;2
1621246895000;11532928;0.86215;0.86227;0.86221;1;T;True;2
1621246896000;11532931;0.86213;0.86225;0.86219;2;T;True;2
1621246897000;11532932;0.86213;0.86225;0.86219;0;T;True;2
1621246898000;11532933;0.86213;0.86225;0.86219;0;T;True;2
1621246899000;11532934;0.86213;0.86225;0.86219;0;T;True;2
1621246900000;11532936;0.86214;0.86226;0.8622;1;T;True;2
1621246901000;11532937;0.86214;0.86226;0.8622;0;T;True;2
1621246902000;11532938;0.86214;0.86226;0.8622;0;T;True;2
1621246903000;11532939;0.86214;0.86226;0.8622;0;T;True;2
1621246904000;11532940;0.86214;0.86226;0.8622;0;T;True;2
1621246905000;11532941;0.86214;0.86226;0.8622;0;T;True;2
1621246906000;11532942;0.86214;0.86226;0.8622;0;T;True;2
1621246907000;11532945;0.86216;0.86228;0.86222;2;T;True;2
1621246908000;11532948;0.86217;0.86229;0.86223;2;T;True;2
1621246909000;11532950;0.86215;0.86227;0.86221;1;T;True;2
1621246910000;11532951;0.86215;0.86227;0.86221;0;T;True;2
1621246911000;11532952;0.86215;0.86227;0.86221;0;T;True;2
1621246912000;11532953;0.86215;0.86227;0.86221;0;T;True;2
1621246913000;11532954;0.86215;0.86227;0.86221;0;T;True;2
1621246914000;11532955;0.86215;0.86227;0.86221;0;T;True;2
1621246915000;11532958;0.86215;0.86227;0.86221;2;T;True;2
1621246916000;11532959;0.86215;0.86227;0.86221;0;T;True;2
1621246917000;11532960;0.86215;0.86227;0.86221;0;T;True;2
1621246918000;11532961;0.86215;0.86227;0.86221;0;T;True;2
1621246919000;11532962;0.86215;0.86227;0.86221;0;T;True;2
1621246920000;11532963;0.86215;0.86227;0.86221;0;T;True;2
1621246921000;11532964;0.86215;0.86227;0.86221;0;T;True;2
1621246922000;11532968;0.86216;0.86228;0.86222;3;T;True;2
1621246923000;11532969;0.86216;0.86228;0.86222;0;T;True;2
1621246924000;11532971;0.86215;0.86227;0.86221;1;T;True;2
1621246925000;11532973;0.86215;0.86227;0.86221;1;T;True;2
1621246926000;11532974;0.86215;0.86227;0.86221;0;T;True;2
1621246927000;11532978;0.86213;0.86225;0.86219;3;T;True;2
1621246928000;11532979;0.86213;0.86225;0.86219;0;T;True;2
1621246929000;11532980;0.86213;0.86225;0.86219;0;T;True;2
1621246930000;11532981;0.86213;0.86225;0.86219;0;T;True;2
1621246931000;11532982;0.86213;0.86225;0.86219;0;T;True;2
1621246932000;11532983;0.86213;0.86225;0.86219;0;T;True;2
1621246933000;11532984;0.86213;0.86225;0.86219;0;T;True;2
1621246934000;11532985;0.86213;0.86225;0.86219;0;T;True;2
1621246935000;11532986;0.86213;0.86225;0.86219;0;T;True;2
1621246936000;11532987;0.86213;0.86225;0.86219;0;T;True;2
1621246937000;11532988;0.86213;0.86225;0.86219;0;T;True;2
1621246938000;11532989;0.86213;0.86225;0.86219;0;T;True;2
1621246939000;11532991;0.86214;0.86226;0.8622;1;T;True;2
1621246940000;11532993;0.86213;0.86225;0.86219;1;T;True;2
1621246941000;11532994;0.86213;0.86225;0.86219;0;T;True;2
1621246942000;11532995;0.86213;0.86225;0.86219;0;T;True;2
1621246943000;11532996;0.86213;0.86225;0.86219;0;T;True;2
1621246944000;11532997;0.86213;0.86225;0.86219;0;T;True;2
1621246945000;11532998;0.86213;0.86225;0.86219;0;T;True;2
1621246946000;11532999;0.86213;0.86225;0.86219;0;T;True;2
1621246947000;11533002;0.86215;0.86227;0.86221;2;T;True;2
1621246948000;11533004;0.86214;0.86226;0.8622;1;T;True;2
1621246949000;11533005;0.86214;0.86226;0.8622;0;T;True;2
1621246950000;11533007;0.86215;0.86227;0.86221;1;T;True;2
1621246951000;11533008;0.86215;0.86227;0.86221;0;T;True;2
1621246952000;11533009;0.86215;0.86227;0.86221;0;T;True;2
1621246953000;11533010;0.86215;0.86227;0.86221;0;T;True;2
1621246954000;11533011;0.86215;0.86227;0.86221;0;T;True;2
1621246955000;11533012;0.86215;0.86227;0.86221;0;T;True;2
1621246956000;11533013;0.86215;0.86227;0.86221;0;T;True;2
1621246957000;11533014;0.86215;0.86227;0.86221;0;T;True;2
1621246958000;11533015;0.86215;0.86227;0.86221;0;T;True;2
1621246959000;11533016;0.86215;0.86227;0.86221;0;T;True;2
1621246960000;11533018;0.86213;0.86225;0.86219;1;T;True;2
1621246961000;11533019;0.86213;0.86225;0.86219;0;T;True;2
1621246962000;11533020;0.86213;0.86225;0.86219;0;T;True;2
1621246963000;11533021;0.86213;0.86225;0.86219;0;T;True;2
1621246964000;11533023;0.86213;0.86225;0.86219;1;T;True;2
1621246965000;11533024;0.86213;0.86225;0.86219;0;T;True;2
1621246966000;11533025;0.86213;0.86225;0.86219;0;T;True;2
1621246967000;11533027;0.86213;0.86225;0.86219;1;T;True;2
1621246968000;11533028;0.86213;0.86225;0.86219;0;T;True;2
1621246969000;11533029;0.86213;0.86225;0.86219;0;T;True;2
1621246970000;11533030;0.86213;0.86225;0.86219;0;T;True;2
1621246971000;11533031;0.86213;0.86225;0.86219;0;T;True;2
1621246972000;11533033;0.86213;0.86225;0.86219;1;T;True;2
1621246973000;11533034;0.86213;0.86225;0.86219;0;T;True;2
1621246974000;11533041;0.86221;0.86233;0.86227;6;T;True;2
1621246975000;11533042;0.86221;0.86233;0.86227;0;T;True;2
1621246976000;11533043;0.86221;0.86233;0.86227;0;T;True;2
1621246977000;11533045;0.86222;0.86234;0.86228;1;T;True;2
1621246978000;11533046;0.86222;0.86234;0.86228;0;T;True;2
1621246979000;11533049;0.86221;0.86233;0.86227;2;T;True;2
1621246980000;11533050;0.86221;0.86233;0.86227;0;T;True;2
1621246981000;11533054;0.86219;0.86231;0.86225;3;T;True;2
1621246982000;11533056;0.86219;0.86231;0.86225;1;T;True;2
1621246983000;11533057;0.86219;0.86231;0.86225;0;T;True;2
1621246984000;11533060;0.86217;0.86229;0.86223;2;T;True;2
1621246985000;11533061;0.86217;0.86229;0.86223;0;T;True;2
1621246986000;11533063;0.86217;0.86229;0.86223;1;T;True;2
1621246987000;11533064;0.86217;0.86229;0.86223;0;T;True;2
1621246988000;11533066;0.86217;0.86229;0.86223;1;T;True;2
1621246989000;11533067;0.86217;0.86229;0.86223;0;T;True;2
1621246990000;11533068;0.86217;0.86229;0.86223;0;T;True;2
1621246991000;11533069;0.86217;0.86229;0.86223;0;T;True;2
1621246992000;11533070;0.86217;0.86229;0.86223;0;T;True;2
1621246993000;11533071;0.86217;0.86229;0.86223;0;T;True;2
1621246994000;11533072;0.86217;0.86229;0.86223;0;T;True;2
1621246995000;11533073;0.86217;0.86229;0.86223;0;T;True;2
1621246996000;11533074;0.86217;0.86229;0.86223;0;T;True;2
1621246997000;11533075;0.86217;0.86229;0.86223;0;T;True;2
1621246998000;11533076;0.86217;0.86229;0.86223;0;T;True;2
1621246999000;11533077;0.86217;0.86229;0.86223;0;T;True;2
1621247000000;11533078;0.86217;0.86229;0.86223;0;T;True;2
1621247001000;11533079;0.86217;0.86229;0.86223;0;T;True;2
1621247002000;11533080;0.86217;0.86229;0.86223;0;T;True;2
1621247003000;11533081;0.86217;0.86229;0.86223;0;T;True;2
1621247004000;11533082;0.86217;0.86229;0.86223;0;T;True;2
1621247005000;11533083;0.86217;0.86229;0.86223;0;T;True;2
1621247006000;11533085;0.86218;0.8623;0.86224;1;T;True;2
1621247007000;11533086;0.86218;0.8623;0.86224;0;T;True;2
1621247008000;11533087;0.86218;0.8623;0.86224;0;T;True;2
1621247009000;11533088;0.86218;0.8623;0.86224;0;T;True;2
1621247010000;11533089;0.86218;0.8623;0.86224;0;T;True;2
1621247011000;11533090;0.86218;0.8623;0.86224;0;T;True;2
1621247012000;11533091;0.86218;0.8623;0.86224;0;T;True;2
1621247013000;11533092;0.86218;0.8623;0.86224;0;T;True;2
1621247014000;11533094;0.86218;0.8623;0.86224;1;T;True;2
1621247015000;11533095;0.86218;0.8623;0.86224;0;T;True;2
1621247016000;11533096;0.86218;0.8623;0.86224;0;T;True;2
1621247017000;11533097;0.86218;0.8623;0.86224;0;T;True;2
1621247018000;11533098;0.86218;0.8623;0.86224;0;T;True;2
1621247019000;11533099;0.86218;0.8623;0.86224;0;T;True;2
1621247020000;11533100;0.86218;0.8623;0.86224;0;T;True;2
1621247021000;11533101;0.86218;0.8623;0.86224;0;T;True;2
1621247022000;11533102;0.86218;0.8623;0.86224;0;T;True;2
1621247023000;11533103;0.86218;0.8623;0.86224;0;T;True;2
1621247024000;11533104;0.86218;0.8623;0.86224;0;T;True;2
1621247025000;11533105;0.86218;0.8623;0.86224;0;T;True;2
1621247026000;11533106;0.86218;0.8623;0.86224;0;T;True;2
1621247027000;11533107;0.86218;0.8623;0.86224;0;T;True;2
1621247028000;11533108;0.86218;0.8623;0.86224;0;T;True;2
1621247029000;11533109;0.86218;0.8623;0.86224;0;T;True;2
1621247030000;11533110;0.86218;0.8623;0.86224;0;T;True;2
1621247031000;11533111;0.86218;0.8623;0.86224;0;T;True;2
1621247032000;11533112;0.86218;0.8623;0.86224;0;T;True;2
1621247033000;11533113;0.86218;0.8623;0.86224;0;T;True;2
1621247034000;11533114;0.86218;0.8623;0.86224;0;T;True;2
1621247035000;11533115;0.86218;0.8623;0.86224;0;T;True;2
1621247036000;11533117;0.86216;0.86228;0.86222;1;T;True;2
1621247037000;11533119;0.86215;0.86227;0.86221;1;T;True;2
1621247038000;11533121;0.86215;0.86227;0.86221;1;T;True;2
1621247039000;11533122;0.86215;0.86227;0.86221;0;T;True;2
1621247040000;11533123;0.86215;0.86227;0.86221;0;T;True;2
1621247041000;11533124;0.86215;0.86227;0.86221;0;T;True;2
1621247042000;11533131;0.86219;0.86231;0.86225;6;T;True;2
1621247043000;11533133;0.86219;0.86231;0.86225;1;T;True;2
1621247044000;11533135;0.86219;0.86231;0.86225;1;T;True;2
1621247045000;11533136;0.86219;0.86231;0.86225;0;T;True;2
1621247046000;11533137;0.86219;0.86231;0.86225;0;T;True;2
1621247047000;11533138;0.86219;0.86231;0.86225;0;T;True;2
1621247048000;11533139;0.86219;0.86231;0.86225;0;T;True;2
1621247049000;11533140;0.86219;0.86231;0.86225;0;T;True;2
1621247050000;11533142;0.86219;0.86231;0.86225;1;T;True;2
1621247051000;11533143;0.86219;0.86231;0.86225;0;T;True;2
1621247052000;11533147;0.86217;0.86229;0.86223;3;T;True;2
1621247053000;11533149;0.86217;0.86229;0.86223;1;T;True;2
1621247054000;11533150;0.86217;0.86229;0.86223;0;T;True;2
1621247055000;11533154;0.86216;0.86228;0.86222;3;T;True;2
1621247056000;11533155;0.86216;0.86228;0.86222;0;T;True;2
1621247057000;11533159;0.86215;0.86227;0.86221;3;T;True;2
1621247058000;11533160;0.86215;0.86227;0.86221;0;T;True;2
1621247059000;11533161;0.86215;0.86227;0.86221;0;T;True;2
1621247060000;11533165;0.86217;0.86229;0.86223;3;T;True;2
1621247061000;11533166;0.86217;0.86229;0.86223;0;T;True;2
1621247062000;11533172;0.86218;0.8623;0.86224;5;T;True;2
1621247063000;11533173;0.86218;0.8623;0.86224;0;T;True;2
1621247064000;11533174;0.86218;0.8623;0.86224;0;T;True;2
1621247065000;11533175;0.86218;0.8623;0.86224;0;T;True;2
1621247066000;11533177;0.86219;0.86231;0.86225;1;T;True;2
1621247067000;11533178;0.86219;0.86231;0.86225;0;T;True;2
1621247068000;11533179;0.86219;0.86231;0.86225;0;T;True;2
1621247069000;11533180;0.86219;0.86231;0.86225;0;T;True;2
1621247070000;11533181;0.86219;0.86231;0.86225;0;T;True;2
1621247071000;11533183;0.86218;0.8623;0.86224;1;T;True;2
1621247072000;11533190;0.86221;0.86233;0.86227;6;T;True;2
1621247073000;11533191;0.86221;0.86233;0.86227;0;T;True;2
1621247074000;11533193;0.8622;0.86232;0.86226;1;T;True;2
1621247075000;11533195;0.86221;0.86233;0.86227;1;T;True;2
1621247076000;11533197;0.8622;0.86232;0.86226;1;T;True;2
1621247077000;11533198;0.8622;0.86232;0.86226;0;T;True;2
1621247078000;11533200;0.8622;0.86232;0.86226;1;T;True;2
1621247079000;11533202;0.86221;0.86233;0.86227;1;T;True;2
1621247080000;11533203;0.86221;0.86233;0.86227;0;T;True;2
1621247081000;11533204;0.86221;0.86233;0.86227;0;T;True;2
1621247082000;11533206;0.86221;0.86233;0.86227;1;T;True;2
1621247083000;11533208;0.86222;0.86234;0.86228;1;T;True;2
1621247084000;11533209;0.86222;0.86234;0.86228;0;T;True;2
1621247085000;11533210;0.86222;0.86234;0.86228;0;T;True;2
1621247086000;11533213;0.86224;0.86236;0.8623;2;T;True;2
1621247087000;11533214;0.86224;0.86236;0.8623;0;T;True;2
1621247088000;11533215;0.86224;0.86236;0.8623;0;T;True;2
1621247089000;11533216;0.86224;0.86236;0.8623;0;T;True;2
1621247090000;11533217;0.86224;0.86236;0.8623;0;T;True;2
1621247091000;11533218;0.86224;0.86236;0.8623;0;T;True;2
1621247092000;11533219;0.86224;0.86236;0.8623;0;T;True;2
1621247093000;11533221;0.86223;0.86235;0.86229;1;T;True;2
1621247094000;11533222;0.86223;0.86235;0.86229;0;T;True;2
1621247095000;11533223;0.86223;0.86235;0.86229;0;T;True;2
1621247096000;11533224;0.86223;0.86235;0.86229;0;T;True;2
1621247097000;11533225;0.86223;0.86235;0.86229;0;T;True;2
1621247098000;11533227;0.86224;0.86236;0.8623;1;T;True;2
1621247099000;11533231;0.86221;0.86233;0.86227;3;T;True;2
1621247100000;11533232;0.86221;0.86233;0.86227;0;T;True;2
1621247101000;11533233;0.86221;0.86233;0.86227;0;T;True;2
1621247102000;11533234;0.86221;0.86233;0.86227;0;T;True;2
1621247103000;11533235;0.86221;0.86233;0.86227;0;T;True;2
1621247104000;11533236;0.86221;0.86233;0.86227;0;T;True;2
1621247105000;11533238;0.8622;0.86232;0.86226;1;T;True;2
1621247106000;11533239;0.8622;0.86232;0.86226;0;T;True;2
1621247107000;11533240;0.8622;0.86232;0.86226;0;T;True;2
1621247108000;11533243;0.86218;0.8623;0.86224;2;T;True;2
1621247109000;11533244;0.86218;0.8623;0.86224;0;T;True;2
1621247110000;11533245;0.86218;0.8623;0.86224;0;T;True;2
1621247111000;11533246;0.86218;0.8623;0.86224;0;T;True;2
1621247112000;11533247;0.86218;0.8623;0.86224;0;T;True;2
1621247113000;11533248;0.86218;0.8623;0.86224;0;T;True;2
1621247114000;11533249;0.86218;0.8623;0.86224;0;T;True;2
1621247115000;11533250;0.86218;0.8623;0.86224;0;T;True;2
1621247116000;11533251;0.86218;0.8623;0.86224;0;T;True;2
1621247117000;11533252;0.86218;0.8623;0.86224;0;T;True;2
1621247118000;11533253;0.86218;0.8623;0.86224;0;T;True;2
1621247119000;11533256;0.86215;0.86227;0.86221;2;T;True;2
1621247120000;11533258;0.86214;0.86226;0.8622;1;T;True;2
1621247121000;11533259;0.86214;0.86226;0.8622;0;T;True;2
1621247122000;11533260;0.86214;0.86226;0.8622;0;T;True;2
1621247123000;11533261;0.86214;0.86226;0.8622;0;T;True;2
1621247124000;11533262;0.86214;0.86226;0.8622;0;T;True;2
1621247125000;11533264;0.86213;0.86225;0.86219;1;T;True;2
1621247126000;11533265;0.86213;0.86225;0.86219;0;T;True;2
1621247127000;11533268;0.8621;0.86222;0.86216;2;T;True;2
1621247128000;11533270;0.8621;0.86222;0.86216;1;T;True;2
1621247129000;11533271;0.8621;0.86222;0.86216;0;T;True;2
1621247130000;11533272;0.8621;0.86222;0.86216;0;T;True;2
1621247131000;11533273;0.8621;0.86222;0.86216;0;T;True;2
1621247132000;11533274;0.8621;0.86222;0.86216;0;T;True;2
1621247133000;11533275;0.8621;0.86222;0.86216;0;T;True;2
1621247134000;11533276;0.8621;0.86222;0.86216;0;T;True;2
1621247135000;11533277;0.8621;0.86222;0.86216;0;T;True;2
1621247136000;11533278;0.8621;0.86222;0.86216;0;T;True;2
1621247137000;11533280;0.8621;0.86222;0.86216;1;T;True;2
1621247138000;11533283;0.8621;0.86222;0.86216;2;T;True;2
1621247139000;11533285;0.8621;0.86222;0.86216;1;T;True;2
1621247140000;11533286;0.8621;0.86222;0.86216;0;T;True;2
1621247141000;11533287;0.8621;0.86222;0.86216;0;T;True;2
1621247142000;11533288;0.8621;0.86222;0.86216;0;T;True;2
1621247143000;11533294;0.86209;0.86221;0.86215;5;T;True;2
1621247144000;11533295;0.86209;0.86221;0.86215;0;T;True;2
1621247145000;11533298;0.86207;0.86219;0.86213;2;T;True;2
1621247146000;11533300;0.86207;0.86219;0.86213;1;T;True;2
1621247147000;11533301;0.86207;0.86219;0.86213;0;T;True;2
1621247148000;11533302;0.86207;0.86219;0.86213;0;T;True;2
1621247149000;11533303;0.86207;0.86219;0.86213;0;T;True;2
1621247150000;11533308;0.86205;0.86217;0.86211;4;T;True;2
1621247151000;11533310;0.86203;0.86215;0.86209;1;T;True;2
1621247152000;11533311;0.86203;0.86215;0.86209;0;T;True;2
1621247153000;11533313;0.86203;0.86215;0.86209;1;T;True;2
1621247154000;11533314;0.86203;0.86215;0.86209;0;T;True;2
1621247155000;11533315;0.86203;0.86215;0.86209;0;T;True;2
1621247156000;11533316;0.86203;0.86215;0.86209;0;T;True;2
1621247157000;11533318;0.86202;0.86214;0.86208;1;T;True;2
1621247158000;11533320;0.86201;0.86213;0.86207;1;T;True;2
1621247159000;11533321;0.86201;0.86213;0.86207;0;T;True;2
1621247160000;11533322;0.86201;0.86213;0.86207;0;T;True;2
1621247161000;11533323;0.86201;0.86213;0.86207;0;T;True;2
1621247162000;11533324;0.86201;0.86213;0.86207;0;T;True;2
1621247163000;11533325;0.86201;0.86213;0.86207;0;T;True;2
1621247164000;11533326;0.86201;0.86213;0.86207;0;T;True;2
1621247165000;11533327;0.86201;0.86213;0.86207;0;T;True;2
1621247166000;11533328;0.86201;0.86213;0.86207;0;T;True;2
1621247167000;11533329;0.86201;0.86213;0.86207;0;T;True;2
1621247168000;11533330;0.86201;0.86213;0.86207;0;T;True;2
1621247169000;11533334;0.86201;0.86213;0.86207;3;T;True;2
1621247170000;11533340;0.86203;0.86215;0.86209;5;T;True;2
1621247171000;11533342;0.86202;0.86214;0.86208;1;T;True;2
1621247172000;11533344;0.86202;0.86214;0.86208;1;T;True;2
1621247173000;11533346;0.86202;0.86214;0.86208;1;T;True;2
1621247174000;11533348;0.86202;0.86214;0.86208;1;T;True;2
1621247175000;11533349;0.86202;0.86214;0.86208;0;T;True;2
1621247176000;11533350;0.86202;0.86214;0.86208;0;T;True;2
1621247177000;11533352;0.86203;0.86215;0.86209;1;T;True;2
1621247178000;11533353;0.86203;0.86215;0.86209;0;T;True;2
1621247179000;11533355;0.86204;0.86216;0.8621;1;T;True;2
1621247180000;11533357;0.86204;0.86216;0.8621;1;T;True;2
1621247181000;11533358;0.86204;0.86216;0.8621;0;T;True;2
1621247182000;11533359;0.86204;0.86216;0.8621;0;T;True;2
1621247183000;11533363;0.86201;0.86213;0.86207;3;T;True;2
1621247184000;11533370;0.86203;0.86215;0.86209;6;T;True;2
1621247185000;11533374;0.86203;0.86215;0.86209;3;T;True;2
1621247186000;11533378;0.86205;0.86217;0.86211;3;T;True;2
1621247187000;11533380;0.86205;0.86217;0.86211;1;T;True;2
1621247188000;11533381;0.86205;0.86217;0.86211;0;T;True;2
1621247189000;11533383;0.86206;0.86218;0.86212;1;T;True;2
