ts;n;bid;ask;value;volume;phase;round;active_id
1621229262000;11499288;0.86102;0.86114;0.86108;0;T;True;2
1621229263000;11499289;0.86102;0.86114;0.86108;0;T;True;2
1621229264000;11499290;0.86102;0.86114;0.86108;0;T;True;2
1621229265000;11499291;0.86102;0.86114;0.86108;0;T;True;2
1621229266000;11499292;0.86102;0.86114;0.86108;0;T;True;2
1621229267000;11499293;0.86102;0.86114;0.86108;0;T;True;2
1621229268000;11499294;0.86102;0.86114;0.86108;0;T;True;2
1621229269000;11499295;0.86102;0.86114;0.86108;0;T;True;2
1621229270000;11499297;0.86101;0.86113;0.86107;1;T;True;2
1621229271000;11499298;0.86101;0.86113;0.86107;0;T;True;2
1621229272000;11499299;0.86101;0.86113;0.86107;0;T;True;2
1621229273000;11499300;0.86101;0.86113;0.86107;0;T;True;2
1621229274000;11499301;0.86101;0.86113;0.86107;0;T;True;2
1621229275000;11499302;0.86101;0.86113;0.86107;0;T;True;2
1621229276000;11499303;0.86101;0.86113;0.86107;0;T;True;2
1621229277000;11499304;0.86101;0.86113;0.86107;0;T;True;2
1621229278000;11499305;0.86101;0.86113;0.86107;0;T;True;2
1621229279000;11499307;0.86102;0.86114;0.86108;1;T;True;2
1621229280000;11499308;0.86102;0.86114;0.86108;0;T;True;2
1621229281000;11499309;0.86102;0.86114;0.86108;0;T;True;2
1621229282000;11499310;0.86102;0.86114;0.86108;0;T;True;2
1621229283000;11499312;0.86101;0.86113;0.86107;1;T;True;2
1621229284000;11499317;0.86098;0.8611;0.86104;4;T;True;2
1621229285000;11499318;0.86098;0.8611;0.86104;0;T;True;2
1621229286000;11499319;0.86098;0.8611;0.86104;0;T;True;2
1621229287000;11499320;0.86098;0.8611;0.86104;0;T;True;2
1621229288000;11499321;0.86098;0.8611;0.86104;0;T;True;2
1621229289000;11499322;0.86098;0.8611;0.86104;0;T;True;2
1621229290000;11499327;0.86098;0.8611;0.86104;4;T;True;2
1621229291000;11499329;0.86099;0.86111;0.86105;1;T;True;2
1621229292000;11499334;0.86101;0.86113;0.86107;4;T;True;2
1621229293000;11499336;0.86101;0.86113;0.86107;1;T;True;2
1621229294000;11499337;0.86101;0.86113;0.86107;0;T;True;2
1621229295000;11499340;0.86101;0.86113;0.86107;2;T;True;2
1621229296000;11499341;0.86101;0.86113;0.86107;0;T;True;2
1621229297000;11499342;0.86101;0.86113;0.86107;0;T;True;2
1621229298000;11499343;0.86101;0.86113;0.86107;0;T;True;2
1621229299000;11499344;0.86101;0.86113;0.86107;0;T;True;2
1621229300000;11499345;0.86101;0.86113;0.86107;0;T;True;2
1621229301000;11499346;0.86101;0.86113;0.86107;0;T;True;2
1621229302000;11499347;0.86101;0.86113;0.86107;0;T;True;2
1621229303000;11499349;0.861;0.86112;0.86106;1;T;True;2
1621229304000;11499350;0.861;0.86112;0.86106;0;T;True;2
1621229305000;11499351;0.861;0.86112;0.86106;0;T;True;2
1621229306000;11499352;0.861;0.86112;0.86106;0;T;True;2
1621229307000;11499353;0.861;0.86112;0.86106;0;T;True;2
1621229308000;11499354;0.861;0.86112;0.86106;0;T;True;2
1621229309000;11499355;0.861;0.86112;0.86106;0;T;True;2
1621229310000;11499356;0.861;0.86112;0.86106;0;T;True;2
1621229311000;11499357;0.861;0.86112;0.86106;0;T;True;2
1621229312000;11499358;0.861;0.86112;0.86106;0;T;True;2
1621229313000;11499359;0.861;0.86112;0.86106;0;T;True;2
1621229314000;11499361;0.861;0.86112;0.86106;1;T;True;2
1621229315000;11499363;0.861;0.86112;0.86106;1;T;True;2
1621229316000;11499364;0.861;0.86112;0.86106;0;T;True;2
1621229317000;11499366;0.86101;0.86113;0.86107;1;T;True;2
1621229318000;11499367;0.86101;0.86113;0.86107;0;T;True;2
1621229319000;11499368;0.86101;0.86113;0.86107;0;T;True;2
1621229320000;11499369;0.86101;0.86113;0.86107;0;T;True;2
1621229321000;11499370;0.86101;0.86113;0.86107;0;T;True;2
1621229322000;11499371;0.86101;0.86113;0.86107;0;T;True;2
1621229323000;11499372;0.86101;0.86113;0.86107;0;T;True;2
1621229324000;11499373;0.86101;0.86113;0.86107;0;T;True;2
1621229325000;11499374;0.86101;0.86113;0.86107;0;T;True;2
1621229326000;11499375;0.86101;0.86113;0.86107;0;T;True;2
1621229327000;11499376;0.86101;0.86113;0.86107;0;T;True;2
1621229328000;11499377;0.86101;0.86113;0.86107;0;T;True;2
1621229329000;11499378;0.86101;0.86113;0.86107;0;T;True;2
1621229330000;11499379;0.86101;0.86113;0.86107;0;T;True;2
1621229331000;11499380;0.86101;0.86113;0.86107;0;T;True;2
1621229332000;11499381;0.86101;0.86113;0.86107;0;T;True;2
1621229333000;11499382;0.86101;0.86113;0.86107;0;T;True;2
1621229334000;11499383;0.86101;0.86113;0.86107;0;T;True;2
1621229335000;11499385;0.86101;0.86113;0.86107;1;T;True;2
1621229336000;11499386;0.86101;0.86113;0.86107;0;T;True;2
1621229337000;11499387;0.86101;0.86113;0.86107;0;T;True;2
1621229338000;11499388;0.86101;0.86113;0.86107;0;T;True;2
1621229339000;11499389;0.86101;0.86113;0.86107;0;T;True;2
1621229340000;11499390;0.86101;0.86113;0.86107;0;T;True;2
1621229341000;11499391;0.86101;0.86113;0.86107;0;T;True;2
1621229342000;11499392;0.86101;0.86113;0.86107;0;T;True;2
1621229343000;11499393;0.86101;0.86113;0.86107;0;T;True;2
1621229344000;11499395;0.86101;0.86113;0.86107;1;T;True;2
1621229345000;11499396;0.86101;0.86113;0.86107;0;T;True;2
1621229346000;11499397;0.86101;0.86113;0.86107;0;T;True;2
1621229347000;11499400;0.86101;0.86113;0.86107;2;T;True;2
1621229348000;11499401;0.86101;0.86113;0.86107;0;T;True;2
1621229349000;11499402;0.86101;0.86113;0.86107;0;T;True;2
1621229350000;11499403;0.86101;0.86113;0.86107;0;T;True;2
1621229351000;11499404;0.86101;0.86113;0.86107;0;T;True;2
1621229352000;11499405;0.86101;0.86113;0.86107;0;T;True;2
1621229353000;11499406;0.86101;0.86113;0.86107;0;T;True;2
1621229354000;11499407;0.86101;0.86113;0.86107;0;T;True;2
1621229355000;11499408;0.86101;0.86113;0.86107;0;T;True;2
1621229356000;11499409;0.86101;0.86113;0.86107;0;T;True;2
1621229357000;11499410;0.86101;0.86113;0.86107;0;T;True;2
1621229358000;11499413;0.861;0.86112;0.86106;2;T;True;2
1621229359000;11499414;0.861;0.86112;0.86106;0;T;True;2
1621229360000;11499416;0.861;0.86112;0.86106;1;T;True;2
1621229361000;11499418;0.86101;0.86113;0.86107;1;T;True;2
1621229362000;11499419;0.86101;0.86113;0.86107;0;T;True;2
1621229363000;11499420;0.86101;0.86113;0.86107;0;T;True;2
1621229364000;11499421;0.86101;0.86113;0.86107;0;T;True;2
1621229365000;11499423;0.86101;0.86113;0.86107;1;T;True;2
1621229366000;11499425;0.861;0.86112;0.86106;1;T;True;2
1621229367000;11499426;0.861;0.86112;0.86106;0;T;True;2
1621229368000;11499427;0.861;0.86112;0.86106;0;T;True;2
1621229369000;11499428;0.861;0.86112;0.86106;0;T;True;2
1621229370000;11499429;0.861;0.86112;0.86106;0;T;True;2
1621229371000;11499430;0.861;0.86112;0.86106;0;T;True;2
1621229372000;11499431;0.861;0.86112;0.86106;0;T;True;2
1621229373000;11499432;0.861;0.86112;0.86106;0;T;True;2
1621229374000;11499433;0.861;0.86112;0.86106;0;T;True;2
1621229375000;11499434;0.861;0.86112;0.86106;0;T;True;2
1621229376000;11499435;0.861;0.86112;0.86106;0;T;True;2
1621229377000;11499436;0.861;0.86112;0.86106;0;T;True;2
1621229378000;11499437;0.861;0.86112;0.86106;0;T;True;2
1621229379000;11499438;0.861;0.86112;0.86106;0;T;True;2
1621229380000;11499439;0.861;0.86112;0.86106;0;T;True;2
1621229381000;11499440;0.861;0.86112;0.86106;0;T;True;2
1621229382000;11499441;0.861;0.86112;0.86106;0;T;True;2
1621229383000;11499442;0.861;0.86112;0.86106;0;T;True;2
1621229384000;11499444;0.86099;0.86111;0.86105;1;T;True;2
1621229385000;11499445;0.86099;0.86111;0.86105;0;T;True;2
1621229386000;11499446;0.86099;0.86111;0.86105;0;T;True;2
1621229387000;11499447;0.86099;0.86111;0.86105;0;T;True;2
1621229388000;11499448;0.86099;0.86111;0.86105;0;T;True;2
1621229389000;11499449;0.86099;0.86111;0.86105;0;T;True;2
1621229390000;11499450;0.86099;0.86111;0.86105;0;T;True;2
1621229391000;11499451;0.86099;0.86111;0.86105;0;T;True;2
1621229392000;11499452;0.86099;0.86111;0.86105;0;T;True;2
1621229393000;11499453;0.86099;0.86111;0.86105;0;T;True;2
1621229394000;11499454;0.86099;0.86111;0.86105;0;T;True;2
1621229395000;11499455;0.86099;0.86111;0.86105;0;T;True;2
1621229396000;11499456;0.86099;0.86111;0.86105;0;T;True;2
1621229397000;11499457;0.86099;0.86111;0.86105;0;T;True;2
1621229398000;11499458;0.86099;0.86111;0.86105;0;T;True;2
1621229399000;11499460;0.86101;0.86113;0.86107;1;T;True;2
1621229400000;11499461;0.86101;0.86113;0.86107;0;T;True;2
1621229401000;11499463;0.861;0.86112;0.86106;1;T;True;2
1621229402000;11499466;0.861;0.86112;0.86106;2;T;True;2
1621229403000;11499467;0.861;0.86112;0.86106;0;T;True;2
1621229404000;11499469;0.861;0.86112;0.86106;1;T;True;2
1621229405000;11499471;0.86101;0.86113;0.86107;1;T;True;2
1621229406000;11499473;0.861;0.86112;0.86106;1;T;True;2
1621229407000;11499476;0.86099;0.86111;0.86105;2;T;True;2
1621229408000;11499478;0.861;0.86112;0.86106;1;T;True;2
1621229409000;11499479;0.861;0.86112;0.86106;0;T;True;2
1621229410000;11499480;0.861;0.86112;0.86106;0;T;True;2
1621229411000;11499481;0.861;0.86112;0.86106;0;T;True;2
1621229412000;11499482;0.861;0.86112;0.86106;0;T;True;2
1621229413000;11499484;0.86099;0.86111;0.86105;1;T;True;2
1621229414000;11499486;0.861;0.86112;0.86106;1;T;True;2
1621229415000;11499487;0.861;0.86112;0.86106;0;T;True;2
1621229416000;11499488;0.861;0.86112;0.86106;0;T;True;2
1621229417000;11499489;0.861;0.86112;0.86106;0;T;True;2
1621229418000;11499490;0.861;0.86112;0.86106;0;T;True;2
1621229419000;11499492;0.861;0.86112;0.86106;1;T;True;2
1621229420000;11499493;0.861;0.86112;0.86106;0;T;True;2
1621229421000;11499495;0.861;0.86112;0.86106;1;T;True;2
1621229422000;11499496;0.861;0.86112;0.86106;0;T;True;2
1621229423000;11499498;0.861;0.86112;0.86106;1;T;True;2
1621229424000;11499499;0.861;0.86112;0.86106;0;T;True;2
1621229425000;11499500;0.861;0.86112;0.86106;0;T;True;2
1621229426000;11499501;0.861;0.86112;0.86106;0;T;True;2
1621229427000;11499502;0.861;0.86112;0.86106;0;T;True;2
1621229428000;11499503;0.861;0.86112;0.86106;0;T;True;2
1621229429000;11499505;0.861;0.86112;0.86106;1;T;True;2
1621229430000;11499506;0.861;0.86112;0.86106;0;T;True;2
1621229431000;11499509;0.861;0.86112;0.86106;2;T;True;2
1621229432000;11499511;0.861;0.86112;0.86106;1;T;True;2
1621229433000;11499512;0.861;0.86112;0.86106;0;T;True;2
1621229434000;11499514;0.86101;0.86113;0.86107;1;T;True;2
1621229435000;11499515;0.86101;0.86113;0.86107;0;T;True;2
1621229436000;11499516;0.86101;0.86113;0.86107;0;T;True;2
1621229437000;11499517;0.86101;0.86113;0.86107;0;T;True;2
1621229438000;11499518;0.86101;0.86113;0.86107;0;T;True;2
1621229439000;11499519;0.86101;0.86113;0.86107;0;T;True;2
1621229440000;11499520;0.86101;0.86113;0.86107;0;T;True;2
1621229441000;11499521;0.86101;0.86113;0.86107;0;T;True;2
1621229442000;11499522;0.86101;0.86113;0.86107;0;T;True;2
1621229443000;11499529;0.86105;0.86117;0.86111;6;T;True;2
1621229444000;11499530;0.86105;0.86117;0.86111;0;T;True;2
1621229445000;11499531;0.86105;0.86117;0.86111;0;T;True;2
1621229446000;11499533;0.86105;0.86117;0.86111;1;T;True;2
1621229447000;11499534;0.86105;0.86117;0.86111;0;T;True;2
1621229448000;11499537;0.86105;0.86117;0.86111;2;T;True;2
1621229449000;11499538;0.86105;0.86117;0.86111;0;T;True;2
1621229450000;11499542;0.86103;0.86115;0.86109;3;T;True;2
1621229451000;11499546;0.86101;0.86113;0.86107;3;T;True;2
1621229452000;11499547;0.86101;0.86113;0.86107;0;T;True;2
1621229453000;11499548;0.86101;0.86113;0.86107;0;T;True;2
1621229454000;11499549;0.86101;0.86113;0.86107;0;T;True;2
1621229455000;11499550;0.86101;0.86113;0.86107;0;T;True;2
1621229456000;11499551;0.86101;0.86113;0.86107;0;T;True;2
1621229457000;11499552;0.86101;0.86113;0.86107;0;T;True;2
1621229458000;11499553;0.86101;0.86113;0.86107;0;T;True;2
1621229459000;11499554;0.86101;0.86113;0.86107;0;T;True;2
1621229460000;11499555;0.86101;0.86113;0.86107;0;T;True;2
1621229461000;11499556;0.86101;0.86113;0.86107;0;T;True;2
1621229462000;11499557;0.86101;0.86113;0.86107;0;T;True;2
1621229463000;11499558;0.86101;0.86113;0.86107;0;T;True;2
1621229464000;11499559;0.86101;0.86113;0.86107;0;T;True;2
1621229465000;11499560;0.86101;0.86113;0.86107;0;T;True;2
1621229466000;11499561;0.86101;0.86113;0.86107;0;T;True;2
1621229467000;11499562;0.86101;0.86113;0.86107;0;T;True;2
1621229468000;11499563;0.86101;0.86113;0.86107;0;T;True;2
1621229469000;11499564;0.86101;0.86113;0.86107;0;T;True;2
1621229470000;11499565;0.86101;0.86113;0.86107;0;T;True;2
1621229471000;11499566;0.86101;0.86113;0.86107;0;T;True;2
1621229472000;11499567;0.86101;0.86113;0.86107;0;T;True;2
1621229473000;11499568;0.86101;0.86113;0.86107;0;T;True;2
1621229474000;11499569;0.86101;0.86113;0.86107;0;T;True;2
1621229475000;11499570;0.86101;0.86113;0.86107;0;T;True;2
1621229476000;11499571;0.86101;0.86113;0.86107;0;T;True;2
1621229477000;11499572;0.86101;0.86113;0.86107;0;T;True;2
1621229478000;11499573;0.86101;0.86113;0.86107;0;T;True;2
1621229479000;11499574;0.86101;0.86113;0.86107;0;T;True;2
1621229480000;11499575;0.86101;0.86113;0.86107;0;T;True;2
1621229481000;11499576;0.86101;0.86113;0.86107;0;T;True;2
1621229482000;11499577;0.86101;0.86113;0.86107;0;T;True;2
1621229483000;11499578;0.86101;0.86113;0.86107;0;T;True;2
1621229484000;11499579;0.86101;0.86113;0.86107;0;T;True;2
1621229485000;11499580;0.86101;0.86113;0.86107;0;T;True;2
1621229486000;11499581;0.86101;0.86113;0.86107;0;T;True;2
1621229487000;11499582;0.86101;0.86113;0.86107;0;T;True;2
1621229488000;11499583;0.86101;0.86113;0.86107;0;T;True;2
1621229489000;11499586;0.86102;0.86114;0.86108;2;T;True;2
1621229490000;11499587;0.86102;0.86114;0.86108;0;T;True;2
1621229491000;11499588;0.86102;0.86114;0.86108;0;T;True;2
1621229492000;11499589;0.86102;0.86114;0.86108;0;T;True;2
1621229493000;11499590;0.86102;0.86114;0.86108;0;T;True;2
1621229494000;11499591;0.86102;0.86114;0.86108;0;T;True;2
1621229495000;11499594;0.861;0.86112;0.86106;2;T;True;2
1621229496000;11499595;0.861;0.86112;0.86106;0;T;True;2
1621229497000;11499596;0.861;0.86112;0.86106;0;T;True;2
1621229498000;11499597;0.861;0.86112;0.86106;0;T;True;2
1621229499000;11499598;0.861;0.86112;0.86106;0;T;True;2
1621229500000;11499599;0.861;0.86112;0.86106;0;T;True;2
1621229501000;11499600;0.861;0.86112;0.86106;0;T;True;2
1621229502000;11499601;0.861;0.86112;0.86106;0;T;True;2
1621229503000;11499602;0.861;0.86112;0.86106;0;T;True;2
1621229504000;11499604;0.86099;0.86111;0.86105;1;T;True;2
1621229505000;11499605;0.86099;0.86111;0.86105;0;T;True;2
1621229506000;11499609;0.86101;0.86113;0.86107;3;T;True;2
1621229507000;11499611;0.86101;0.86113;0.86107;1;T;True;2
1621229508000;11499613;0.86101;0.86113;0.86107;1;T;True;2
1621229509000;11499614;0.86101;0.86113;0.86107;0;T;True;2
1621229510000;11499615;0.86101;0.86113;0.86107;0;T;True;2
1621229511000;11499620;0.86101;0.86113;0.86107;4;T;True;2
1621229512000;11499621;0.86101;0.86113;0.86107;0;T;True;2
1621229513000;11499625;0.86099;0.86111;0.86105;3;T;True;2
1621229514000;11499626;0.86099;0.86111;0.86105;0;T;True;2
1621229515000;11499627;0.86099;0.86111;0.86105;0;T;True;2
1621229516000;11499628;0.86099;0.86111;0.86105;0;T;True;2
1621229517000;11499629;0.86099;0.86111;0.86105;0;T;True;2
1621229518000;11499630;0.86099;0.86111;0.86105;0;T;True;2
1621229519000;11499631;0.86099;0.86111;0.86105;0;T;True;2
1621229520000;11499632;0.86099;0.86111;0.86105;0;T;True;2
1621229521000;11499634;0.86099;0.86111;0.86105;1;T;True;2
1621229522000;11499635;0.86099;0.86111;0.86105;0;T;True;2
1621229523000;11499636;0.86099;0.86111;0.86105;0;T;True;2
1621229524000;11499638;0.861;0.86112;0.86106;1;T;True;2
1621229525000;11499639;0.861;0.86112;0.86106;0;T;True;2
1621229526000;11499640;0.861;0.86112;0.86106;0;T;True;2
1621229527000;11499641;0.861;0.86112;0.86106;0;T;True;2
1621229528000;11499642;0.861;0.86112;0.86106;0;T;True;2
1621229529000;11499643;0.861;0.86112;0.86106;0;T;True;2
1621229530000;11499644;0.861;0.86112;0.86106;0;T;True;2
1621229531000;11499645;0.861;0.86112;0.86106;0;T;True;2
1621229532000;11499646;0.861;0.86112;0.86106;0;T;True;2
1621229533000;11499647;0.861;0.86112;0.86106;0;T;True;2
1621229534000;11499648;0.861;0.86112;0.86106;0;T;True;2
1621229535000;11499649;0.861;0.86112;0.86106;0;T;True;2
1621229536000;11499650;0.861;0.86112;0.86106;0;T;True;2
1621229537000;11499651;0.861;0.86112;0.86106;0;T;True;2
1621229538000;11499652;0.861;0.86112;0.86106;0;T;True;2
1621229539000;11499653;0.861;0.86112;0.86106;0;T;True;2
1621229540000;11499654;0.861;0.86112;0.86106;0;T;True;2
1621229541000;11499655;0.861;0.86112;0.86106;0;T;True;2
1621229542000;11499656;0.861;0.86112;0.86106;0;T;True;2
1621229543000;11499657;0.861;0.86112;0.86106;0;T;True;2
1621229544000;11499658;0.861;0.86112;0.86106;0;T;True;2
1621229545000;11499659;0.861;0.86112;0.86106;0;T;True;2
1621229546000;11499660;0.861;0.86112;0.86106;0;T;True;2
1621229547000;11499661;0.861;0.86112;0.86106;0;T;True;2
1621229548000;11499662;0.861;0.86112;0.86106;0;T;True;2
1621229549000;11499663;0.861;0.86112;0.86106;0;T;True;2
1621229550000;11499671;0.86097;0.86109;0.86103;7;T;True;2
1621229551000;11499672;0.86097;0.86109;0.86103;0;T;True;2
1621229552000;11499674;0.86097;0.86109;0.86103;1;T;True;2
1621229553000;11499675;0.86097;0.86109;0.86103;0;T;True;2
1621229554000;11499676;0.86097;0.86109;0.86103;0;T;True;2
1621229555000;11499678;0.86097;0.86109;0.86103;1;T;True;2
1621229556000;11499679;0.86097;0.86109;0.86103;0;T;True;2
1621229557000;11499680;0.86097;0.86109;0.86103;0;T;True;2
1621229558000;11499681;0.86097;0.86109;0.86103;0;T;True;2
1621229559000;11499682;0.86097;0.86109;0.86103;0;T;True;2
1621229560000;11499683;0.86097;0.86109;0.86103;0;T;True;2
1621229561000;11499684;0.86097;0.86109;0.86103;0;T;True;2
1621229562000;11499685;0.86097;0.86109;0.86103;0;T;True;2
1621229563000;11499686;0.86097;0.86109;0.86103;0;T;True;2
1621229564000;11499688;0.86097;0.86109;0.86103;1;T;True;2
1621229565000;11499689;0.86097;0.86109;0.86103;0;T;True;2
1621229566000;11499690;0.86097;0.86109;0.86103;0;T;True;2
1621229567000;11499691;0.86097;0.86109;0.86103;0;T;True;2
1621229568000;11499693;0.86095;0.86107;0.86101;1;T;True;2
1621229569000;11499695;0.86095;0.86107;0.86101;1;T;True;2
1621229570000;11499696;0.86095;0.86107;0.86101;0;T;True;2
1621229571000;11499697;0.86095;0.86107;0.86101;0;T;True;2
1621229572000;11499698;0.86095;0.86107;0.86101;0;T;True;2
1621229573000;11499699;0.86095;0.86107;0.86101;0;T;True;2
1621229574000;11499701;0.86095;0.86107;0.86101;1;T;True;2
1621229575000;11499702;0.86095;0.86107;0.86101;0;T;True;2
1621229576000;11499703;0.86095;0.86107;0.86101;0;T;True;2
1621229577000;11499704;0.86095;0.86107;0.86101;0;T;True;2
1621229578000;11499705;0.86095;0.86107;0.86101;0;T;True;2
1621229579000;11499706;0.86095;0.86107;0.86101;0;T;True;2
1621229580000;11499707;0.86095;0.86107;0.86101;0;T;True;2
1621229581000;11499708;0.86095;0.86107;0.86101;0;T;True;2
1621229582000;11499709;0.86095;0.86107;0.86101;0;T;True;2
1621229583000;11499710;0.86095;0.86107;0.86101;0;T;True;2
1621229584000;11499711;0.86095;0.86107;0.86101;0;T;True;2
1621229585000;11499713;0.86095;0.86107;0.86101;1;T;True;2
1621229586000;11499714;0.86095;0.86107;0.86101;0;T;True;2
1621229587000;11499715;0.86095;0.86107;0.86101;0;T;True;2
1621229588000;11499716;0.86095;0.86107;0.86101;0;T;True;2
1621229589000;11499717;0.86095;0.86107;0.86101;0;T;True;2
1621229590000;11499718;0.86095;0.86107;0.86101;0;T;True;2
1621229591000;11499723;0.86099;0.86111;0.86105;4;T;True;2
1621229592000;11499724;0.86099;0.86111;0.86105;0;T;True;2
1621229593000;11499725;0.86099;0.86111;0.86105;0;T;True;2
1621229594000;11499726;0.86099;0.86111;0.86105;0;T;True;2
1621229595000;11499730;0.86097;0.86109;0.86103;3;T;True;2
1621229596000;11499731;0.86097;0.86109;0.86103;0;T;True;2
1621229597000;11499732;0.86097;0.86109;0.86103;0;T;True;2
1621229598000;11499734;0.86097;0.86109;0.86103;1;T;True;2
1621229599000;11499735;0.86097;0.86109;0.86103;0;T;True;2
1621229600000;11499736;0.86097;0.86109;0.86103;0;T;True;2
1621229601000;11499737;0.86097;0.86109;0.86103;0;T;True;2
1621229602000;11499738;0.86097;0.86109;0.86103;0;T;True;2
1621229603000;11499739;0.86097;0.86109;0.86103;0;T;True;2
1621229604000;11499740;0.86097;0.86109;0.86103;0;T;True;2
1621229605000;11499741;0.86097;0.86109;0.86103;0;T;True;2
1621229606000;11499742;0.86097;0.86109;0.86103;0;T;True;2
1621229607000;11499743;0.86097;0.86109;0.86103;0;T;True;2
1621229608000;11499744;0.86097;0.86109;0.86103;0;T;True;2
1621229609000;11499745;0.86097;0.86109;0.86103;0;T;True;2
1621229610000;11499747;0.86097;0.86109;0.86103;1;T;True;2
1621229611000;11499752;0.86099;0.86111;0.86105;4;T;True;2
1621229612000;11499753;0.86099;0.86111;0.86105;0;T;True;2
1621229613000;11499755;0.86101;0.86113;0.86107;1;T;True;2
1621229614000;11499756;0.86101;0.86113;0.86107;0;T;True;2
1621229615000;11499758;0.86101;0.86113;0.86107;1;T;True;2
1621229616000;11499763;0.86105;0.86117;0.86111;4;T;True;2
1621229617000;11499764;0.86105;0.86117;0.86111;0;T;True;2
1621229618000;11499765;0.86105;0.86117;0.86111;0;T;True;2
1621229619000;11499766;0.86105;0.86117;0.86111;0;T;True;2
1621229620000;11499767;0.86105;0.86117;0.86111;0;T;True;2
1621229621000;11499769;0.86105;0.86117;0.86111;1;T;True;2
1621229622000;11499770;0.86105;0.86117;0.86111;0;T;True;2
1621229623000;11499774;0.86102;0.86114;0.86108;3;T;True;2
1621229624000;11499777;0.86102;0.86114;0.86108;2;T;True;2
1621229625000;11499779;0.86101;0.86113;0.86107;1;T;True;2
1621229626000;11499780;0.86101;0.86113;0.86107;0;T;True;2
1621229627000;11499781;0.86101;0.86113;0.86107;0;T;True;2
1621229628000;11499782;0.86101;0.86113;0.86107;0;T;True;2
1621229629000;11499783;0.86101;0.86113;0.86107;0;T;True;2
1621229630000;11499785;0.86101;0.86113;0.86107;1;T;True;2
1621229631000;11499786;0.86101;0.86113;0.86107;0;T;True;2
1621229632000;11499787;0.86101;0.86113;0.86107;0;T;True;2
1621229633000;11499788;0.86101;0.86113;0.86107;0;T;True;2
1621229634000;11499789;0.86101;0.86113;0.86107;0;T;True;2
1621229635000;11499790;0.86101;0.86113;0.86107;0;T;True;2
1621229636000;11499791;0.86101;0.86113;0.86107;0;T;True;2
1621229637000;11499792;0.86101;0.86113;0.86107;0;T;True;2
1621229638000;11499793;0.86101;0.86113;0.86107;0;T;True;2
1621229639000;11499794;0.86101;0.86113;0.86107;0;T;True;2
1621229640000;11499795;0.86101;0.86113;0.86107;0;T;True;2
1621229641000;11499796;0.86101;0.86113;0.86107;0;T;True;2
1621229642000;11499797;0.86101;0.86113;0.86107;0;T;True;2
1621229643000;11499798;0.86101;0.86113;0.86107;0;T;True;2
1621229644000;11499799;0.86101;0.86113;0.86107;0;T;True;2
1621229645000;11499800;0.86101;0.86113;0.86107;0;T;True;2
1621229646000;11499801;0.86101;0.86113;0.86107;0;T;True;2
1621229647000;11499802;0.86101;0.86113;0.86107;0;T;True;2
1621229648000;11499803;0.86101;0.86113;0.86107;0;T;True;2
1621229649000;11499804;0.86101;0.86113;0.86107;0;T;True;2
1621229650000;11499806;0.861;0.86112;0.86106;1;T;True;2
1621229651000;11499807;0.861;0.86112;0.86106;0;T;True;2
1621229652000;11499808;0.861;0.86112;0.86106;0;T;True;2
1621229653000;11499810;0.86101;0.86113;0.86107;1;T;True;2
1621229654000;11499812;0.861;0.86112;0.86106;1;T;True;2
1621229655000;11499818;0.86103;0.86115;0.86109;5;T;True;2
1621229656000;11499819;0.86103;0.86115;0.86109;0;T;True;2
1621229657000;11499820;0.86103;0.86115;0.86109;0;T;True;2
1621229658000;11499821;0.86103;0.86115;0.86109;0;T;True;2
1621229659000;11499822;0.86103;0.86115;0.86109;0;T;True;2
1621229660000;11499823;0.86103;0.86115;0.86109;0;T;True;2
1621229661000;11499824;0.86103;0.86115;0.86109;0;T;True;2
1621229662000;11499825;0.86103;0.86115;0.86109;0;T;True;2
1621229663000;11499826;0.86103;0.86115;0.86109;0;T;True;2
1621229664000;11499830;0.86101;0.86113;0.86107;3;T;True;2
1621229665000;11499831;0.86101;0.86113;0.86107;0;T;True;2
1621229666000;11499833;0.86102;0.86114;0.86108;1;T;True;2
1621229667000;11499834;0.86102;0.86114;0.86108;0;T;True;2
1621229668000;11499835;0.86102;0.86114;0.86108;0;T;True;2
1621229669000;11499836;0.86102;0.86114;0.86108;0;T;True;2
1621229670000;11499837;0.86102;0.86114;0.86108;0;T;True;2
1621229671000;11499838;0.86102;0.86114;0.86108;0;T;True;2
1621229672000;11499839;0.86102;0.86114;0.86108;0;T;True;2
1621229673000;11499840;0.86102;0.86114;0.86108;0;T;True;2
1621229674000;11499841;0.86102;0.86114;0.86108;0;T;True;2
1621229675000;11499847;0.86105;0.86117;0.86111;5;T;True;2
1621229676000;11499849;0.86105;0.86117;0.86111;1;T;True;2
1621229677000;11499856;0.86109;0.86121;0.86115;6;T;True;2
1621229678000;11499857;0.86109;0.86121;0.86115;0;T;True;2
1621229679000;11499858;0.86109;0.86121;0.86115;0;T;True;2
1621229680000;11499859;0.86109;0.86121;0.86115;0;T;True;2
1621229681000;11499860;0.86109;0.86121;0.86115;0;T;True;2
1621229682000;11499862;0.86109;0.86121;0.86115;1;T;True;2
1621229683000;11499863;0.86109;0.86121;0.86115;0;T;True;2
1621229684000;11499864;0.86109;0.86121;0.86115;0;T;True;2
1621229685000;11499866;0.8611;0.86122;0.86116;1;T;True;2
1621229686000;11499868;0.86111;0.86123;0.86117;1;T;True;2
1621229687000;11499869;0.86111;0.86123;0.86117;0;T;True;2
1621229688000;11499871;0.86111;0.86123;0.86117;1;T;True;2
1621229689000;11499872;0.86111;0.86123;0.86117;0;T;True;2
1621229690000;11499873;0.86111;0.86123;0.86117;0;T;True;2
1621229691000;11499874;0.86111;0.86123;0.86117;0;T;True;2
1621229692000;11499875;0.86111;0.86123;0.86117;0;T;True;2
1621229693000;11499876;0.86111;0.86123;0.86117;0;T;True;2
1621229694000;11499877;0.86111;0.86123;0.86117;0;T;True;2
1621229695000;11499878;0.86111;0.86123;0.86117;0;T;True;2
1621229696000;11499879;0.86111;0.86123;0.86117;0;T;True;2
1621229697000;11499880;0.86111;0.86123;0.86117;0;T;True;2
1621229698000;11499881;0.86111;0.86123;0.86117;0;T;True;2
1621229699000;11499882;0.86111;0.86123;0.86117;0;T;True;2
1621229700000;11499883;0.86111;0.86123;0.86117;0;T;True;2
1621229701000;11499884;0.86111;0.86123;0.86117;0;T;True;2
1621229702000;11499885;0.86111;0.86123;0.86117;0;T;True;2
1621229703000;11499886;0.86111;0.86123;0.86117;0;T;True;2
1621229704000;11499887;0.86111;0.86123;0.86117;0;T;True;2
1621229705000;11499888;0.86111;0.86123;0.86117;0;T;True;2
1621229706000;11499889;0.86111;0.86123;0.86117;0;T;True;2
1621229707000;11499890;0.86111;0.86123;0.86117;0;T;True;2
1621229708000;11499891;0.86111;0.86123;0.86117;0;T;True;2
1621229709000;11499892;0.86111;0.86123;0.86117;0;T;True;2
1621229710000;11499893;0.86111;0.86123;0.86117;0;T;True;2
1621229711000;11499894;0.86111;0.86123;0.86117;0;T;True;2
1621229712000;11499895;0.86111;0.86123;0.86117;0;T;True;2
1621229713000;11499896;0.86111;0.86123;0.86117;0;T;True;2
1621229714000;11499897;0.86111;0.86123;0.86117;0;T;True;2
1621229715000;11499900;0.86113;0.86125;0.86119;2;T;True;2
1621229716000;11499905;0.86109;0.86121;0.86115;4;T;True;2
1621229717000;11499915;0.86115;0.86127;0.86121;9;T;True;2
1621229718000;11499918;0.86115;0.86127;0.86121;2;T;True;2
1621229719000;11499919;0.86115;0.86127;0.86121;0;T;True;2
1621229720000;11499920;0.86115;0.86127;0.86121;0;T;True;2
1621229721000;11499921;0.86115;0.86127;0.86121;0;T;True;2
1621229722000;11499922;0.86115;0.86127;0.86121;0;T;True;2
1621229723000;11499923;0.86115;0.86127;0.86121;0;T;True;2
1621229724000;11499924;0.86115;0.86127;0.86121;0;T;True;2
1621229725000;11499925;0.86115;0.86127;0.86121;0;T;True;2
1621229726000;11499930;0.86118;0.8613;0.86124;4;T;True;2
1621229727000;11499932;0.86116;0.86128;0.86122;1;T;True;2
1621229728000;11499934;0.86117;0.86129;0.86123;1;T;True;2
1621229729000;11499935;0.86117;0.86129;0.86123;0;T;True;2
1621229730000;11499936;0.86117;0.86129;0.86123;0;T;True;2
1621229731000;11499939;0.86117;0.86129;0.86123;2;T;True;2
1621229732000;11499941;0.86116;0.86128;0.86122;1;T;True;2
1621229733000;11499942;0.86116;0.86128;0.86122;0;T;True;2
1621229734000;11499945;0.86116;0.86128;0.86122;2;T;True;2
1621229735000;11499946;0.86116;0.86128;0.86122;0;T;True;2
1621229736000;11499947;0.86116;0.86128;0.86122;0;T;True;2
1621229737000;11499948;0.86116;0.86128;0.86122;0;T;True;2
1621229738000;11499949;0.86116;0.86128;0.86122;0;T;True;2
1621229739000;11499950;0.86116;0.86128;0.86122;0;T;True;2
1621229740000;11499951;0.86116;0.86128;0.86122;0;T;True;2
1621229741000;11499952;0.86116;0.86128;0.86122;0;T;True;2
1621229742000;11499953;0.86116;0.86128;0.86122;0;T;True;2
1621229743000;11499954;0.86116;0.86128;0.86122;0;T;True;2
1621229744000;11499955;0.86116;0.86128;0.86122;0;T;True;2
1621229745000;11499956;0.86116;0.86128;0.86122;0;T;True;2
1621229746000;11499961;0.86115;0.86127;0.86121;4;T;True;2
1621229747000;11499962;0.86115;0.86127;0.86121;0;T;True;2
1621229748000;11499963;0.86115;0.86127;0.86121;0;T;True;2
1621229749000;11499964;0.86115;0.86127;0.86121;0;T;True;2
1621229750000;11499966;0.86115;0.86127;0.86121;1;T;True;2
1621229751000;11499967;0.86115;0.86127;0.86121;0;T;True;2
1621229752000;11499968;0.86115;0.86127;0.86121;0;T;True;2
1621229753000;11499969;0.86115;0.86127;0.86121;0;T;True;2
1621229754000;11499970;0.86115;0.86127;0.86121;0;T;True;2
1621229755000;11499971;0.86115;0.86127;0.86121;0;T;True;2
1621229756000;11499972;0.86115;0.86127;0.86121;0;T;True;2
1621229757000;11499973;0.86115;0.86127;0.86121;0;T;True;2
1621229758000;11499975;0.86115;0.86127;0.86121;1;T;True;2
1621229759000;11499976;0.86115;0.86127;0.86121;0;T;True;2
1621229760000;11499977;0.86115;0.86127;0.86121;0;T;True;2
1621229761000;11499978;0.86115;0.86127;0.86121;0;T;True;2
1621229762000;11499979;0.86115;0.86127;0.86121;0;T;True;2
1621229763000;11499980;0.86115;0.86127;0.86121;0;T;True;2
1621229764000;11499981;0.86115;0.86127;0.86121;0;T;True;2
1621229765000;11499982;0.86115;0.86127;0.86121;0;T;True;2
1621229766000;11499985;0.86115;0.86127;0.86121;2;T;True;2
1621229767000;11499987;0.86115;0.86127;0.86121;1;T;True;2
1621229768000;11499991;0.86114;0.86126;0.8612;3;T;True;2
1621229769000;11499993;0.86115;0.86127;0.86121;1;T;True;2
1621229770000;11499996;0.86115;0.86127;0.86121;2;T;True;2
1621229771000;11499997;0.86115;0.86127;0.86121;0;T;True;2
1621229772000;11499998;0.86115;0.86127;0.86121;0;T;True;2
1621229773000;11499999;0.86115;0.86127;0.86121;0;T;True;2
1621229774000;11500001;0.86115;0.86127;0.86121;1;T;True;2
1621229775000;11500002;0.86115;0.86127;0.86121;0;T;True;2
1621229776000;11500003;0.86115;0.86127;0.86121;0;T;True;2
1621229777000;11500004;0.86115;0.86127;0.86121;0;T;True;2
1621229778000;11500005;0.86115;0.86127;0.86121;0;T;True;2
1621229779000;11500006;0.86115;0.86127;0.86121;0;T;True;2
1621229780000;11500007;0.86115;0.86127;0.86121;0;T;True;2
1621229781000;11500008;0.86115;0.86127;0.86121;0;T;True;2
1621229782000;11500009;0.86115;0.86127;0.86121;0;T;True;2
1621229783000;11500010;0.86115;0.86127;0.86121;0;T;True;2
1621229784000;11500011;0.86115;0.86127;0.86121;0;T;True;2
1621229785000;11500014;0.86117;0.86129;0.86123;2;T;True;2
1621229786000;11500018;0.86119;0.86131;0.86125;3;T;True;2
1621229787000;11500019;0.86119;0.86131;0.86125;0;T;True;2
1621229788000;11500021;0.86119;0.86131;0.86125;1;T;True;2
1621229789000;11500022;0.86119;0.86131;0.86125;0;T;True;2
1621229790000;11500024;0.86117;0.86129;0.86123;1;T;True;2
1621229791000;11500025;0.86117;0.86129;0.86123;0;T;True;2
1621229792000;11500027;0.86118;0.8613;0.86124;1;T;True;2
1621229793000;11500028;0.86118;0.8613;0.86124;0;T;True;2
1621229794000;11500029;0.86118;0.8613;0.86124;0;T;True;2
1621229795000;11500030;0.86118;0.8613;0.86124;0;T;True;2
1621229796000;11500031;0.86118;0.8613;0.86124;0;T;True;2
1621229797000;11500032;0.86118;0.8613;0.86124;0;T;True;2
1621229798000;11500034;0.86117;0.86129;0.86123;1;T;True;2
1621229799000;11500035;0.86117;0.86129;0.86123;0;T;True;2
1621229800000;11500036;0.86117;0.86129;0.86123;0;T;True;2
1621229801000;11500038;0.86118;0.8613;0.86124;1;T;True;2
1621229802000;11500041;0.86118;0.8613;0.86124;2;T;True;2
1621229803000;11500042;0.86118;0.8613;0.86124;0;T;True;2
1621229804000;11500043;0.86118;0.8613;0.86124;0;T;True;2
1621229805000;11500044;0.86118;0.8613;0.86124;0;T;True;2
1621229806000;11500047;0.86118;0.8613;0.86124;2;T;True;2
1621229807000;11500050;0.86118;0.8613;0.86124;2;T;True;2
1621229808000;11500051;0.86118;0.8613;0.86124;0;T;True;2
1621229809000;11500052;0.86118;0.8613;0.86124;0;T;True;2
1621229810000;11500053;0.86118;0.8613;0.86124;0;T;True;2
1621229811000;11500055;0.86119;0.86131;0.86125;1;T;True;2
1621229812000;11500057;0.86117;0.86129;0.86123;1;T;True;2
1621229813000;11500059;0.86116;0.86128;0.86122;1;T;True;2
1621229814000;11500061;0.86117;0.86129;0.86123;1;T;True;2
1621229815000;11500062;0.86117;0.86129;0.86123;0;T;True;2
1621229816000;11500063;0.86117;0.86129;0.86123;0;T;True;2
1621229817000;11500064;0.86117;0.86129;0.86123;0;T;True;2
1621229818000;11500065;0.86117;0.86129;0.86123;0;T;True;2
1621229819000;11500066;0.86117;0.86129;0.86123;0;T;True;2
1621229820000;11500069;0.86115;0.86127;0.86121;2;T;True;2
1621229821000;11500070;0.86115;0.86127;0.86121;0;T;True;2
1621229822000;11500071;0.86115;0.86127;0.86121;0;T;True;2
1621229823000;11500072;0.86115;0.86127;0.86121;0;T;True;2
1621229824000;11500073;0.86115;0.86127;0.86121;0;T;True;2
1621229825000;11500074;0.86115;0.86127;0.86121;0;T;True;2
1621229826000;11500075;0.86115;0.86127;0.86121;0;T;True;2
1621229827000;11500076;0.86115;0.86127;0.86121;0;T;True;2
1621229828000;11500077;0.86115;0.86127;0.86121;0;T;True;2
1621229829000;11500078;0.86115;0.86127;0.86121;0;T;True;2
1621229830000;11500079;0.86115;0.86127;0.86121;0;T;True;2
1621229831000;11500080;0.86115;0.86127;0.86121;0;T;True;2
1621229832000;11500081;0.86115;0.86127;0.86121;0;T;True;2
1621229833000;11500084;0.86112;0.86124;0.86118;2;T;True;2
1621229834000;11500086;0.86114;0.86126;0.8612;1;T;True;2
1621229835000;11500087;0.86114;0.86126;0.8612;0;T;True;2
1621229836000;11500088;0.86114;0.86126;0.8612;0;T;True;2
1621229837000;11500089;0.86114;0.86126;0.8612;0;T;True;2
1621229838000;11500090;0.86114;0.86126;0.8612;0;T;True;2
1621229839000;11500091;0.86114;0.86126;0.8612;0;T;True;2
1621229840000;11500093;0.86113;0.86125;0.86119;1;T;True;2
1621229841000;11500094;0.86113;0.86125;0.86119;0;T;True;2
1621229842000;11500095;0.86113;0.86125;0.86119;0;T;True;2
1621229843000;11500097;0.86112;0.86124;0.86118;1;T;True;2
1621229844000;11500098;0.86112;0.86124;0.86118;0;T;True;2
1621229845000;11500099;0.86112;0.86124;0.86118;0;T;True;2
1621229846000;11500100;0.86112;0.86124;0.86118;0;T;True;2
1621229847000;11500101;0.86112;0.86124;0.86118;0;T;True;2
1621229848000;11500102;0.86112;0.86124;0.86118;0;T;True;2
1621229849000;11500103;0.86112;0.86124;0.86118;0;T;True;2
1621229850000;11500104;0.86112;0.86124;0.86118;0;T;True;2
1621229851000;11500105;0.86112;0.86124;0.86118;0;T;True;2
1621229852000;11500109;0.86113;0.86125;0.86119;3;T;True;2
1621229853000;11500111;0.86112;0.86124;0.86118;1;T;True;2
1621229854000;11500114;0.86113;0.86125;0.86119;2;T;True;2
1621229855000;11500115;0.86113;0.86125;0.86119;0;T;True;2
1621229856000;11500116;0.86113;0.86125;0.86119;0;T;True;2
1621229857000;11500117;0.86113;0.86125;0.86119;0;T;True;2
1621229858000;11500118;0.86113;0.86125;0.86119;0;T;True;2
1621229859000;11500119;0.86113;0.86125;0.86119;0;T;True;2
1621229860000;11500123;0.86114;0.86126;0.8612;3;T;True;2
1621229861000;11500124;0.86114;0.86126;0.8612;0;T;True;2
1621229862000;11500126;0.86113;0.86125;0.86119;1;T;True;2
1621229863000;11500127;0.86113;0.86125;0.86119;0;T;True;2
1621229864000;11500130;0.86114;0.86126;0.8612;2;T;True;2
1621229865000;11500133;0.86113;0.86125;0.86119;2;T;True;2
1621229866000;11500134;0.86113;0.86125;0.86119;0;T;True;2
1621229867000;11500136;0.86113;0.86125;0.86119;1;T;True;2
1621229868000;11500137;0.86113;0.86125;0.86119;0;T;True;2
1621229869000;11500139;0.86111;0.86123;0.86117;1;T;True;2
1621229870000;11500140;0.86111;0.86123;0.86117;0;T;True;2
1621229871000;11500143;0.86113;0.86125;0.86119;2;T;True;2
1621229872000;11500146;0.86115;0.86127;0.86121;2;T;True;2
1621229873000;11500149;0.86115;0.86127;0.86121;2;T;True;2
1621229874000;11500152;0.86115;0.86127;0.86121;2;T;True;2
1621229875000;11500153;0.86115;0.86127;0.86121;0;T;True;2
1621229876000;11500154;0.86115;0.86127;0.86121;0;T;True;2
1621229877000;11500156;0.86115;0.86127;0.86121;1;T;True;2
1621229878000;11500157;0.86115;0.86127;0.86121;0;T;True;2
1621229879000;11500158;0.86115;0.86127;0.86121;0;T;True;2
1621229880000;11500160;0.86115;0.86127;0.86121;1;T;True;2
1621229881000;11500161;0.86115;0.86127;0.86121;0;T;True;2
1621229882000;11500162;0.86115;0.86127;0.86121;0;T;True;2
1621229883000;11500170;0.86116;0.86128;0.86122;7;T;True;2
1621229884000;11500172;0.86116;0.86128;0.86122;1;T;True;2
1621229885000;11500173;0.86116;0.86128;0.86122;0;T;True;2
1621229886000;11500175;0.86115;0.86127;0.86121;1;T;True;2
1621229887000;11500176;0.86115;0.86127;0.86121;0;T;True;2
1621229888000;11500178;0.86116;0.86128;0.86122;1;T;True;2
1621229889000;11500179;0.86116;0.86128;0.86122;0;T;True;2
1621229890000;11500180;0.86116;0.86128;0.86122;0;T;True;2
1621229891000;11500181;0.86116;0.86128;0.86122;0;T;True;2
1621229892000;11500183;0.86115;0.86127;0.86121;1;T;True;2
1621229893000;11500185;0.86116;0.86128;0.86122;1;T;True;2
1621229894000;11500187;0.86115;0.86127;0.86121;1;T;True;2
1621229895000;11500189;0.86116;0.86128;0.86122;1;T;True;2
1621229896000;11500190;0.86116;0.86128;0.86122;0;T;True;2
1621229897000;11500191;0.86116;0.86128;0.86122;0;T;True;2
1621229898000;11500195;0.86117;0.86129;0.86123;3;T;True;2
1621229899000;11500199;0.86119;0.86131;0.86125;3;T;True;2
1621229900000;11500200;0.86119;0.86131;0.86125;0;T;True;2
1621229901000;11500203;0.8612;0.86132;0.86126;2;T;True;2
1621229902000;11500204;0.8612;0.86132;0.86126;0;T;True;2
1621229903000;11500205;0.8612;0.86132;0.86126;0;T;True;2
1621229904000;11500206;0.8612;0.86132;0.86126;0;T;True;2
1621229905000;11500207;0.8612;0.86132;0.86126;0;T;True;2
1621229906000;11500208;0.8612;0.86132;0.86126;0;T;True;2
1621229907000;11500209;0.8612;0.86132;0.86126;0;T;True;2
1621229908000;11500210;0.8612;0.86132;0.86126;0;T;True;2
1621229909000;11500211;0.8612;0.86132;0.86126;0;T;True;2
1621229910000;11500212;0.8612;0.86132;0.86126;0;T;True;2
1621229911000;11500213;0.8612;0.86132;0.86126;0;T;True;2
1621229912000;11500215;0.8612;0.86132;0.86126;1;T;True;2
1621229913000;11500218;0.86118;0.8613;0.86124;2;T;True;2
1621229914000;11500220;0.86117;0.86129;0.86123;1;T;True;2
1621229915000;11500221;0.86117;0.86129;0.86123;0;T;True;2
1621229916000;11500222;0.86117;0.86129;0.86123;0;T;True;2
1621229917000;11500223;0.86117;0.86129;0.86123;0;T;True;2
1621229918000;11500224;0.86117;0.86129;0.86123;0;T;True;2
1621229919000;11500225;0.86117;0.86129;0.86123;0;T;True;2
1621229920000;11500229;0.86116;0.86128;0.86122;3;T;True;2
1621229921000;11500230;0.86116;0.86128;0.86122;0;T;True;2
1621229922000;11500231;0.86116;0.86128;0.86122;0;T;True;2
1621229923000;11500236;0.86115;0.86127;0.86121;4;T;True;2
1621229924000;11500237;0.86115;0.86127;0.86121;0;T;True;2
1621229925000;11500238;0.86115;0.86127;0.86121;0;T;True;2
1621229926000;11500240;0.86115;0.86127;0.86121;1;T;True;2
1621229927000;11500241;0.86115;0.86127;0.86121;0;T;True;2
1621229928000;11500242;0.86115;0.86127;0.86121;0;T;True;2
1621229929000;11500243;0.86115;0.86127;0.86121;0;T;True;2
1621229930000;11500248;0.86114;0.86126;0.8612;4;T;True;2
1621229931000;11500251;0.86113;0.86125;0.86119;2;T;True;2
1621229932000;11500252;0.86113;0.86125;0.86119;0;T;True;2
1621229933000;11500253;0.86113;0.86125;0.86119;0;T;True;2
1621229934000;11500254;0.86113;0.86125;0.86119;0;T;True;2
1621229935000;11500256;0.86113;0.86125;0.86119;1;T;True;2
1621229936000;11500257;0.86113;0.86125;0.86119;0;T;True;2
1621229937000;11500258;0.86113;0.86125;0.86119;0;T;True;2
1621229938000;11500259;0.86113;0.86125;0.86119;0;T;True;2
1621229939000;11500260;0.86113;0.86125;0.86119;0;T;True;2
1621229940000;11500261;0.86113;0.86125;0.86119;0;T;True;2
1621229941000;11500262;0.86113;0.86125;0.86119;0;T;True;2
1621229942000;11500264;0.86111;0.86123;0.86117;1;T;True;2
1621229943000;11500265;0.86111;0.86123;0.86117;0;T;True;2
1621229944000;11500266;0.86111;0.86123;0.86117;0;T;True;2
1621229945000;11500267;0.86111;0.86123;0.86117;0;T;True;2
1621229946000;11500269;0.86112;0.86124;0.86118;1;T;True;2
1621229947000;11500270;0.86112;0.86124;0.86118;0;T;True;2
1621229948000;11500271;0.86112;0.86124;0.86118;0;T;True;2
1621229949000;11500272;0.86112;0.86124;0.86118;0;T;True;2
1621229950000;11500273;0.86112;0.86124;0.86118;0;T;True;2
1621229951000;11500275;0.86112;0.86124;0.86118;1;T;True;2
1621229952000;11500276;0.86112;0.86124;0.86118;0;T;True;2
1621229953000;11500277;0.86112;0.86124;0.86118;0;T;True;2
1621229954000;11500278;0.86112;0.86124;0.86118;0;T;True;2
1621229955000;11500279;0.86112;0.86124;0.86118;0;T;True;2
1621229956000;11500280;0.86112;0.86124;0.86118;0;T;True;2
1621229957000;11500281;0.86112;0.86124;0.86118;0;T;True;2
1621229958000;11500285;0.86112;0.86124;0.86118;3;T;True;2
1621229959000;11500286;0.86112;0.86124;0.86118;0;T;True;2
1621229960000;11500287;0.86112;0.86124;0.86118;0;T;True;2
1621229961000;11500289;0.86111;0.86123;0.86117;1;T;True;2
1621229962000;11500291;0.86112;0.86124;0.86118;1;T;True;2
1621229963000;11500292;0.86112;0.86124;0.86118;0;T;True;2
1621229964000;11500295;0.86112;0.86124;0.86118;2;T;True;2
1621229965000;11500297;0.86112;0.86124;0.86118;1;T;True;2
1621229966000;11500298;0.86112;0.86124;0.86118;0;T;True;2
1621229967000;11500299;0.86112;0.86124;0.86118;0;T;True;2
1621229968000;11500300;0.86112;0.86124;0.86118;0;T;True;2
1621229969000;11500301;0.86112;0.86124;0.86118;0;T;True;2
1621229970000;11500302;0.86112;0.86124;0.86118;0;T;True;2
1621229971000;11500303;0.86112;0.86124;0.86118;0;T;True;2
1621229972000;11500304;0.86112;0.86124;0.86118;0;T;True;2
1621229973000;11500305;0.86112;0.86124;0.86118;0;T;True;2
1621229974000;11500306;0.86112;0.86124;0.86118;0;T;True;2
1621229975000;11500307;0.86112;0.86124;0.86118;0;T;True;2
1621229976000;11500308;0.86112;0.86124;0.86118;0;T;True;2
1621229977000;11500309;0.86112;0.86124;0.86118;0;T;True;2
1621229978000;11500310;0.86112;0.86124;0.86118;0;T;True;2
1621229979000;11500312;0.86111;0.86123;0.86117;1;T;True;2
1621229980000;11500315;0.86111;0.86123;0.86117;2;T;True;2
1621229981000;11500316;0.86111;0.86123;0.86117;0;T;True;2
1621229982000;11500317;0.86111;0.86123;0.86117;0;T;True;2
1621229983000;11500318;0.86111;0.86123;0.86117;0;T;True;2
1621229984000;11500319;0.86111;0.86123;0.86117;0;T;True;2
1621229985000;11500320;0.86111;0.86123;0.86117;0;T;True;2
1621229986000;11500322;0.86111;0.86123;0.86117;1;T;True;2
1621229987000;11500323;0.86111;0.86123;0.86117;0;T;True;2
1621229988000;11500324;0.86111;0.86123;0.86117;0;T;True;2
1621229989000;11500325;0.86111;0.86123;0.86117;0;T;True;2
1621229990000;11500326;0.86111;0.86123;0.86117;0;T;True;2
1621229991000;11500327;0.86111;0.86123;0.86117;0;T;True;2
1621229992000;11500328;0.86111;0.86123;0.86117;0;T;True;2
1621229993000;11500329;0.86111;0.86123;0.86117;0;T;True;2
1621229994000;11500330;0.86111;0.86123;0.86117;0;T;True;2
1621229995000;11500331;0.86111;0.86123;0.86117;0;T;True;2
1621229996000;11500332;0.86111;0.86123;0.86117;0;T;True;2
1621229997000;11500335;0.8611;0.86122;0.86116;2;T;True;2
1621229998000;11500336;0.8611;0.86122;0.86116;0;T;True;2
1621229999000;11500340;0.8611;0.86122;0.86116;3;T;True;2
1621230000000;11500341;0.8611;0.86122;0.86116;0;T;True;2
1621230001000;11500344;0.8611;0.86122;0.86116;2;T;True;2
1621230002000;11500347;0.8611;0.86122;0.86116;2;T;True;2
1621230003000;11500350;0.86111;0.86123;0.86117;2;T;True;2
1621230004000;11500352;0.86111;0.86123;0.86117;1;T;True;2
1621230005000;11500358;0.86111;0.86123;0.86117;5;T;True;2
1621230006000;11500360;0.86111;0.86123;0.86117;1;T;True;2
1621230007000;11500363;0.86111;0.86123;0.86117;2;T;True;2
1621230008000;11500364;0.86111;0.86123;0.86117;0;T;True;2
1621230009000;11500366;0.86112;0.86124;0.86118;1;T;True;2
1621230010000;11500367;0.86112;0.86124;0.86118;0;T;True;2
1621230011000;11500368;0.86112;0.86124;0.86118;0;T;True;2
1621230012000;11500372;0.86111;0.86123;0.86117;3;T;True;2
1621230013000;11500377;0.86111;0.86123;0.86117;4;T;True;2
1621230014000;11500381;0.86111;0.86123;0.86117;3;T;True;2
1621230015000;11500383;0.86111;0.86123;0.86117;1;T;True;2
1621230016000;11500384;0.86111;0.86123;0.86117;0;T;True;2
1621230017000;11500387;0.86111;0.86123;0.86117;2;T;True;2
1621230018000;11500389;0.86111;0.86123;0.86117;1;T;True;2
1621230019000;11500390;0.86111;0.86123;0.86117;0;T;True;2
1621230020000;11500391;0.86111;0.86123;0.86117;0;T;True;2
1621230021000;11500392;0.86111;0.86123;0.86117;0;T;True;2
1621230022000;11500393;0.86111;0.86123;0.86117;0;T;True;2
1621230023000;11500394;0.86111;0.86123;0.86117;0;T;True;2
1621230024000;11500395;0.86111;0.86123;0.86117;0;T;True;2
1621230025000;11500396;0.86111;0.86123;0.86117;0;T;True;2
1621230026000;11500397;0.86111;0.86123;0.86117;0;T;True;2
1621230027000;11500398;0.86111;0.86123;0.86117;0;T;True;2
1621230028000;11500399;0.86111;0.86123;0.86117;0;T;True;2
1621230029000;11500400;0.86111;0.86123;0.86117;0;T;True;2
1621230030000;11500401;0.86111;0.86123;0.86117;0;T;True;2
1621230031000;11500402;0.86111;0.86123;0.86117;0;T;True;2
1621230032000;11500404;0.8611;0.86122;0.86116;1;T;True;2
1621230033000;11500405;0.8611;0.86122;0.86116;0;T;True;2
1621230034000;11500406;0.8611;0.86122;0.86116;0;T;True;2
1621230035000;11500407;0.8611;0.86122;0.86116;0;T;True;2
1621230036000;11500408;0.8611;0.86122;0.86116;0;T;True;2
1621230037000;11500409;0.8611;0.86122;0.86116;0;T;True;2
1621230038000;11500410;0.8611;0.86122;0.86116;0;T;True;2
1621230039000;11500411;0.8611;0.86122;0.86116;0;T;True;2
1621230040000;11500412;0.8611;0.86122;0.86116;0;T;True;2
1621230041000;11500413;0.8611;0.86122;0.86116;0;T;True;2
1621230042000;11500415;0.86111;0.86123;0.86117;1;T;True;2
1621230043000;11500416;0.86111;0.86123;0.86117;0;T;True;2
1621230044000;11500418;0.86111;0.86123;0.86117;1;T;True;2
1621230045000;11500419;0.86111;0.86123;0.86117;0;T;True;2
1621230046000;11500420;0.86111;0.86123;0.86117;0;T;True;2
1621230047000;11500421;0.86111;0.86123;0.86117;0;T;True;2
1621230048000;11500422;0.86111;0.86123;0.86117;0;T;True;2
1621230049000;11500423;0.86111;0.86123;0.86117;0;T;True;2
1621230050000;11500424;0.86111;0.86123;0.86117;0;T;True;2
1621230051000;11500425;0.86111;0.86123;0.86117;0;T;True;2
1621230052000;11500426;0.86111;0.86123;0.86117;0;T;True;2
1621230053000;11500427;0.86111;0.86123;0.86117;0;T;True;2
1621230054000;11500429;0.86111;0.86123;0.86117;1;T;True;2
1621230055000;11500430;0.86111;0.86123;0.86117;0;T;True;2
1621230056000;11500431;0.86111;0.86123;0.86117;0;T;True;2
1621230057000;11500432;0.86111;0.86123;0.86117;0;T;True;2
1621230058000;11500433;0.86111;0.86123;0.86117;0;T;True;2
1621230059000;11500434;0.86111;0.86123;0.86117;0;T;True;2
1621230060000;11500435;0.86111;0.86123;0.86117;0;T;True;2
1621230061000;11500436;0.86111;0.86123;0.86117;0;T;True;2
1621230062000;11500437;0.86111;0.86123;0.86117;0;T;True;2
1621230063000;11500438;0.86111;0.86123;0.86117;0;T;True;2
1621230064000;11500443;0.86108;0.8612;0.86114;4;T;True;2
1621230065000;11500444;0.86108;0.8612;0.86114;0;T;True;2
1621230066000;11500445;0.86108;0.8612;0.86114;0;T;True;2
1621230067000;11500447;0.86109;0.86121;0.86115;1;T;True;2
1621230068000;11500448;0.86109;0.86121;0.86115;0;T;True;2
1621230069000;11500449;0.86109;0.86121;0.86115;0;T;True;2
1621230070000;11500451;0.86109;0.86121;0.86115;1;T;True;2
1621230071000;11500453;0.86108;0.8612;0.86114;1;T;True;2
1621230072000;11500454;0.86108;0.8612;0.86114;0;T;True;2
1621230073000;11500457;0.86109;0.86121;0.86115;2;T;True;2
1621230074000;11500459;0.8611;0.86122;0.86116;1;T;True;2
1621230075000;11500462;0.86109;0.86121;0.86115;2;T;True;2
1621230076000;11500463;0.86109;0.86121;0.86115;0;T;True;2
1621230077000;11500465;0.86108;0.8612;0.86114;1;T;True;2
1621230078000;11500466;0.86108;0.8612;0.86114;0;T;True;2
1621230079000;11500467;0.86108;0.8612;0.86114;0;T;True;2
1621230080000;11500469;0.86109;0.86121;0.86115;1;T;True;2
1621230081000;11500471;0.8611;0.86122;0.86116;1;T;True;2
1621230082000;11500472;0.8611;0.86122;0.86116;0;T;True;2
1621230083000;11500473;0.8611;0.86122;0.86116;0;T;True;2
1621230084000;11500474;0.8611;0.86122;0.86116;0;T;True;2
1621230085000;11500475;0.8611;0.86122;0.86116;0;T;True;2
1621230086000;11500477;0.86109;0.86121;0.86115;1;T;True;2
1621230087000;11500478;0.86109;0.86121;0.86115;0;T;True;2
1621230088000;11500480;0.86107;0.86119;0.86113;1;T;True;2
1621230089000;11500483;0.86107;0.86119;0.86113;2;T;True;2
1621230090000;11500484;0.86107;0.86119;0.86113;0;T;True;2
1621230091000;11500485;0.86107;0.86119;0.86113;0;T;True;2
1621230092000;11500486;0.86107;0.86119;0.86113;0;T;True;2
1621230093000;11500487;0.86107;0.86119;0.86113;0;T;True;2
1621230094000;11500488;0.86107;0.86119;0.86113;0;T;True;2
1621230095000;11500489;0.86107;0.86119;0.86113;0;T;True;2
1621230096000;11500490;0.86107;0.86119;0.86113;0;T;True;2
1621230097000;11500491;0.86107;0.86119;0.86113;0;T;True;2
1621230098000;11500492;0.86107;0.86119;0.86113;0;T;True;2
1621230099000;11500493;0.86107;0.86119;0.86113;0;T;True;2
1621230100000;11500494;0.86107;0.86119;0.86113;0;T;True;2
1621230101000;11500495;0.86107;0.86119;0.86113;0;T;True;2
1621230102000;11500496;0.86107;0.86119;0.86113;0;T;True;2
1621230103000;11500497;0.86107;0.86119;0.86113;0;T;True;2
1621230104000;11500498;0.86107;0.86119;0.86113;0;T;True;2
1621230105000;11500499;0.86107;0.86119;0.86113;0;T;True;2
1621230106000;11500500;0.86107;0.86119;0.86113;0;T;True;2
1621230107000;11500501;0.86107;0.86119;0.86113;0;T;True;2
1621230108000;11500502;0.86107;0.86119;0.86113;0;T;True;2
1621230109000;11500503;0.86107;0.86119;0.86113;0;T;True;2
1621230110000;11500504;0.86107;0.86119;0.86113;0;T;True;2
1621230111000;11500505;0.86107;0.86119;0.86113;0;T;True;2
1621230112000;11500508;0.86105;0.86117;0.86111;2;T;True;2
1621230113000;11500512;0.86105;0.86117;0.86111;3;T;True;2
1621230114000;11500513;0.86105;0.86117;0.86111;0;T;True;2
1621230115000;11500514;0.86105;0.86117;0.86111;0;T;True;2
1621230116000;11500515;0.86105;0.86117;0.86111;0;T;True;2
1621230117000;11500518;0.86105;0.86117;0.86111;2;T;True;2
1621230118000;11500519;0.86105;0.86117;0.86111;0;T;True;2
1621230119000;11500520;0.86105;0.86117;0.86111;0;T;True;2
1621230120000;11500521;0.86105;0.86117;0.86111;0;T;True;2
1621230121000;11500522;0.86105;0.86117;0.86111;0;T;True;2
1621230122000;11500524;0.86107;0.86119;0.86113;1;T;True;2
1621230123000;11500525;0.86107;0.86119;0.86113;0;T;True;2
1621230124000;11500526;0.86107;0.86119;0.86113;0;T;True;2
1621230125000;11500527;0.86107;0.86119;0.86113;0;T;True;2
1621230126000;11500528;0.86107;0.86119;0.86113;0;T;True;2
1621230127000;11500529;0.86107;0.86119;0.86113;0;T;True;2
1621230128000;11500530;0.86107;0.86119;0.86113;0;T;True;2
1621230129000;11500531;0.86107;0.86119;0.86113;0;T;True;2
1621230130000;11500532;0.86107;0.86119;0.86113;0;T;True;2
1621230131000;11500533;0.86107;0.86119;0.86113;0;T;True;2
1621230132000;11500534;0.86107;0.86119;0.86113;0;T;True;2
1621230133000;11500535;0.86107;0.86119;0.86113;0;T;True;2
1621230134000;11500536;0.86107;0.86119;0.86113;0;T;True;2
1621230135000;11500537;0.86107;0.86119;0.86113;0;T;True;2
1621230136000;11500538;0.86107;0.86119;0.86113;0;T;True;2
1621230137000;11500539;0.86107;0.86119;0.86113;0;T;True;2
1621230138000;11500540;0.86107;0.86119;0.86113;0;T;True;2
1621230139000;11500541;0.86107;0.86119;0.86113;0;T;True;2
1621230140000;11500543;0.86105;0.86117;0.86111;1;T;True;2
1621230141000;11500544;0.86105;0.86117;0.86111;0;T;True;2
1621230142000;11500545;0.86105;0.86117;0.86111;0;T;True;2
1621230143000;11500546;0.86105;0.86117;0.86111;0;T;True;2
1621230144000;11500551;0.86107;0.86119;0.86113;4;T;True;2
1621230145000;11500552;0.86107;0.86119;0.86113;0;T;True;2
1621230146000;11500553;0.86107;0.86119;0.86113;0;T;True;2
1621230147000;11500555;0.86108;0.8612;0.86114;1;T;True;2
1621230148000;11500556;0.86108;0.8612;0.86114;0;T;True;2
1621230149000;11500557;0.86108;0.8612;0.86114;0;T;True;2
1621230150000;11500560;0.86109;0.86121;0.86115;2;T;True;2
1621230151000;11500562;0.8611;0.86122;0.86116;1;T;True;2
1621230152000;11500563;0.8611;0.86122;0.86116;0;T;True;2
1621230153000;11500564;0.8611;0.86122;0.86116;0;T;True;2
1621230154000;11500565;0.8611;0.86122;0.86116;0;T;True;2
1621230155000;11500566;0.8611;0.86122;0.86116;0;T;True;2
1621230156000;11500568;0.86109;0.86121;0.86115;1;T;True;2
1621230157000;11500569;0.86109;0.86121;0.86115;0;T;True;2
1621230158000;11500570;0.86109;0.86121;0.86115;0;T;True;2
1621230159000;11500572;0.86111;0.86123;0.86117;1;T;True;2
1621230160000;11500573;0.86111;0.86123;0.86117;0;T;True;2
1621230161000;11500574;0.86111;0.86123;0.86117;0;T;True;2
1621230162000;11500575;0.86111;0.86123;0.86117;0;T;True;2
1621230163000;11500576;0.86111;0.86123;0.86117;0;T;True;2
1621230164000;11500577;0.86111;0.86123;0.86117;0;T;True;2
1621230165000;11500578;0.86111;0.86123;0.86117;0;T;True;2
1621230166000;11500579;0.86111;0.86123;0.86117;0;T;True;2
1621230167000;11500580;0.86111;0.86123;0.86117;0;T;True;2
1621230168000;11500581;0.86111;0.86123;0.86117;0;T;True;2
1621230169000;11500582;0.86111;0.86123;0.86117;0;T;True;2
1621230170000;11500583;0.86111;0.86123;0.86117;0;T;True;2
1621230171000;11500584;0.86111;0.86123;0.86117;0;T;True;2
1621230172000;11500585;0.86111;0.86123;0.86117;0;T;True;2
1621230173000;11500586;0.86111;0.86123;0.86117;0;T;True;2
1621230174000;11500587;0.86111;0.86123;0.86117;0;T;True;2
1621230175000;11500588;0.86111;0.86123;0.86117;0;T;True;2
1621230176000;11500589;0.86111;0.86123;0.86117;0;T;True;2
1621230177000;11500590;0.86111;0.86123;0.86117;0;T;True;2
1621230178000;11500591;0.86111;0.86123;0.86117;0;T;True;2
1621230179000;11500592;0.86111;0.86123;0.86117;0;T;True;2
1621230180000;11500593;0.86111;0.86123;0.86117;0;T;True;2
1621230181000;11500594;0.86111;0.86123;0.86117;0;T;True;2
1621230182000;11500595;0.86111;0.86123;0.86117;0;T;True;2
1621230183000;11500596;0.86111;0.86123;0.86117;0;T;True;2
1621230184000;11500597;0.86111;0.86123;0.86117;0;T;True;2
1621230185000;11500598;0.86111;0.86123;0.86117;0;T;True;2
1621230186000;11500603;0.86107;0.86119;0.86113;4;T;True;2
1621230187000;11500605;0.86107;0.86119;0.86113;1;T;True;2
1621230188000;11500606;0.86107;0.86119;0.86113;0;T;True;2
1621230189000;11500607;0.86107;0.86119;0.86113;0;T;True;2
1621230190000;11500608;0.86107;0.86119;0.86113;0;T;True;2
1621230191000;11500609;0.86107;0.86119;0.86113;0;T;True;2
1621230192000;11500610;0.86107;0.86119;0.86113;0;T;True;2
1621230193000;11500612;0.86107;0.86119;0.86113;1;T;True;2
1621230194000;11500613;0.86107;0.86119;0.86113;0;T;True;2
1621230195000;11500614;0.86107;0.86119;0.86113;0;T;True;2
1621230196000;11500615;0.86107;0.86119;0.86113;0;T;True;2
1621230197000;11500616;0.86107;0.86119;0.86113;0;T;True;2
1621230198000;11500617;0.86107;0.86119;0.86113;0;T;True;2
1621230199000;11500618;0.86107;0.86119;0.86113;0;T;True;2
1621230200000;11500619;0.86107;0.86119;0.86113;0;T;True;2
1621230201000;11500620;0.86107;0.86119;0.86113;0;T;True;2
1621230202000;11500621;0.86107;0.86119;0.86113;0;T;True;2
1621230203000;11500623;0.86106;0.86118;0.86112;1;T;True;2
1621230204000;11500625;0.86107;0.86119;0.86113;1;T;True;2
1621230205000;11500626;0.86107;0.86119;0.86113;0;T;True;2
1621230206000;11500627;0.86107;0.86119;0.86113;0;T;True;2
1621230207000;11500628;0.86107;0.86119;0.86113;0;T;True;2
1621230208000;11500629;0.86107;0.86119;0.86113;0;T;True;2
1621230209000;11500630;0.86107;0.86119;0.86113;0;T;True;2
1621230210000;11500631;0.86107;0.86119;0.86113;0;T;True;2
1621230211000;11500632;0.86107;0.86119;0.86113;0;T;True;2
1621230212000;11500633;0.86107;0.86119;0.86113;0;T;True;2
1621230213000;11500634;0.86107;0.86119;0.86113;0;T;True;2
1621230214000;11500635;0.86107;0.86119;0.86113;0;T;True;2
1621230215000;11500636;0.86107;0.86119;0.86113;0;T;True;2
1621230216000;11500637;0.86107;0.86119;0.86113;0;T;True;2
1621230217000;11500638;0.86107;0.86119;0.86113;0;T;True;2
1621230218000;11500639;0.86107;0.86119;0.86113;0;T;True;2
1621230219000;11500641;0.86106;0.86118;0.86112;1;T;True;2
1621230220000;11500642;0.86106;0.86118;0.86112;0;T;True;2
1621230221000;11500643;0.86106;0.86118;0.86112;0;T;True;2
1621230222000;11500644;0.86106;0.86118;0.86112;0;T;True;2
1621230223000;11500645;0.86106;0.86118;0.86112;0;T;True;2
1621230224000;11500646;0.86106;0.86118;0.86112;0;T;True;2
1621230225000;11500648;0.86106;0.86118;0.86112;1;T;True;2
1621230226000;11500649;0.86106;0.86118;0.86112;0;T;True;2
1621230227000;11500650;0.86106;0.86118;0.86112;0;T;True;2
1621230228000;11500651;0.86106;0.86118;0.86112;0;T;True;2
1621230229000;11500652;0.86106;0.86118;0.86112;0;T;True;2
1621230230000;11500653;0.86106;0.86118;0.86112;0;T;True;2
1621230231000;11500654;0.86106;0.86118;0.86112;0;T;True;2
1621230232000;11500655;0.86106;0.86118;0.86112;0;T;True;2
1621230233000;11500656;0.86106;0.86118;0.86112;0;T;True;2
1621230234000;11500657;0.86106;0.86118;0.86112;0;T;True;2
1621230235000;11500658;0.86106;0.86118;0.86112;0;T;True;2
1621230236000;11500659;0.86106;0.86118;0.86112;0;T;True;2
1621230237000;11500660;0.86106;0.86118;0.86112;0;T;True;2
1621230238000;11500662;0.86106;0.86118;0.86112;1;T;True;2
1621230239000;11500663;0.86106;0.86118;0.86112;0;T;True;2
1621230240000;11500664;0.86106;0.86118;0.86112;0;T;True;2
1621230241000;11500665;0.86106;0.86118;0.86112;0;T;True;2
1621230242000;11500666;0.86106;0.86118;0.86112;0;T;True;2
1621230243000;11500667;0.86106;0.86118;0.86112;0;T;True;2
1621230244000;11500668;0.86106;0.86118;0.86112;0;T;True;2
1621230245000;11500669;0.86106;0.86118;0.86112;0;T;True;2
1621230246000;11500670;0.86106;0.86118;0.86112;0;T;True;2
1621230247000;11500671;0.86106;0.86118;0.86112;0;T;True;2
1621230248000;11500672;0.86106;0.86118;0.86112;0;T;True;2
1621230249000;11500673;0.86106;0.86118;0.86112;0;T;True;2
1621230250000;11500674;0.86106;0.86118;0.86112;0;T;True;2
1621230251000;11500675;0.86106;0.86118;0.86112;0;T;True;2
1621230252000;11500676;0.86106;0.86118;0.86112;0;T;True;2
1621230253000;11500677;0.86106;0.86118;0.86112;0;T;True;2
1621230254000;11500678;0.86106;0.86118;0.86112;0;T;True;2
1621230255000;11500679;0.86106;0.86118;0.86112;0;T;True;2
1621230256000;11500680;0.86106;0.86118;0.86112;0;T;True;2
1621230257000;11500681;0.86106;0.86118;0.86112;0;T;True;2
1621230258000;11500682;0.86106;0.86118;0.86112;0;T;True;2
1621230259000;11500683;0.86106;0.86118;0.86112;0;T;True;2
1621230260000;11500684;0.86106;0.86118;0.86112;0;T;True;2
1621230261000;11500685;0.86106;0.86118;0.86112;0;T;True;2
1621230262000;11500686;0.86106;0.86118;0.86112;0;T;True;2
1621230263000;11500688;0.86105;0.86117;0.86111;1;T;True;2
1621230264000;11500689;0.86105;0.86117;0.86111;0;T;True;2
1621230265000;11500690;0.86105;0.86117;0.86111;0;T;True;2
1621230266000;11500692;0.86106;0.86118;0.86112;1;T;True;2
1621230267000;11500693;0.86106;0.86118;0.86112;0;T;True;2
1621230268000;11500694;0.86106;0.86118;0.86112;0;T;True;2
1621230269000;11500695;0.86106;0.86118;0.86112;0;T;True;2
1621230270000;11500696;0.86106;0.86118;0.86112;0;T;True;2
1621230271000;11500697;0.86106;0.86118;0.86112;0;T;True;2
1621230272000;11500698;0.86106;0.86118;0.86112;0;T;True;2
1621230273000;11500699;0.86106;0.86118;0.86112;0;T;True;2
1621230274000;11500700;0.86106;0.86118;0.86112;0;T;True;2
1621230275000;11500701;0.86106;0.86118;0.86112;0;T;True;2
1621230276000;11500702;0.86106;0.86118;0.86112;0;T;True;2
1621230277000;11500703;0.86106;0.86118;0.86112;0;T;True;2
1621230278000;11500705;0.86107;0.86119;0.86113;1;T;True;2
1621230279000;11500706;0.86107;0.86119;0.86113;0;T;True;2
1621230280000;11500708;0.86106;0.86118;0.86112;1;T;True;2
1621230281000;11500711;0.86106;0.86118;0.86112;2;T;True;2
1621230282000;11500712;0.86106;0.86118;0.86112;0;T;True;2
1621230283000;11500713;0.86106;0.86118;0.86112;0;T;True;2
1621230284000;11500714;0.86106;0.86118;0.86112;0;T;True;2
1621230285000;11500715;0.86106;0.86118;0.86112;0;T;True;2
1621230286000;11500716;0.86106;0.86118;0.86112;0;T;True;2
1621230287000;11500718;0.86105;0.86117;0.86111;1;T;True;2
1621230288000;11500720;0.86105;0.86117;0.86111;1;T;True;2
1621230289000;11500721;0.86105;0.86117;0.86111;0;T;True;2
1621230290000;11500722;0.86105;0.86117;0.86111;0;T;True;2
1621230291000;11500723;0.86105;0.86117;0.86111;0;T;True;2
1621230292000;11500724;0.86105;0.86117;0.86111;0;T;True;2
1621230293000;11500725;0.86105;0.86117;0.86111;0;T;True;2
1621230294000;11500726;0.86105;0.86117;0.86111;0;T;True;2
1621230295000;11500727;0.86105;0.86117;0.86111;0;T;True;2
1621230296000;11500729;0.86104;0.86116;0.8611;1;T;True;2
1621230297000;11500731;0.86104;0.86116;0.8611;1;T;True;2
1621230298000;11500733;0.86105;0.86117;0.86111;1;T;True;2
1621230299000;11500734;0.86105;0.86117;0.86111;0;T;True;2
1621230300000;11500735;0.86105;0.86117;0.86111;0;T;True;2
1621230301000;11500739;0.86105;0.86117;0.86111;3;T;True;2
1621230302000;11500742;0.86106;0.86118;0.86112;2;T;True;2
1621230303000;11500745;0.86106;0.86118;0.86112;2;T;True;2
1621230304000;11500748;0.86106;0.86118;0.86112;2;T;True;2
1621230305000;11500749;0.86106;0.86118;0.86112;0;T;True;2
1621230306000;11500750;0.86106;0.86118;0.86112;0;T;True;2
1621230307000;11500751;0.86106;0.86118;0.86112;0;T;True;2
1621230308000;11500753;0.86107;0.86119;0.86113;1;T;True;2
1621230309000;11500754;0.86107;0.86119;0.86113;0;T;True;2
1621230310000;11500755;0.86107;0.86119;0.86113;0;T;True;2
1621230311000;11500756;0.86107;0.86119;0.86113;0;T;True;2
1621230312000;11500757;0.86107;0.86119;0.86113;0;T;True;2
1621230313000;11500758;0.86107;0.86119;0.86113;0;T;True;2
1621230314000;11500761;0.86109;0.86121;0.86115;2;T;True;2
1621230315000;11500762;0.86109;0.86121;0.86115;0;T;True;2
1621230316000;11500763;0.86109;0.86121;0.86115;0;T;True;2
1621230317000;11500764;0.86109;0.86121;0.86115;0;T;True;2
1621230318000;11500765;0.86109;0.86121;0.86115;0;T;True;2
1621230319000;11500766;0.86109;0.86121;0.86115;0;T;True;2
1621230320000;11500768;0.86111;0.86123;0.86117;1;T;True;2
1621230321000;11500770;0.86113;0.86125;0.86119;1;T;True;2
1621230322000;11500771;0.86113;0.86125;0.86119;0;T;True;2
1621230323000;11500772;0.86113;0.86125;0.86119;0;T;True;2
1621230324000;11500773;0.86113;0.86125;0.86119;0;T;True;2
1621230325000;11500774;0.86113;0.86125;0.86119;0;T;True;2
1621230326000;11500775;0.86113;0.86125;0.86119;0;T;True;2
1621230327000;11500776;0.86113;0.86125;0.86119;0;T;True;2
1621230328000;11500777;0.86113;0.86125;0.86119;0;T;True;2
1621230329000;11500778;0.86113;0.86125;0.86119;0;T;True;2
1621230330000;11500779;0.86113;0.86125;0.86119;0;T;True;2
1621230331000;11500780;0.86113;0.86125;0.86119;0;T;True;2
1621230332000;11500781;0.86113;0.86125;0.86119;0;T;True;2
1621230333000;11500782;0.86113;0.86125;0.86119;0;T;True;2
1621230334000;11500783;0.86113;0.86125;0.86119;0;T;True;2
1621230335000;11500784;0.86113;0.86125;0.86119;0;T;True;2
1621230336000;11500785;0.86113;0.86125;0.86119;0;T;True;2
1621230337000;11500786;0.86113;0.86125;0.86119;0;T;True;2
1621230338000;11500787;0.86113;0.86125;0.86119;0;T;True;2
1621230339000;11500789;0.86114;0.86126;0.8612;1;T;True;2
1621230340000;11500790;0.86114;0.86126;0.8612;0;T;True;2
1621230341000;11500791;0.86114;0.86126;0.8612;0;T;True;2
1621230342000;11500792;0.86114;0.86126;0.8612;0;T;True;2
1621230343000;11500794;0.86114;0.86126;0.8612;1;T;True;2
1621230344000;11500795;0.86114;0.86126;0.8612;0;T;True;2
1621230345000;11500797;0.86115;0.86127;0.86121;1;T;True;2
1621230346000;11500798;0.86115;0.86127;0.86121;0;T;True;2
1621230347000;11500799;0.86115;0.86127;0.86121;0;T;True;2
1621230348000;11500800;0.86115;0.86127;0.86121;0;T;True;2
1621230349000;11500801;0.86115;0.86127;0.86121;0;T;True;2
1621230350000;11500803;0.86115;0.86127;0.86121;1;T;True;2
1621230351000;11500805;0.86113;0.86125;0.86119;1;T;True;2
1621230352000;11500806;0.86113;0.86125;0.86119;0;T;True;2
1621230353000;11500807;0.86113;0.86125;0.86119;0;T;True;2
1621230354000;11500808;0.86113;0.86125;0.86119;0;T;True;2
1621230355000;11500809;0.86113;0.86125;0.86119;0;T;True;2
1621230356000;11500812;0.86109;0.86121;0.86115;2;T;True;2
1621230357000;11500813;0.86109;0.86121;0.86115;0;T;True;2
1621230358000;11500814;0.86109;0.86121;0.86115;0;T;True;2
1621230359000;11500815;0.86109;0.86121;0.86115;0;T;True;2
1621230360000;11500816;0.86109;0.86121;0.86115;0;T;True;2
1621230361000;11500817;0.86109;0.86121;0.86115;0;T;True;2
1621230362000;11500818;0.86109;0.86121;0.86115;0;T;True;2
1621230363000;11500819;0.86109;0.86121;0.86115;0;T;True;2
1621230364000;11500820;0.86109;0.86121;0.86115;0;T;True;2
1621230365000;11500821;0.86109;0.86121;0.86115;0;T;True;2
1621230366000;11500823;0.8611;0.86122;0.86116;1;T;True;2
1621230367000;11500824;0.8611;0.86122;0.86116;0;T;True;2
1621230368000;11500825;0.8611;0.86122;0.86116;0;T;True;2
1621230369000;11500826;0.8611;0.86122;0.86116;0;T;True;2
1621230370000;11500827;0.8611;0.86122;0.86116;0;T;True;2
1621230371000;11500828;0.8611;0.86122;0.86116;0;T;True;2
1621230372000;11500829;0.8611;0.86122;0.86116;0;T;True;2
1621230373000;11500830;0.8611;0.86122;0.86116;0;T;True;2
1621230374000;11500831;0.8611;0.86122;0.86116;0;T;True;2
1621230375000;11500832;0.8611;0.86122;0.86116;0;T;True;2
1621230376000;11500833;0.8611;0.86122;0.86116;0;T;True;2
1621230377000;11500834;0.8611;0.86122;0.86116;0;T;True;2
1621230378000;11500835;0.8611;0.86122;0.86116;0;T;True;2
1621230379000;11500836;0.8611;0.86122;0.86116;0;T;True;2
1621230380000;11500837;0.8611;0.86122;0.86116;0;T;True;2
1621230381000;11500839;0.8611;0.86122;0.86116;1;T;True;2
1621230382000;11500840;0.8611;0.86122;0.86116;0;T;True;2
1621230383000;11500841;0.8611;0.86122;0.86116;0;T;True;2
1621230384000;11500842;0.8611;0.86122;0.86116;0;T;True;2
1621230385000;11500843;0.8611;0.86122;0.86116;0;T;True;2
1621230386000;11500844;0.8611;0.86122;0.86116;0;T;True;2
1621230387000;11500845;0.8611;0.86122;0.86116;0;T;True;2
1621230388000;11500846;0.8611;0.86122;0.86116;0;T;True;2
1621230389000;11500847;0.8611;0.86122;0.86116;0;T;True;2
1621230390000;11500849;0.8611;0.86122;0.86116;1;T;True;2
1621230391000;11500850;0.8611;0.86122;0.86116;0;T;True;2
1621230392000;11500851;0.8611;0.86122;0.86116;0;T;True;2
1621230393000;11500852;0.8611;0.86122;0.86116;0;T;True;2
1621230394000;11500853;0.8611;0.86122;0.86116;0;T;True;2
1621230395000;11500854;0.8611;0.86122;0.86116;0;T;True;2
1621230396000;11500855;0.8611;0.86122;0.86116;0;T;True;2
1621230397000;11500856;0.8611;0.86122;0.86116;0;T;True;2
1621230398000;11500857;0.8611;0.86122;0.86116;0;T;True;2
1621230399000;11500858;0.8611;0.86122;0.86116;0;T;True;2
1621230400000;11500859;0.8611;0.86122;0.86116;0;T;True;2
1621230401000;11500860;0.8611;0.86122;0.86116;0;T;True;2
1621230402000;11500861;0.8611;0.86122;0.86116;0;T;True;2
1621230403000;11500862;0.8611;0.86122;0.86116;0;T;True;2
1621230404000;11500863;0.8611;0.86122;0.86116;0;T;True;2
1621230405000;11500864;0.8611;0.86122;0.86116;0;T;True;2
1621230406000;11500865;0.8611;0.86122;0.86116;0;T;True;2
1621230407000;11500866;0.8611;0.86122;0.86116;0;T;True;2
1621230408000;11500867;0.8611;0.86122;0.86116;0;T;True;2
1621230409000;11500868;0.8611;0.86122;0.86116;0;T;True;2
1621230410000;11500869;0.8611;0.86122;0.86116;0;T;True;2
1621230411000;11500870;0.8611;0.86122;0.86116;0;T;True;2
1621230412000;11500871;0.8611;0.86122;0.86116;0;T;True;2
1621230413000;11500872;0.8611;0.86122;0.86116;0;T;True;2
1621230414000;11500873;0.8611;0.86122;0.86116;0;T;True;2
1621230415000;11500874;0.8611;0.86122;0.86116;0;T;True;2
1621230416000;11500875;0.8611;0.86122;0.86116;0;T;True;2
1621230417000;11500876;0.8611;0.86122;0.86116;0;T;True;2
1621230418000;11500877;0.8611;0.86122;0.86116;0;T;True;2
1621230419000;11500878;0.8611;0.86122;0.86116;0;T;True;2
1621230420000;11500879;0.8611;0.86122;0.86116;0;T;True;2
1621230421000;11500880;0.8611;0.86122;0.86116;0;T;True;2
1621230422000;11500881;0.8611;0.86122;0.86116;0;T;True;2
1621230423000;11500882;0.8611;0.86122;0.86116;0;T;True;2
1621230424000;11500883;0.8611;0.86122;0.86116;0;T;True;2
1621230425000;11500884;0.8611;0.86122;0.86116;0;T;True;2
1621230426000;11500885;0.8611;0.86122;0.86116;0;T;True;2
1621230427000;11500886;0.8611;0.86122;0.86116;0;T;True;2
1621230428000;11500887;0.8611;0.86122;0.86116;0;T;True;2
1621230429000;11500888;0.8611;0.86122;0.86116;0;T;True;2
1621230430000;11500890;0.86111;0.86123;0.86117;1;T;True;2
1621230431000;11500891;0.86111;0.86123;0.86117;0;T;True;2
1621230432000;11500892;0.86111;0.86123;0.86117;0;T;True;2
1621230433000;11500893;0.86111;0.86123;0.86117;0;T;True;2
1621230434000;11500894;0.86111;0.86123;0.86117;0;T;True;2
1621230435000;11500895;0.86111;0.86123;0.86117;0;T;True;2
1621230436000;11500896;0.86111;0.86123;0.86117;0;T;True;2
1621230437000;11500897;0.86111;0.86123;0.86117;0;T;True;2
1621230438000;11500898;0.86111;0.86123;0.86117;0;T;True;2
1621230439000;11500899;0.86111;0.86123;0.86117;0;T;True;2
1621230440000;11500900;0.86111;0.86123;0.86117;0;T;True;2
1621230441000;11500902;0.86112;0.86124;0.86118;1;T;True;2
1621230442000;11500904;0.86113;0.86125;0.86119;1;T;True;2
1621230443000;11500905;0.86113;0.86125;0.86119;0;T;True;2
1621230444000;11500906;0.86113;0.86125;0.86119;0;T;True;2
1621230445000;11500907;0.86113;0.86125;0.86119;0;T;True;2
1621230446000;11500908;0.86113;0.86125;0.86119;0;T;True;2
1621230447000;11500909;0.86113;0.86125;0.86119;0;T;True;2
1621230448000;11500910;0.86113;0.86125;0.86119;0;T;True;2
1621230449000;11500911;0.86113;0.86125;0.86119;0;T;True;2
1621230450000;11500912;0.86113;0.86125;0.86119;0;T;True;2
1621230451000;11500913;0.86113;0.86125;0.86119;0;T;True;2
1621230452000;11500914;0.86113;0.86125;0.86119;0;T;True;2
1621230453000;11500915;0.86113;0.86125;0.86119;0;T;True;2
1621230454000;11500917;0.86111;0.86123;0.86117;1;T;True;2
1621230455000;11500919;0.86112;0.86124;0.86118;1;T;True;2
1621230456000;11500920;0.86112;0.86124;0.86118;0;T;True;2
1621230457000;11500922;0.86113;0.86125;0.86119;1;T;True;2
1621230458000;11500923;0.86113;0.86125;0.86119;0;T;True;2
1621230459000;11500924;0.86113;0.86125;0.86119;0;T;True;2
1621230460000;11500925;0.86113;0.86125;0.86119;0;T;True;2
1621230461000;11500926;0.86113;0.86125;0.86119;0;T;True;2
1621230462000;11500927;0.86113;0.86125;0.86119;0;T;True;2
1621230463000;11500928;0.86113;0.86125;0.86119;0;T;True;2
1621230464000;11500931;0.86111;0.86123;0.86117;2;T;True;2
1621230465000;11500932;0.86111;0.86123;0.86117;0;T;True;2
1621230466000;11500933;0.86111;0.86123;0.86117;0;T;True;2
1621230467000;11500934;0.86111;0.86123;0.86117;0;T;True;2
1621230468000;11500935;0.86111;0.86123;0.86117;0;T;True;2
1621230469000;11500936;0.86111;0.86123;0.86117;0;T;True;2
1621230470000;11500937;0.86111;0.86123;0.86117;0;T;True;2
1621230471000;11500938;0.86111;0.86123;0.86117;0;T;True;2
1621230472000;11500939;0.86111;0.86123;0.86117;0;T;True;2
1621230473000;11500940;0.86111;0.86123;0.86117;0;T;True;2
1621230474000;11500941;0.86111;0.86123;0.86117;0;T;True;2
1621230475000;11500942;0.86111;0.86123;0.86117;0;T;True;2
1621230476000;11500943;0.86111;0.86123;0.86117;0;T;True;2
1621230477000;11500944;0.86111;0.86123;0.86117;0;T;True;2
1621230478000;11500945;0.86111;0.86123;0.86117;0;T;True;2
1621230479000;11500946;0.86111;0.86123;0.86117;0;T;True;2
1621230480000;11500947;0.86111;0.86123;0.86117;0;T;True;2
1621230481000;11500948;0.86111;0.86123;0.86117;0;T;True;2
1621230482000;11500949;0.86111;0.86123;0.86117;0;T;True;2
1621230483000;11500952;0.86113;0.86125;0.86119;2;T;True;2
1621230484000;11500953;0.86113;0.86125;0.86119;0;T;True;2
1621230485000;11500954;0.86113;0.86125;0.86119;0;T;True;2
1621230486000;11500955;0.86113;0.86125;0.86119;0;T;True;2
1621230487000;11500956;0.86113;0.86125;0.86119;0;T;True;2
1621230488000;11500960;0.86112;0.86124;0.86118;3;T;True;2
1621230489000;11500961;0.86112;0.86124;0.86118;0;T;True;2
1621230490000;11500962;0.86112;0.86124;0.86118;0;T;True;2
1621230491000;11500964;0.86111;0.86123;0.86117;1;T;True;2
1621230492000;11500965;0.86111;0.86123;0.86117;0;T;True;2
1621230493000;11500967;0.86113;0.86125;0.86119;1;T;True;2
1621230494000;11500968;0.86113;0.86125;0.86119;0;T;True;2
1621230495000;11500969;0.86113;0.86125;0.86119;0;T;True;2
1621230496000;11500970;0.86113;0.86125;0.86119;0;T;True;2
1621230497000;11500971;0.86113;0.86125;0.86119;0;T;True;2
1621230498000;11500972;0.86113;0.86125;0.86119;0;T;True;2
1621230499000;11500973;0.86113;0.86125;0.86119;0;T;True;2
1621230500000;11500974;0.86113;0.86125;0.86119;0;T;True;2
1621230501000;11500975;0.86113;0.86125;0.86119;0;T;True;2
1621230502000;11500976;0.86113;0.86125;0.86119;0;T;True;2
1621230503000;11500979;0.86116;0.86128;0.86122;2;T;True;2
1621230504000;11500980;0.86116;0.86128;0.86122;0;T;True;2
1621230505000;11500981;0.86116;0.86128;0.86122;0;T;True;2
1621230506000;11500983;0.86115;0.86127;0.86121;1;T;True;2
1621230507000;11500984;0.86115;0.86127;0.86121;0;T;True;2
1621230508000;11500988;0.86111;0.86123;0.86117;3;T;True;2
1621230509000;11500991;0.86111;0.86123;0.86117;2;T;True;2
1621230510000;11500992;0.86111;0.86123;0.86117;0;T;True;2
1621230511000;11500993;0.86111;0.86123;0.86117;0;T;True;2
1621230512000;11500994;0.86111;0.86123;0.86117;0;T;True;2
1621230513000;11500995;0.86111;0.86123;0.86117;0;T;True;2
1621230514000;11500996;0.86111;0.86123;0.86117;0;T;True;2
1621230515000;11500997;0.86111;0.86123;0.86117;0;T;True;2
1621230516000;11500998;0.86111;0.86123;0.86117;0;T;True;2
1621230517000;11500999;0.86111;0.86123;0.86117;0;T;True;2
1621230518000;11501000;0.86111;0.86123;0.86117;0;T;True;2
1621230519000;11501002;0.86113;0.86125;0.86119;1;T;True;2
1621230520000;11501003;0.86113;0.86125;0.86119;0;T;True;2
1621230521000;11501004;0.86113;0.86125;0.86119;0;T;True;2
1621230522000;11501005;0.86113;0.86125;0.86119;0;T;True;2
1621230523000;11501006;0.86113;0.86125;0.86119;0;T;True;2
1621230524000;11501007;0.86113;0.86125;0.86119;0;T;True;2
1621230525000;11501008;0.86113;0.86125;0.86119;0;T;True;2
1621230526000;11501009;0.86113;0.86125;0.86119;0;T;True;2
1621230527000;11501012;0.86115;0.86127;0.86121;2;T;True;2
1621230528000;11501013;0.86115;0.86127;0.86121;0;T;True;2
1621230529000;11501014;0.86115;0.86127;0.86121;0;T;True;2
1621230530000;11501015;0.86115;0.86127;0.86121;0;T;True;2
1621230531000;11501016;0.86115;0.86127;0.86121;0;T;True;2
1621230532000;11501017;0.86115;0.86127;0.86121;0;T;True;2
1621230533000;11501021;0.86117;0.86129;0.86123;3;T;True;2
1621230534000;11501022;0.86117;0.86129;0.86123;0;T;True;2
1621230535000;11501023;0.86117;0.86129;0.86123;0;T;True;2
1621230536000;11501024;0.86117;0.86129;0.86123;0;T;True;2
1621230537000;11501025;0.86117;0.86129;0.86123;0;T;True;2
1621230538000;11501026;0.86117;0.86129;0.86123;0;T;True;2
1621230539000;11501027;0.86117;0.86129;0.86123;0;T;True;2
1621230540000;11501028;0.86117;0.86129;0.86123;0;T;True;2
1621230541000;11501029;0.86117;0.86129;0.86123;0;T;True;2
1621230542000;11501030;0.86117;0.86129;0.86123;0;T;True;2
1621230543000;11501031;0.86117;0.86129;0.86123;0;T;True;2
1621230544000;11501032;0.86117;0.86129;0.86123;0;T;True;2
1621230545000;11501033;0.86117;0.86129;0.86123;0;T;True;2
1621230546000;11501034;0.86117;0.86129;0.86123;0;T;True;2
1621230547000;11501036;0.86119;0.86131;0.86125;1;T;True;2
1621230548000;11501043;0.86121;0.86133;0.86127;6;T;True;2
1621230549000;11501044;0.86121;0.86133;0.86127;0;T;True;2
1621230550000;11501046;0.86123;0.86135;0.86129;1;T;True;2
1621230551000;11501050;0.86123;0.86135;0.86129;3;T;True;2
1621230552000;11501051;0.86123;0.86135;0.86129;0;T;True;2
1621230553000;11501052;0.86123;0.86135;0.86129;0;T;True;2
1621230554000;11501053;0.86123;0.86135;0.86129;0;T;True;2
1621230555000;11501055;0.86123;0.86135;0.86129;1;T;True;2
1621230556000;11501056;0.86123;0.86135;0.86129;0;T;True;2
1621230557000;11501057;0.86123;0.86135;0.86129;0;T;True;2
1621230558000;11501058;0.86123;0.86135;0.86129;0;T;True;2
1621230559000;11501060;0.86122;0.86134;0.86128;1;T;True;2
1621230560000;11501061;0.86122;0.86134;0.86128;0;T;True;2
1621230561000;11501062;0.86122;0.86134;0.86128;0;T;True;2
1621230562000;11501063;0.86122;0.86134;0.86128;0;T;True;2
1621230563000;11501066;0.86121;0.86133;0.86127;2;T;True;2
1621230564000;11501068;0.86121;0.86133;0.86127;1;T;True;2
1621230565000;11501069;0.86121;0.86133;0.86127;0;T;True;2
1621230566000;11501070;0.86121;0.86133;0.86127;0;T;True;2
1621230567000;11501071;0.86121;0.86133;0.86127;0;T;True;2
1621230568000;11501072;0.86121;0.86133;0.86127;0;T;True;2
1621230569000;11501073;0.86121;0.86133;0.86127;0;T;True;2
1621230570000;11501076;0.86123;0.86135;0.86129;2;T;True;2
1621230571000;11501077;0.86123;0.86135;0.86129;0;T;True;2
1621230572000;11501078;0.86123;0.86135;0.86129;0;T;True;2
1621230573000;11501079;0.86123;0.86135;0.86129;0;T;True;2
1621230574000;11501081;0.86123;0.86135;0.86129;1;T;True;2
1621230575000;11501082;0.86123;0.86135;0.86129;0;T;True;2
1621230576000;11501083;0.86123;0.86135;0.86129;0;T;True;2
1621230577000;11501085;0.86123;0.86135;0.86129;1;T;True;2
1621230578000;11501086;0.86123;0.86135;0.86129;0;T;True;2
1621230579000;11501087;0.86123;0.86135;0.86129;0;T;True;2
1621230580000;11501088;0.86123;0.86135;0.86129;0;T;True;2
1621230581000;11501089;0.86123;0.86135;0.86129;0;T;True;2
1621230582000;11501090;0.86123;0.86135;0.86129;0;T;True;2
1621230583000;11501091;0.86123;0.86135;0.86129;0;T;True;2
1621230584000;11501092;0.86123;0.86135;0.86129;0;T;True;2
1621230585000;11501093;0.86123;0.86135;0.86129;0;T;True;2
1621230586000;11501096;0.86125;0.86137;0.86131;2;T;True;2
1621230587000;11501099;0.86123;0.86135;0.86129;2;T;True;2
1621230588000;11501100;0.86123;0.86135;0.86129;0;T;True;2
1621230589000;11501103;0.86125;0.86137;0.86131;2;T;True;2
1621230590000;11501104;0.86125;0.86137;0.86131;0;T;True;2
1621230591000;11501105;0.86125;0.86137;0.86131;0;T;True;2
1621230592000;11501106;0.86125;0.86137;0.86131;0;T;True;2
1621230593000;11501107;0.86125;0.86137;0.86131;0;T;True;2
1621230594000;11501108;0.86125;0.86137;0.86131;0;T;True;2
1621230595000;11501109;0.86125;0.86137;0.86131;0;T;True;2
1621230596000;11501110;0.86125;0.86137;0.86131;0;T;True;2
1621230597000;11501111;0.86125;0.86137;0.86131;0;T;True;2
1621230598000;11501112;0.86125;0.86137;0.86131;0;T;True;2
1621230599000;11501113;0.86125;0.86137;0.86131;0;T;True;2
1621230600000;11501116;0.86123;0.86135;0.86129;2;T;True;2
1621230601000;11501117;0.86123;0.86135;0.86129;0;T;True;2
1621230602000;11501118;0.86123;0.86135;0.86129;0;T;True;2
1621230603000;11501119;0.86123;0.86135;0.86129;0;T;True;2
1621230604000;11501127;0.86125;0.86137;0.86131;7;T;True;2
1621230605000;11501130;0.86125;0.86137;0.86131;2;T;True;2
1621230606000;11501132;0.86127;0.86139;0.86133;1;T;True;2
1621230607000;11501134;0.86125;0.86137;0.86131;1;T;True;2
1621230608000;11501135;0.86125;0.86137;0.86131;0;T;True;2
1621230609000;11501136;0.86125;0.86137;0.86131;0;T;True;2
1621230610000;11501138;0.86127;0.86139;0.86133;1;T;True;2
1621230611000;11501139;0.86127;0.86139;0.86133;0;T;True;2
1621230612000;11501140;0.86127;0.86139;0.86133;0;T;True;2
1621230613000;11501141;0.86127;0.86139;0.86133;0;T;True;2
1621230614000;11501145;0.86125;0.86137;0.86131;3;T;True;2
1621230615000;11501148;0.86126;0.86138;0.86132;2;T;True;2
1621230616000;11501152;0.86125;0.86137;0.86131;3;T;True;2
1621230617000;11501154;0.86126;0.86138;0.86132;1;T;True;2
1621230618000;11501155;0.86126;0.86138;0.86132;0;T;True;2
1621230619000;11501156;0.86126;0.86138;0.86132;0;T;True;2
1621230620000;11501157;0.86126;0.86138;0.86132;0;T;True;2
1621230621000;11501158;0.86126;0.86138;0.86132;0;T;True;2
1621230622000;11501159;0.86126;0.86138;0.86132;0;T;True;2
1621230623000;11501160;0.86126;0.86138;0.86132;0;T;True;2
1621230624000;11501161;0.86126;0.86138;0.86132;0;T;True;2
1621230625000;11501162;0.86126;0.86138;0.86132;0;T;True;2
1621230626000;11501163;0.86126;0.86138;0.86132;0;T;True;2
1621230627000;11501164;0.86126;0.86138;0.86132;0;T;True;2
1621230628000;11501165;0.86126;0.86138;0.86132;0;T;True;2
1621230629000;11501167;0.86125;0.86137;0.86131;1;T;True;2
1621230630000;11501168;0.86125;0.86137;0.86131;0;T;True;2
1621230631000;11501169;0.86125;0.86137;0.86131;0;T;True;2
1621230632000;11501170;0.86125;0.86137;0.86131;0;T;True;2
1621230633000;11501171;0.86125;0.86137;0.86131;0;T;True;2
1621230634000;11501173;0.86126;0.86138;0.86132;1;T;True;2
1621230635000;11501174;0.86126;0.86138;0.86132;0;T;True;2
1621230636000;11501175;0.86126;0.86138;0.86132;0;T;True;2
1621230637000;11501176;0.86126;0.86138;0.86132;0;T;True;2
1621230638000;11501177;0.86126;0.86138;0.86132;0;T;True;2
1621230639000;11501178;0.86126;0.86138;0.86132;0;T;True;2
1621230640000;11501179;0.86126;0.86138;0.86132;0;T;True;2
1621230641000;11501180;0.86126;0.86138;0.86132;0;T;True;2
1621230642000;11501181;0.86126;0.86138;0.86132;0;T;True;2
1621230643000;11501182;0.86126;0.86138;0.86132;0;T;True;2
1621230644000;11501183;0.86126;0.86138;0.86132;0;T;True;2
1621230645000;11501184;0.86126;0.86138;0.86132;0;T;True;2
1621230646000;11501185;0.86126;0.86138;0.86132;0;T;True;2
1621230647000;11501186;0.86126;0.86138;0.86132;0;T;True;2
1621230648000;11501187;0.86126;0.86138;0.86132;0;T;True;2
1621230649000;11501188;0.86126;0.86138;0.86132;0;T;True;2
1621230650000;11501189;0.86126;0.86138;0.86132;0;T;True;2
1621230651000;11501190;0.86126;0.86138;0.86132;0;T;True;2
1621230652000;11501191;0.86126;0.86138;0.86132;0;T;True;2
1621230653000;11501192;0.86126;0.86138;0.86132;0;T;True;2
1621230654000;11501193;0.86126;0.86138;0.86132;0;T;True;2
1621230655000;11501194;0.86126;0.86138;0.86132;0;T;True;2
1621230656000;11501195;0.86126;0.86138;0.86132;0;T;True;2
1621230657000;11501196;0.86126;0.86138;0.86132;0;T;True;2
1621230658000;11501197;0.86126;0.86138;0.86132;0;T;True;2
1621230659000;11501198;0.86126;0.86138;0.86132;0;T;True;2
1621230660000;11501199;0.86126;0.86138;0.86132;0;T;True;2
1621230661000;11501200;0.86126;0.86138;0.86132;0;T;True;2
1621230662000;11501201;0.86126;0.86138;0.86132;0;T;True;2
1621230663000;11501202;0.86126;0.86138;0.86132;0;T;True;2
1621230664000;11501203;0.86126;0.86138;0.86132;0;T;True;2
1621230665000;11501204;0.86126;0.86138;0.86132;0;T;True;2
1621230666000;11501205;0.86126;0.86138;0.86132;0;T;True;2
1621230667000;11501206;0.86126;0.86138;0.86132;0;T;True;2
1621230668000;11501207;0.86126;0.86138;0.86132;0;T;True;2
1621230669000;11501208;0.86126;0.86138;0.86132;0;T;True;2
1621230670000;11501209;0.86126;0.86138;0.86132;0;T;True;2
1621230671000;11501210;0.86126;0.86138;0.86132;0;T;True;2
1621230672000;11501211;0.86126;0.86138;0.86132;0;T;True;2
1621230673000;11501212;0.86126;0.86138;0.86132;0;T;True;2
1621230674000;11501213;0.86126;0.86138;0.86132;0;T;True;2
1621230675000;11501214;0.86126;0.86138;0.86132;0;T;True;2
1621230676000;11501215;0.86126;0.86138;0.86132;0;T;True;2
1621230677000;11501216;0.86126;0.86138;0.86132;0;T;True;2
1621230678000;11501218;0.86127;0.86139;0.86133;1;T;True;2
1621230679000;11501219;0.86127;0.86139;0.86133;0;T;True;2
1621230680000;11501220;0.86127;0.86139;0.86133;0;T;True;2
1621230681000;11501221;0.86127;0.86139;0.86133;0;T;True;2
1621230682000;11501222;0.86127;0.86139;0.86133;0;T;True;2
1621230683000;11501223;0.86127;0.86139;0.86133;0;T;True;2
1621230684000;11501225;0.86126;0.86138;0.86132;1;T;True;2
1621230685000;11501227;0.86125;0.86137;0.86131;1;T;True;2
1621230686000;11501228;0.86125;0.86137;0.86131;0;T;True;2
1621230687000;11501229;0.86125;0.86137;0.86131;0;T;True;2
1621230688000;11501230;0.86125;0.86137;0.86131;0;T;True;2
1621230689000;11501231;0.86125;0.86137;0.86131;0;T;True;2
1621230690000;11501232;0.86125;0.86137;0.86131;0;T;True;2
1621230691000;11501233;0.86125;0.86137;0.86131;0;T;True;2
1621230692000;11501234;0.86125;0.86137;0.86131;0;T;True;2
1621230693000;11501235;0.86125;0.86137;0.86131;0;T;True;2
1621230694000;11501236;0.86125;0.86137;0.86131;0;T;True;2
1621230695000;11501237;0.86125;0.86137;0.86131;0;T;True;2
1621230696000;11501238;0.86125;0.86137;0.86131;0;T;True;2
1621230697000;11501239;0.86125;0.86137;0.86131;0;T;True;2
1621230698000;11501240;0.86125;0.86137;0.86131;0;T;True;2
1621230699000;11501241;0.86125;0.86137;0.86131;0;T;True;2
1621230700000;11501243;0.86126;0.86138;0.86132;1;T;True;2
1621230701000;11501244;0.86126;0.86138;0.86132;0;T;True;2
1621230702000;11501245;0.86126;0.86138;0.86132;0;T;True;2
1621230703000;11501246;0.86126;0.86138;0.86132;0;T;True;2
1621230704000;11501247;0.86126;0.86138;0.86132;0;T;True;2
1621230705000;11501248;0.86126;0.86138;0.86132;0;T;True;2
1621230706000;11501249;0.86126;0.86138;0.86132;0;T;True;2
1621230707000;11501250;0.86126;0.86138;0.86132;0;T;True;2
1621230708000;11501251;0.86126;0.86138;0.86132;0;T;True;2
1621230709000;11501252;0.86126;0.86138;0.86132;0;T;True;2
1621230710000;11501253;0.86126;0.86138;0.86132;0;T;True;2
1621230711000;11501254;0.86126;0.86138;0.86132;0;T;True;2
1621230712000;11501255;0.86126;0.86138;0.86132;0;T;True;2
1621230713000;11501256;0.86126;0.86138;0.86132;0;T;True;2
1621230714000;11501258;0.86129;0.86141;0.86135;1;T;True;2
1621230715000;11501259;0.86129;0.86141;0.86135;0;T;True;2
1621230716000;11501260;0.86129;0.86141;0.86135;0;T;True;2
1621230717000;11501261;0.86129;0.86141;0.86135;0;T;True;2
1621230718000;11501262;0.86129;0.86141;0.86135;0;T;True;2
1621230719000;11501263;0.86129;0.86141;0.86135;0;T;True;2
1621230720000;11501264;0.86129;0.86141;0.86135;0;T;True;2
1621230721000;11501265;0.86129;0.86141;0.86135;0;T;True;2
1621230722000;11501266;0.86129;0.86141;0.86135;0;T;True;2
1621230723000;11501268;0.86127;0.86139;0.86133;1;T;True;2
1621230724000;11501269;0.86127;0.86139;0.86133;0;T;True;2
1621230725000;11501270;0.86127;0.86139;0.86133;0;T;True;2
1621230726000;11501271;0.86127;0.86139;0.86133;0;T;True;2
1621230727000;11501272;0.86127;0.86139;0.86133;0;T;True;2
1621230728000;11501273;0.86127;0.86139;0.86133;0;T;True;2
1621230729000;11501275;0.86125;0.86137;0.86131;1;T;True;2
1621230730000;11501276;0.86125;0.86137;0.86131;0;T;True;2
1621230731000;11501277;0.86125;0.86137;0.86131;0;T;True;2
1621230732000;11501278;0.86125;0.86137;0.86131;0;T;True;2
1621230733000;11501279;0.86125;0.86137;0.86131;0;T;True;2
1621230734000;11501280;0.86125;0.86137;0.86131;0;T;True;2
1621230735000;11501282;0.86125;0.86137;0.86131;1;T;True;2
1621230736000;11501283;0.86125;0.86137;0.86131;0;T;True;2
1621230737000;11501284;0.86125;0.86137;0.86131;0;T;True;2
1621230738000;11501286;0.86125;0.86137;0.86131;1;T;True;2
1621230739000;11501287;0.86125;0.86137;0.86131;0;T;True;2
1621230740000;11501289;0.86126;0.86138;0.86132;1;T;True;2
1621230741000;11501290;0.86126;0.86138;0.86132;0;T;True;2
1621230742000;11501291;0.86126;0.86138;0.86132;0;T;True;2
1621230743000;11501293;0.86127;0.86139;0.86133;1;T;True;2
1621230744000;11501294;0.86127;0.86139;0.86133;0;T;True;2
1621230745000;11501297;0.86127;0.86139;0.86133;2;T;True;2
1621230746000;11501299;0.86127;0.86139;0.86133;1;T;True;2
1621230747000;11501302;0.86126;0.86138;0.86132;2;T;True;2
1621230748000;11501304;0.86127;0.86139;0.86133;1;T;True;2
1621230749000;11501305;0.86127;0.86139;0.86133;0;T;True;2
1621230750000;11501306;0.86127;0.86139;0.86133;0;T;True;2
1621230751000;11501308;0.86126;0.86138;0.86132;1;T;True;2
1621230752000;11501310;0.86127;0.86139;0.86133;1;T;True;2
1621230753000;11501311;0.86127;0.86139;0.86133;0;T;True;2
1621230754000;11501312;0.86127;0.86139;0.86133;0;T;True;2
1621230755000;11501313;0.86127;0.86139;0.86133;0;T;True;2
1621230756000;11501314;0.86127;0.86139;0.86133;0;T;True;2
1621230757000;11501315;0.86127;0.86139;0.86133;0;T;True;2
1621230758000;11501316;0.86127;0.86139;0.86133;0;T;True;2
1621230759000;11501319;0.86127;0.86139;0.86133;2;T;True;2
1621230760000;11501320;0.86127;0.86139;0.86133;0;T;True;2
1621230761000;11501323;0.86127;0.86139;0.86133;2;T;True;2
1621230762000;11501324;0.86127;0.86139;0.86133;0;T;True;2
1621230763000;11501326;0.86127;0.86139;0.86133;1;T;True;2
1621230764000;11501327;0.86127;0.86139;0.86133;0;T;True;2
1621230765000;11501328;0.86127;0.86139;0.86133;0;T;True;2
1621230766000;11501329;0.86127;0.86139;0.86133;0;T;True;2
1621230767000;11501331;0.86127;0.86139;0.86133;1;T;True;2
1621230768000;11501334;0.86125;0.86137;0.86131;2;T;True;2
1621230769000;11501335;0.86125;0.86137;0.86131;0;T;True;2
1621230770000;11501336;0.86125;0.86137;0.86131;0;T;True;2
1621230771000;11501337;0.86125;0.86137;0.86131;0;T;True;2
1621230772000;11501340;0.86125;0.86137;0.86131;2;T;True;2
1621230773000;11501343;0.86125;0.86137;0.86131;2;T;True;2
1621230774000;11501344;0.86125;0.86137;0.86131;0;T;True;2
1621230775000;11501345;0.86125;0.86137;0.86131;0;T;True;2
1621230776000;11501346;0.86125;0.86137;0.86131;0;T;True;2
1621230777000;11501347;0.86125;0.86137;0.86131;0;T;True;2
1621230778000;11501348;0.86125;0.86137;0.86131;0;T;True;2
1621230779000;11501349;0.86125;0.86137;0.86131;0;T;True;2
1621230780000;11501350;0.86125;0.86137;0.86131;0;T;True;2
1621230781000;11501351;0.86125;0.86137;0.86131;0;T;True;2
1621230782000;11501358;0.86125;0.86137;0.86131;6;T;True;2
1621230783000;11501359;0.86125;0.86137;0.86131;0;T;True;2
1621230784000;11501362;0.86123;0.86135;0.86129;2;T;True;2
1621230785000;11501363;0.86123;0.86135;0.86129;0;T;True;2
1621230786000;11501364;0.86123;0.86135;0.86129;0;T;True;2
1621230787000;11501365;0.86123;0.86135;0.86129;0;T;True;2
1621230788000;11501366;0.86123;0.86135;0.86129;0;T;True;2
1621230789000;11501367;0.86123;0.86135;0.86129;0;T;True;2
1621230790000;11501368;0.86123;0.86135;0.86129;0;T;True;2
1621230791000;11501369;0.86123;0.86135;0.86129;0;T;True;2
1621230792000;11501370;0.86123;0.86135;0.86129;0;T;True;2
1621230793000;11501372;0.86123;0.86135;0.86129;1;T;True;2
1621230794000;11501373;0.86123;0.86135;0.86129;0;T;True;2
1621230795000;11501374;0.86123;0.86135;0.86129;0;T;True;2
1621230796000;11501375;0.86123;0.86135;0.86129;0;T;True;2
1621230797000;11501376;0.86123;0.86135;0.86129;0;T;True;2
1621230798000;11501377;0.86123;0.86135;0.86129;0;T;True;2
1621230799000;11501378;0.86123;0.86135;0.86129;0;T;True;2
1621230800000;11501381;0.86122;0.86134;0.86128;2;T;True;2
1621230801000;11501384;0.86119;0.86131;0.86125;2;T;True;2
1621230802000;11501385;0.86119;0.86131;0.86125;0;T;True;2
1621230803000;11501387;0.86118;0.8613;0.86124;1;T;True;2
1621230804000;11501391;0.86117;0.86129;0.86123;3;T;True;2
1621230805000;11501392;0.86117;0.86129;0.86123;0;T;True;2
1621230806000;11501393;0.86117;0.86129;0.86123;0;T;True;2
1621230807000;11501394;0.86117;0.86129;0.86123;0;T;True;2
1621230808000;11501395;0.86117;0.86129;0.86123;0;T;True;2
1621230809000;11501396;0.86117;0.86129;0.86123;0;T;True;2
1621230810000;11501397;0.86117;0.86129;0.86123;0;T;True;2
1621230811000;11501398;0.86117;0.86129;0.86123;0;T;True;2
1621230812000;11501399;0.86117;0.86129;0.86123;0;T;True;2
1621230813000;11501400;0.86117;0.86129;0.86123;0;T;True;2
1621230814000;11501406;0.86111;0.86123;0.86117;5;T;True;2
1621230815000;11501408;0.8611;0.86122;0.86116;1;T;True;2
1621230816000;11501410;0.8611;0.86122;0.86116;1;T;True;2
1621230817000;11501411;0.8611;0.86122;0.86116;0;T;True;2
1621230818000;11501412;0.8611;0.86122;0.86116;0;T;True;2
1621230819000;11501413;0.8611;0.86122;0.86116;0;T;True;2
1621230820000;11501416;0.86109;0.86121;0.86115;2;T;True;2
1621230821000;11501422;0.86106;0.86118;0.86112;5;T;True;2
1621230822000;11501426;0.86109;0.86121;0.86115;3;T;True;2
1621230823000;11501427;0.86109;0.86121;0.86115;0;T;True;2
1621230824000;11501428;0.86109;0.86121;0.86115;0;T;True;2
1621230825000;11501429;0.86109;0.86121;0.86115;0;T;True;2
1621230826000;11501430;0.86109;0.86121;0.86115;0;T;True;2
1621230827000;11501431;0.86109;0.86121;0.86115;0;T;True;2
1621230828000;11501432;0.86109;0.86121;0.86115;0;T;True;2
1621230829000;11501433;0.86109;0.86121;0.86115;0;T;True;2
1621230830000;11501435;0.8611;0.86122;0.86116;1;T;True;2
1621230831000;11501436;0.8611;0.86122;0.86116;0;T;True;2
1621230832000;11501437;0.8611;0.86122;0.86116;0;T;True;2
1621230833000;11501438;0.8611;0.86122;0.86116;0;T;True;2
1621230834000;11501439;0.8611;0.86122;0.86116;0;T;True;2
1621230835000;11501440;0.8611;0.86122;0.86116;0;T;True;2
1621230836000;11501441;0.8611;0.86122;0.86116;0;T;True;2
1621230837000;11501442;0.8611;0.86122;0.86116;0;T;True;2
1621230838000;11501443;0.8611;0.86122;0.86116;0;T;True;2
1621230839000;11501445;0.8611;0.86122;0.86116;1;T;True;2
1621230840000;11501448;0.86111;0.86123;0.86117;2;T;True;2
1621230841000;11501449;0.86111;0.86123;0.86117;0;T;True;2
1621230842000;11501450;0.86111;0.86123;0.86117;0;T;True;2
1621230843000;11501451;0.86111;0.86123;0.86117;0;T;True;2
1621230844000;11501452;0.86111;0.86123;0.86117;0;T;True;2
1621230845000;11501453;0.86111;0.86123;0.86117;0;T;True;2
1621230846000;11501454;0.86111;0.86123;0.86117;0;T;True;2
1621230847000;11501455;0.86111;0.86123;0.86117;0;T;True;2
1621230848000;11501456;0.86111;0.86123;0.86117;0;T;True;2
1621230849000;11501457;0.86111;0.86123;0.86117;0;T;True;2
1621230850000;11501458;0.86111;0.86123;0.86117;0;T;True;2
1621230851000;11501459;0.86111;0.86123;0.86117;0;T;True;2
1621230852000;11501460;0.86111;0.86123;0.86117;0;T;True;2
1621230853000;11501461;0.86111;0.86123;0.86117;0;T;True;2
1621230854000;11501462;0.86111;0.86123;0.86117;0;T;True;2
1621230855000;11501465;0.86111;0.86123;0.86117;2;T;True;2
1621230856000;11501466;0.86111;0.86123;0.86117;0;T;True;2
1621230857000;11501467;0.86111;0.86123;0.86117;0;T;True;2
1621230858000;11501470;0.86109;0.86121;0.86115;2;T;True;2
1621230859000;11501471;0.86109;0.86121;0.86115;0;T;True;2
1621230860000;11501472;0.86109;0.86121;0.86115;0;T;True;2
1621230861000;11501473;0.86109;0.86121;0.86115;0;T;True;2
1621230862000;11501474;0.86109;0.86121;0.86115;0;T;True;2
1621230863000;11501475;0.86109;0.86121;0.86115;0;T;True;2
1621230864000;11501476;0.86109;0.86121;0.86115;0;T;True;2
1621230865000;11501477;0.86109;0.86121;0.86115;0;T;True;2
1621230866000;11501478;0.86109;0.86121;0.86115;0;T;True;2
1621230867000;11501479;0.86109;0.86121;0.86115;0;T;True;2
1621230868000;11501480;0.86109;0.86121;0.86115;0;T;True;2
1621230869000;11501481;0.86109;0.86121;0.86115;0;T;True;2
1621230870000;11501482;0.86109;0.86121;0.86115;0;T;True;2
1621230871000;11501483;0.86109;0.86121;0.86115;0;T;True;2
1621230872000;11501486;0.86109;0.86121;0.86115;2;T;True;2
1621230873000;11501488;0.86107;0.86119;0.86113;1;T;True;2
1621230874000;11501491;0.86106;0.86118;0.86112;2;T;True;2
1621230875000;11501492;0.86106;0.86118;0.86112;0;T;True;2
1621230876000;11501495;0.86107;0.86119;0.86113;2;T;True;2
1621230877000;11501497;0.86106;0.86118;0.86112;1;T;True;2
1621230878000;11501498;0.86106;0.86118;0.86112;0;T;True;2
1621230879000;11501501;0.86107;0.86119;0.86113;2;T;True;2
1621230880000;11501502;0.86107;0.86119;0.86113;0;T;True;2
1621230881000;11501503;0.86107;0.86119;0.86113;0;T;True;2
1621230882000;11501504;0.86107;0.86119;0.86113;0;T;True;2
1621230883000;11501505;0.86107;0.86119;0.86113;0;T;True;2
1621230884000;11501506;0.86107;0.86119;0.86113;0;T;True;2
1621230885000;11501507;0.86107;0.86119;0.86113;0;T;True;2
1621230886000;11501508;0.86107;0.86119;0.86113;0;T;True;2
1621230887000;11501509;0.86107;0.86119;0.86113;0;T;True;2
1621230888000;11501511;0.86106;0.86118;0.86112;1;T;True;2
1621230889000;11501512;0.86106;0.86118;0.86112;0;T;True;2
1621230890000;11501514;0.86106;0.86118;0.86112;1;T;True;2
1621230891000;11501515;0.86106;0.86118;0.86112;0;T;True;2
1621230892000;11501516;0.86106;0.86118;0.86112;0;T;True;2
1621230893000;11501517;0.86106;0.86118;0.86112;0;T;True;2
1621230894000;11501519;0.86107;0.86119;0.86113;1;T;True;2
1621230895000;11501524;0.86108;0.8612;0.86114;4;T;True;2
1621230896000;11501525;0.86108;0.8612;0.86114;0;T;True;2
1621230897000;11501526;0.86108;0.8612;0.86114;0;T;True;2
1621230898000;11501527;0.86108;0.8612;0.86114;0;T;True;2
1621230899000;11501529;0.86109;0.86121;0.86115;1;T;True;2
1621230900000;11501531;0.86109;0.86121;0.86115;1;T;True;2
1621230901000;11501535;0.86109;0.86121;0.86115;3;T;True;2
1621230902000;11501536;0.86109;0.86121;0.86115;0;T;True;2
1621230903000;11501539;0.86109;0.86121;0.86115;2;T;True;2
1621230904000;11501541;0.86109;0.86121;0.86115;1;T;True;2
1621230905000;11501542;0.86109;0.86121;0.86115;0;T;True;2
1621230906000;11501543;0.86109;0.86121;0.86115;0;T;True;2
1621230907000;11501545;0.86109;0.86121;0.86115;1;T;True;2
1621230908000;11501546;0.86109;0.86121;0.86115;0;T;True;2
1621230909000;11501547;0.86109;0.86121;0.86115;0;T;True;2
1621230910000;11501549;0.86107;0.86119;0.86113;1;T;True;2
1621230911000;11501550;0.86107;0.86119;0.86113;0;T;True;2
1621230912000;11501551;0.86107;0.86119;0.86113;0;T;True;2
1621230913000;11501552;0.86107;0.86119;0.86113;0;T;True;2
1621230914000;11501553;0.86107;0.86119;0.86113;0;T;True;2
1621230915000;11501554;0.86107;0.86119;0.86113;0;T;True;2
1621230916000;11501558;0.86108;0.8612;0.86114;3;T;True;2
1621230917000;11501559;0.86108;0.8612;0.86114;0;T;True;2
1621230918000;11501563;0.86109;0.86121;0.86115;3;T;True;2
1621230919000;11501564;0.86109;0.86121;0.86115;0;T;True;2
1621230920000;11501565;0.86109;0.86121;0.86115;0;T;True;2
1621230921000;11501566;0.86109;0.86121;0.86115;0;T;True;2
1621230922000;11501568;0.86109;0.86121;0.86115;1;T;True;2
1621230923000;11501570;0.86109;0.86121;0.86115;1;T;True;2
1621230924000;11501572;0.86109;0.86121;0.86115;1;T;True;2
1621230925000;11501573;0.86109;0.86121;0.86115;0;T;True;2
1621230926000;11501574;0.86109;0.86121;0.86115;0;T;True;2
1621230927000;11501578;0.86109;0.86121;0.86115;3;T;True;2
1621230928000;11501580;0.86109;0.86121;0.86115;1;T;True;2
1621230929000;11501581;0.86109;0.86121;0.86115;0;T;True;2
1621230930000;11501583;0.86107;0.86119;0.86113;1;T;True;2
1621230931000;11501586;0.86107;0.86119;0.86113;2;T;True;2
1621230932000;11501587;0.86107;0.86119;0.86113;0;T;True;2
1621230933000;11501588;0.86107;0.86119;0.86113;0;T;True;2
1621230934000;11501589;0.86107;0.86119;0.86113;0;T;True;2
1621230935000;11501592;0.86108;0.8612;0.86114;2;T;True;2
1621230936000;11501593;0.86108;0.8612;0.86114;0;T;True;2
1621230937000;11501596;0.86108;0.8612;0.86114;2;T;True;2
1621230938000;11501598;0.86108;0.8612;0.86114;1;T;True;2
1621230939000;11501600;0.86107;0.86119;0.86113;1;T;True;2
1621230940000;11501601;0.86107;0.86119;0.86113;0;T;True;2
1621230941000;11501602;0.86107;0.86119;0.86113;0;T;True;2
1621230942000;11501604;0.86107;0.86119;0.86113;1;T;True;2
1621230943000;11501605;0.86107;0.86119;0.86113;0;T;True;2
1621230944000;11501606;0.86107;0.86119;0.86113;0;T;True;2
1621230945000;11501607;0.86107;0.86119;0.86113;0;T;True;2
1621230946000;11501608;0.86107;0.86119;0.86113;0;T;True;2
1621230947000;11501609;0.86107;0.86119;0.86113;0;T;True;2
1621230948000;11501610;0.86107;0.86119;0.86113;0;T;True;2
1621230949000;11501612;0.86107;0.86119;0.86113;1;T;True;2
1621230950000;11501617;0.86107;0.86119;0.86113;4;T;True;2
1621230951000;11501619;0.86107;0.86119;0.86113;1;T;True;2
1621230952000;11501621;0.86107;0.86119;0.86113;1;T;True;2
1621230953000;11501622;0.86107;0.86119;0.86113;0;T;True;2
1621230954000;11501623;0.86107;0.86119;0.86113;0;T;True;2
1621230955000;11501624;0.86107;0.86119;0.86113;0;T;True;2
1621230956000;11501625;0.86107;0.86119;0.86113;0;T;True;2
1621230957000;11501626;0.86107;0.86119;0.86113;0;T;True;2
1621230958000;11501627;0.86107;0.86119;0.86113;0;T;True;2
1621230959000;11501629;0.86107;0.86119;0.86113;1;T;True;2
1621230960000;11501630;0.86107;0.86119;0.86113;0;T;True;2
1621230961000;11501632;0.86107;0.86119;0.86113;1;T;True;2
1621230962000;11501635;0.86105;0.86117;0.86111;2;T;True;2
1621230963000;11501640;0.86103;0.86115;0.86109;4;T;True;2
1621230964000;11501641;0.86103;0.86115;0.86109;0;T;True;2
1621230965000;11501644;0.86102;0.86114;0.86108;2;T;True;2
1621230966000;11501645;0.86102;0.86114;0.86108;0;T;True;2
1621230967000;11501646;0.86102;0.86114;0.86108;0;T;True;2
1621230968000;11501647;0.86102;0.86114;0.86108;0;T;True;2
1621230969000;11501650;0.86102;0.86114;0.86108;2;T;True;2
1621230970000;11501651;0.86102;0.86114;0.86108;0;T;True;2
1621230971000;11501653;0.86101;0.86113;0.86107;1;T;True;2
1621230972000;11501655;0.86101;0.86113;0.86107;1;T;True;2
1621230973000;11501658;0.86101;0.86113;0.86107;2;T;True;2
1621230974000;11501659;0.86101;0.86113;0.86107;0;T;True;2
1621230975000;11501660;0.86101;0.86113;0.86107;0;T;True;2
1621230976000;11501661;0.86101;0.86113;0.86107;0;T;True;2
1621230977000;11501663;0.861;0.86112;0.86106;1;T;True;2
1621230978000;11501664;0.861;0.86112;0.86106;0;T;True;2
1621230979000;11501665;0.861;0.86112;0.86106;0;T;True;2
1621230980000;11501666;0.861;0.86112;0.86106;0;T;True;2
1621230981000;11501667;0.861;0.86112;0.86106;0;T;True;2
1621230982000;11501668;0.861;0.86112;0.86106;0;T;True;2
1621230983000;11501669;0.861;0.86112;0.86106;0;T;True;2
1621230984000;11501670;0.861;0.86112;0.86106;0;T;True;2
1621230985000;11501671;0.861;0.86112;0.86106;0;T;True;2
1621230986000;11501672;0.861;0.86112;0.86106;0;T;True;2
1621230987000;11501673;0.861;0.86112;0.86106;0;T;True;2
1621230988000;11501674;0.861;0.86112;0.86106;0;T;True;2
1621230989000;11501675;0.861;0.86112;0.86106;0;T;True;2
1621230990000;11501676;0.861;0.86112;0.86106;0;T;True;2
1621230991000;11501677;0.861;0.86112;0.86106;0;T;True;2
