ts;n;bid;ask;value;volume;phase;round;active_id
1621265262000;11573496;0.86047;0.86059;0.86053;0;T;True;2
1621265263000;11573497;0.86047;0.86059;0.86053;0;T;True;2
1621265264000;11573499;0.86048;0.8606;0.86054;1;T;True;2
1621265265000;11573500;0.86048;0.8606;0.86054;0;T;True;2
1621265266000;11573502;0.86047;0.86059;0.86053;1;T;True;2
1621265267000;11573503;0.86047;0.86059;0.86053;0;T;True;2
1621265268000;11573504;0.86047;0.86059;0.86053;0;T;True;2
1621265269000;11573505;0.86047;0.86059;0.86053;0;T;True;2
1621265270000;11573506;0.86047;0.86059;0.86053;0;T;True;2
1621265271000;11573507;0.86047;0.86059;0.86053;0;T;True;2
1621265272000;11573508;0.86047;0.86059;0.86053;0;T;True;2
1621265273000;11573509;0.86047;0.86059;0.86053;0;T;True;2
1621265274000;11573510;0.86047;0.86059;0.86053;0;T;True;2
1621265275000;11573511;0.86047;0.86059;0.86053;0;T;True;2
1621265276000;11573512;0.86047;0.86059;0.86053;0;T;True;2
1621265277000;11573513;0.86047;0.86059;0.86053;0;T;True;2
1621265278000;11573514;0.86047;0.86059;0.86053;0;T;True;2
1621265279000;11573515;0.86047;0.86059;0.86053;0;T;True;2
1621265280000;11573516;0.86047;0.86059;0.86053;0;T;True;2
1621265281000;11573521;0.86047;0.86059;0.86053;4;T;True;2
1621265282000;11573523;0.86045;0.86057;0.86051;1;T;True;2
1621265283000;11573525;0.86045;0.86057;0.86051;1;T;True;2
1621265284000;11573526;0.86045;0.86057;0.86051;0;T;True;2
1621265285000;11573527;0.86045;0.86057;0.86051;0;T;True;2
1621265286000;11573529;0.86045;0.86057;0.86051;1;T;True;2
1621265287000;11573533;0.86045;0.86057;0.86051;3;T;True;2
1621265288000;11573534;0.86045;0.86057;0.86051;0;T;True;2
1621265289000;11573538;0.86047;0.86059;0.86053;3;T;True;2
1621265290000;11573539;0.86047;0.86059;0.86053;0;T;True;2
1621265291000;11573540;0.86047;0.86059;0.86053;0;T;True;2
1621265292000;11573544;0.86047;0.86059;0.86053;3;T;True;2
1621265293000;11573546;0.86047;0.86059;0.86053;1;T;True;2
1621265294000;11573547;0.86047;0.86059;0.86053;0;T;True;2
1621265295000;11573548;0.86047;0.86059;0.86053;0;T;True;2
1621265296000;11573549;0.86047;0.86059;0.86053;0;T;True;2
1621265297000;11573550;0.86047;0.86059;0.86053;0;T;True;2
1621265298000;11573552;0.86047;0.86059;0.86053;1;T;True;2
1621265299000;11573553;0.86047;0.86059;0.86053;0;T;True;2
1621265300000;11573554;0.86047;0.86059;0.86053;0;T;True;2
1621265301000;11573555;0.86047;0.86059;0.86053;0;T;True;2
1621265302000;11573558;0.86047;0.86059;0.86053;2;T;True;2
1621265303000;11573560;0.86047;0.86059;0.86053;1;T;True;2
1621265304000;11573564;0.86047;0.86059;0.86053;3;T;True;2
1621265305000;11573565;0.86047;0.86059;0.86053;0;T;True;2
1621265306000;11573566;0.86047;0.86059;0.86053;0;T;True;2
1621265307000;11573571;0.86047;0.86059;0.86053;4;T;True;2
1621265308000;11573574;0.86049;0.86061;0.86055;2;T;True;2
1621265309000;11573575;0.86049;0.86061;0.86055;0;T;True;2
1621265310000;11573577;0.86048;0.8606;0.86054;1;T;True;2
1621265311000;11573578;0.86048;0.8606;0.86054;0;T;True;2
1621265312000;11573580;0.86047;0.86059;0.86053;1;T;True;2
1621265313000;11573581;0.86047;0.86059;0.86053;0;T;True;2
1621265314000;11573584;0.86047;0.86059;0.86053;2;T;True;2
1621265315000;11573585;0.86047;0.86059;0.86053;0;T;True;2
1621265316000;11573589;0.86046;0.86058;0.86052;3;T;True;2
1621265317000;11573592;0.86045;0.86057;0.86051;2;T;True;2
1621265318000;11573593;0.86045;0.86057;0.86051;0;T;True;2
1621265319000;11573594;0.86045;0.86057;0.86051;0;T;True;2
1621265320000;11573595;0.86045;0.86057;0.86051;0;T;True;2
1621265321000;11573596;0.86045;0.86057;0.86051;0;T;True;2
1621265322000;11573597;0.86045;0.86057;0.86051;0;T;True;2
1621265323000;11573601;0.86045;0.86057;0.86051;3;T;True;2
1621265324000;11573603;0.86046;0.86058;0.86052;1;T;True;2
1621265325000;11573605;0.86045;0.86057;0.86051;1;T;True;2
1621265326000;11573612;0.86047;0.86059;0.86053;6;T;True;2
1621265327000;11573617;0.86048;0.8606;0.86054;4;T;True;2
1621265328000;11573619;0.86049;0.86061;0.86055;1;T;True;2
1621265329000;11573620;0.86049;0.86061;0.86055;0;T;True;2
1621265330000;11573621;0.86049;0.86061;0.86055;0;T;True;2
1621265331000;11573622;0.86049;0.86061;0.86055;0;T;True;2
1621265332000;11573623;0.86049;0.86061;0.86055;0;T;True;2
1621265333000;11573624;0.86049;0.86061;0.86055;0;T;True;2
1621265334000;11573625;0.86049;0.86061;0.86055;0;T;True;2
1621265335000;11573626;0.86049;0.86061;0.86055;0;T;True;2
1621265336000;11573627;0.86049;0.86061;0.86055;0;T;True;2
1621265337000;11573628;0.86049;0.86061;0.86055;0;T;True;2
1621265338000;11573633;0.86047;0.86059;0.86053;4;T;True;2
1621265339000;11573636;0.86045;0.86057;0.86051;2;T;True;2
1621265340000;11573637;0.86045;0.86057;0.86051;0;T;True;2
1621265341000;11573641;0.86044;0.86056;0.8605;3;T;True;2
1621265342000;11573645;0.86042;0.86054;0.86048;3;T;True;2
1621265343000;11573646;0.86042;0.86054;0.86048;0;T;True;2
1621265344000;11573649;0.86043;0.86055;0.86049;2;T;True;2
1621265345000;11573654;0.86041;0.86053;0.86047;4;T;True;2
1621265346000;11573656;0.86041;0.86053;0.86047;1;T;True;2
1621265347000;11573658;0.86041;0.86053;0.86047;1;T;True;2
1621265348000;11573659;0.86041;0.86053;0.86047;0;T;True;2
1621265349000;11573660;0.86041;0.86053;0.86047;0;T;True;2
1621265350000;11573661;0.86041;0.86053;0.86047;0;T;True;2
1621265351000;11573662;0.86041;0.86053;0.86047;0;T;True;2
1621265352000;11573663;0.86041;0.86053;0.86047;0;T;True;2
1621265353000;11573664;0.86041;0.86053;0.86047;0;T;True;2
1621265354000;11573665;0.86041;0.86053;0.86047;0;T;True;2
1621265355000;11573666;0.86041;0.86053;0.86047;0;T;True;2
1621265356000;11573667;0.86041;0.86053;0.86047;0;T;True;2
1621265357000;11573668;0.86041;0.86053;0.86047;0;T;True;2
1621265358000;11573669;0.86041;0.86053;0.86047;0;T;True;2
1621265359000;11573670;0.86041;0.86053;0.86047;0;T;True;2
1621265360000;11573671;0.86041;0.86053;0.86047;0;T;True;2
1621265361000;11573672;0.86041;0.86053;0.86047;0;T;True;2
1621265362000;11573676;0.86041;0.86053;0.86047;3;T;True;2
1621265363000;11573677;0.86041;0.86053;0.86047;0;T;True;2
1621265364000;11573679;0.86041;0.86053;0.86047;1;T;True;2
1621265365000;11573680;0.86041;0.86053;0.86047;0;T;True;2
1621265366000;11573681;0.86041;0.86053;0.86047;0;T;True;2
1621265367000;11573682;0.86041;0.86053;0.86047;0;T;True;2
1621265368000;11573683;0.86041;0.86053;0.86047;0;T;True;2
1621265369000;11573687;0.86039;0.86051;0.86045;3;T;True;2
1621265370000;11573689;0.86039;0.86051;0.86045;1;T;True;2
1621265371000;11573690;0.86039;0.86051;0.86045;0;T;True;2
1621265372000;11573691;0.86039;0.86051;0.86045;0;T;True;2
1621265373000;11573692;0.86039;0.86051;0.86045;0;T;True;2
1621265374000;11573696;0.8604;0.86052;0.86046;3;T;True;2
1621265375000;11573698;0.86041;0.86053;0.86047;1;T;True;2
1621265376000;11573699;0.86041;0.86053;0.86047;0;T;True;2
1621265377000;11573700;0.86041;0.86053;0.86047;0;T;True;2
1621265378000;11573701;0.86041;0.86053;0.86047;0;T;True;2
1621265379000;11573703;0.86042;0.86054;0.86048;1;T;True;2
1621265380000;11573704;0.86042;0.86054;0.86048;0;T;True;2
1621265381000;11573706;0.86041;0.86053;0.86047;1;T;True;2
1621265382000;11573707;0.86041;0.86053;0.86047;0;T;True;2
1621265383000;11573712;0.8604;0.86052;0.86046;4;T;True;2
1621265384000;11573715;0.86041;0.86053;0.86047;2;T;True;2
1621265385000;11573716;0.86041;0.86053;0.86047;0;T;True;2
1621265386000;11573717;0.86041;0.86053;0.86047;0;T;True;2
1621265387000;11573718;0.86041;0.86053;0.86047;0;T;True;2
1621265388000;11573719;0.86041;0.86053;0.86047;0;T;True;2
1621265389000;11573720;0.86041;0.86053;0.86047;0;T;True;2
1621265390000;11573721;0.86041;0.86053;0.86047;0;T;True;2
1621265391000;11573722;0.86041;0.86053;0.86047;0;T;True;2
1621265392000;11573723;0.86041;0.86053;0.86047;0;T;True;2
1621265393000;11573724;0.86041;0.86053;0.86047;0;T;True;2
1621265394000;11573727;0.86041;0.86053;0.86047;2;T;True;2
1621265395000;11573728;0.86041;0.86053;0.86047;0;T;True;2
1621265396000;11573729;0.86041;0.86053;0.86047;0;T;True;2
1621265397000;11573730;0.86041;0.86053;0.86047;0;T;True;2
1621265398000;11573731;0.86041;0.86053;0.86047;0;T;True;2
1621265399000;11573732;0.86041;0.86053;0.86047;0;T;True;2
1621265400000;11573733;0.86041;0.86053;0.86047;0;T;True;2
1621265401000;11573734;0.86041;0.86053;0.86047;0;T;True;2
1621265402000;11573735;0.86041;0.86053;0.86047;0;T;True;2
1621265403000;11573736;0.86041;0.86053;0.86047;0;T;True;2
1621265404000;11573738;0.86042;0.86054;0.86048;1;T;True;2
1621265405000;11573739;0.86042;0.86054;0.86048;0;T;True;2
1621265406000;11573744;0.86041;0.86053;0.86047;4;T;True;2
1621265407000;11573746;0.86041;0.86053;0.86047;1;T;True;2
1621265408000;11573748;0.86039;0.86051;0.86045;1;T;True;2
1621265409000;11573749;0.86039;0.86051;0.86045;0;T;True;2
1621265410000;11573750;0.86039;0.86051;0.86045;0;T;True;2
1621265411000;11573751;0.86039;0.86051;0.86045;0;T;True;2
1621265412000;11573752;0.86039;0.86051;0.86045;0;T;True;2
1621265413000;11573755;0.86041;0.86053;0.86047;2;T;True;2
1621265414000;11573756;0.86041;0.86053;0.86047;0;T;True;2
1621265415000;11573760;0.86037;0.86049;0.86043;3;T;True;2
1621265416000;11573764;0.86033;0.86045;0.86039;3;T;True;2
1621265417000;11573767;0.86033;0.86045;0.86039;2;T;True;2
1621265418000;11573768;0.86033;0.86045;0.86039;0;T;True;2
1621265419000;11573769;0.86033;0.86045;0.86039;0;T;True;2
1621265420000;11573771;0.86033;0.86045;0.86039;1;T;True;2
1621265421000;11573773;0.86031;0.86043;0.86037;1;T;True;2
1621265422000;11573774;0.86031;0.86043;0.86037;0;T;True;2
1621265423000;11573776;0.86031;0.86043;0.86037;1;T;True;2
1621265424000;11573777;0.86031;0.86043;0.86037;0;T;True;2
1621265425000;11573778;0.86031;0.86043;0.86037;0;T;True;2
1621265426000;11573779;0.86031;0.86043;0.86037;0;T;True;2
1621265427000;11573781;0.86031;0.86043;0.86037;1;T;True;2
1621265428000;11573782;0.86031;0.86043;0.86037;0;T;True;2
1621265429000;11573783;0.86031;0.86043;0.86037;0;T;True;2
1621265430000;11573785;0.8603;0.86042;0.86036;1;T;True;2
1621265431000;11573789;0.86025;0.86037;0.86031;3;T;True;2
1621265432000;11573791;0.86024;0.86036;0.8603;1;T;True;2
1621265433000;11573792;0.86024;0.86036;0.8603;0;T;True;2
1621265434000;11573794;0.86023;0.86035;0.86029;1;T;True;2
1621265435000;11573795;0.86023;0.86035;0.86029;0;T;True;2
1621265436000;11573796;0.86023;0.86035;0.86029;0;T;True;2
1621265437000;11573797;0.86023;0.86035;0.86029;0;T;True;2
1621265438000;11573799;0.86023;0.86035;0.86029;1;T;True;2
1621265439000;11573800;0.86023;0.86035;0.86029;0;T;True;2
1621265440000;11573801;0.86023;0.86035;0.86029;0;T;True;2
1621265441000;11573802;0.86023;0.86035;0.86029;0;T;True;2
1621265442000;11573805;0.86023;0.86035;0.86029;2;T;True;2
1621265443000;11573806;0.86023;0.86035;0.86029;0;T;True;2
1621265444000;11573809;0.86025;0.86037;0.86031;2;T;True;2
1621265445000;11573810;0.86025;0.86037;0.86031;0;T;True;2
1621265446000;11573811;0.86025;0.86037;0.86031;0;T;True;2
1621265447000;11573812;0.86025;0.86037;0.86031;0;T;True;2
1621265448000;11573816;0.86027;0.86039;0.86033;3;T;True;2
1621265449000;11573817;0.86027;0.86039;0.86033;0;T;True;2
1621265450000;11573818;0.86027;0.86039;0.86033;0;T;True;2
1621265451000;11573821;0.86029;0.86041;0.86035;2;T;True;2
1621265452000;11573822;0.86029;0.86041;0.86035;0;T;True;2
1621265453000;11573824;0.86029;0.86041;0.86035;1;T;True;2
1621265454000;11573825;0.86029;0.86041;0.86035;0;T;True;2
1621265455000;11573827;0.86027;0.86039;0.86033;1;T;True;2
1621265456000;11573828;0.86027;0.86039;0.86033;0;T;True;2
1621265457000;11573831;0.86029;0.86041;0.86035;2;T;True;2
1621265458000;11573833;0.86029;0.86041;0.86035;1;T;True;2
1621265459000;11573836;0.86027;0.86039;0.86033;2;T;True;2
1621265460000;11573837;0.86027;0.86039;0.86033;0;T;True;2
1621265461000;11573838;0.86027;0.86039;0.86033;0;T;True;2
1621265462000;11573840;0.86028;0.8604;0.86034;1;T;True;2
1621265463000;11573841;0.86028;0.8604;0.86034;0;T;True;2
1621265464000;11573842;0.86028;0.8604;0.86034;0;T;True;2
1621265465000;11573844;0.86027;0.86039;0.86033;1;T;True;2
1621265466000;11573845;0.86027;0.86039;0.86033;0;T;True;2
1621265467000;11573846;0.86027;0.86039;0.86033;0;T;True;2
1621265468000;11573847;0.86027;0.86039;0.86033;0;T;True;2
1621265469000;11573848;0.86027;0.86039;0.86033;0;T;True;2
1621265470000;11573849;0.86027;0.86039;0.86033;0;T;True;2
1621265471000;11573853;0.86027;0.86039;0.86033;3;T;True;2
1621265472000;11573856;0.86026;0.86038;0.86032;2;T;True;2
1621265473000;11573858;0.86025;0.86037;0.86031;1;T;True;2
1621265474000;11573863;0.86026;0.86038;0.86032;4;T;True;2
1621265475000;11573866;0.86027;0.86039;0.86033;2;T;True;2
1621265476000;11573868;0.86028;0.8604;0.86034;1;T;True;2
1621265477000;11573869;0.86028;0.8604;0.86034;0;T;True;2
1621265478000;11573871;0.86027;0.86039;0.86033;1;T;True;2
1621265479000;11573872;0.86027;0.86039;0.86033;0;T;True;2
1621265480000;11573873;0.86027;0.86039;0.86033;0;T;True;2
1621265481000;11573874;0.86027;0.86039;0.86033;0;T;True;2
1621265482000;11573876;0.86025;0.86037;0.86031;1;T;True;2
1621265483000;11573878;0.86025;0.86037;0.86031;1;T;True;2
1621265484000;11573879;0.86025;0.86037;0.86031;0;T;True;2
1621265485000;11573880;0.86025;0.86037;0.86031;0;T;True;2
1621265486000;11573882;0.86024;0.86036;0.8603;1;T;True;2
1621265487000;11573885;0.86022;0.86034;0.86028;2;T;True;2
1621265488000;11573890;0.86025;0.86037;0.86031;4;T;True;2
1621265489000;11573893;0.86023;0.86035;0.86029;2;T;True;2
1621265490000;11573896;0.86022;0.86034;0.86028;2;T;True;2
1621265491000;11573897;0.86022;0.86034;0.86028;0;T;True;2
1621265492000;11573899;0.86023;0.86035;0.86029;1;T;True;2
1621265493000;11573900;0.86023;0.86035;0.86029;0;T;True;2
1621265494000;11573901;0.86023;0.86035;0.86029;0;T;True;2
1621265495000;11573902;0.86023;0.86035;0.86029;0;T;True;2
1621265496000;11573903;0.86023;0.86035;0.86029;0;T;True;2
1621265497000;11573904;0.86023;0.86035;0.86029;0;T;True;2
1621265498000;11573905;0.86023;0.86035;0.86029;0;T;True;2
1621265499000;11573906;0.86023;0.86035;0.86029;0;T;True;2
1621265500000;11573907;0.86023;0.86035;0.86029;0;T;True;2
1621265501000;11573908;0.86023;0.86035;0.86029;0;T;True;2
1621265502000;11573911;0.86022;0.86034;0.86028;2;T;True;2
1621265503000;11573912;0.86022;0.86034;0.86028;0;T;True;2
1621265504000;11573913;0.86022;0.86034;0.86028;0;T;True;2
1621265505000;11573917;0.86022;0.86034;0.86028;3;T;True;2
1621265506000;11573918;0.86022;0.86034;0.86028;0;T;True;2
1621265507000;11573919;0.86022;0.86034;0.86028;0;T;True;2
1621265508000;11573920;0.86022;0.86034;0.86028;0;T;True;2
1621265509000;11573921;0.86022;0.86034;0.86028;0;T;True;2
1621265510000;11573923;0.86021;0.86033;0.86027;1;T;True;2
1621265511000;11573928;0.86021;0.86033;0.86027;4;T;True;2
1621265512000;11573932;0.86019;0.86031;0.86025;3;T;True;2
1621265513000;11573933;0.86019;0.86031;0.86025;0;T;True;2
1621265514000;11573937;0.86019;0.86031;0.86025;3;T;True;2
1621265515000;11573938;0.86019;0.86031;0.86025;0;T;True;2
1621265516000;11573939;0.86019;0.86031;0.86025;0;T;True;2
1621265517000;11573940;0.86019;0.86031;0.86025;0;T;True;2
1621265518000;11573946;0.86019;0.86031;0.86025;5;T;True;2
1621265519000;11573948;0.86019;0.86031;0.86025;1;T;True;2
1621265520000;11573953;0.86021;0.86033;0.86027;4;T;True;2
1621265521000;11573954;0.86021;0.86033;0.86027;0;T;True;2
1621265522000;11573955;0.86021;0.86033;0.86027;0;T;True;2
1621265523000;11573956;0.86021;0.86033;0.86027;0;T;True;2
1621265524000;11573957;0.86021;0.86033;0.86027;0;T;True;2
1621265525000;11573959;0.86022;0.86034;0.86028;1;T;True;2
1621265526000;11573961;0.86023;0.86035;0.86029;1;T;True;2
1621265527000;11573962;0.86023;0.86035;0.86029;0;T;True;2
1621265528000;11573966;0.86025;0.86037;0.86031;3;T;True;2
1621265529000;11573968;0.86025;0.86037;0.86031;1;T;True;2
1621265530000;11573970;0.86024;0.86036;0.8603;1;T;True;2
1621265531000;11573972;0.86025;0.86037;0.86031;1;T;True;2
1621265532000;11573973;0.86025;0.86037;0.86031;0;T;True;2
1621265533000;11573974;0.86025;0.86037;0.86031;0;T;True;2
1621265534000;11573978;0.86025;0.86037;0.86031;3;T;True;2
1621265535000;11573979;0.86025;0.86037;0.86031;0;T;True;2
1621265536000;11573980;0.86025;0.86037;0.86031;0;T;True;2
1621265537000;11573981;0.86025;0.86037;0.86031;0;T;True;2
1621265538000;11573984;0.86025;0.86037;0.86031;2;T;True;2
1621265539000;11573988;0.86025;0.86037;0.86031;3;T;True;2
1621265540000;11573989;0.86025;0.86037;0.86031;0;T;True;2
1621265541000;11573991;0.86025;0.86037;0.86031;1;T;True;2
1621265542000;11573995;0.86026;0.86038;0.86032;3;T;True;2
1621265543000;11573996;0.86026;0.86038;0.86032;0;T;True;2
1621265544000;11573998;0.86027;0.86039;0.86033;1;T;True;2
1621265545000;11573999;0.86027;0.86039;0.86033;0;T;True;2
1621265546000;11574003;0.86026;0.86038;0.86032;3;T;True;2
1621265547000;11574005;0.86025;0.86037;0.86031;1;T;True;2
1621265548000;11574007;0.86026;0.86038;0.86032;1;T;True;2
1621265549000;11574008;0.86026;0.86038;0.86032;0;T;True;2
1621265550000;11574010;0.86027;0.86039;0.86033;1;T;True;2
1621265551000;11574014;0.86031;0.86043;0.86037;3;T;True;2
1621265552000;11574017;0.86032;0.86044;0.86038;2;T;True;2
1621265553000;11574019;0.8603;0.86042;0.86036;1;T;True;2
1621265554000;11574021;0.86029;0.86041;0.86035;1;T;True;2
1621265555000;11574026;0.86029;0.86041;0.86035;4;T;True;2
1621265556000;11574027;0.86029;0.86041;0.86035;0;T;True;2
1621265557000;11574028;0.86029;0.86041;0.86035;0;T;True;2
1621265558000;11574029;0.86029;0.86041;0.86035;0;T;True;2
1621265559000;11574030;0.86029;0.86041;0.86035;0;T;True;2
1621265560000;11574031;0.86029;0.86041;0.86035;0;T;True;2
1621265561000;11574032;0.86029;0.86041;0.86035;0;T;True;2
1621265562000;11574033;0.86029;0.86041;0.86035;0;T;True;2
1621265563000;11574034;0.86029;0.86041;0.86035;0;T;True;2
1621265564000;11574035;0.86029;0.86041;0.86035;0;T;True;2
1621265565000;11574036;0.86029;0.86041;0.86035;0;T;True;2
1621265566000;11574037;0.86029;0.86041;0.86035;0;T;True;2
1621265567000;11574038;0.86029;0.86041;0.86035;0;T;True;2
1621265568000;11574040;0.86029;0.86041;0.86035;1;T;True;2
1621265569000;11574041;0.86029;0.86041;0.86035;0;T;True;2
1621265570000;11574042;0.86029;0.86041;0.86035;0;T;True;2
1621265571000;11574044;0.86029;0.86041;0.86035;1;T;True;2
1621265572000;11574047;0.8603;0.86042;0.86036;2;T;True;2
1621265573000;11574052;0.86033;0.86045;0.86039;4;T;True;2
1621265574000;11574054;0.86033;0.86045;0.86039;1;T;True;2
1621265575000;11574057;0.86037;0.86049;0.86043;2;T;True;2
1621265576000;11574059;0.86038;0.8605;0.86044;1;T;True;2
1621265577000;11574062;0.86039;0.86051;0.86045;2;T;True;2
1621265578000;11574064;0.86039;0.86051;0.86045;1;T;True;2
1621265579000;11574065;0.86039;0.86051;0.86045;0;T;True;2
1621265580000;11574067;0.86039;0.86051;0.86045;1;T;True;2
1621265581000;11574068;0.86039;0.86051;0.86045;0;T;True;2
1621265582000;11574070;0.86039;0.86051;0.86045;1;T;True;2
1621265583000;11574071;0.86039;0.86051;0.86045;0;T;True;2
1621265584000;11574072;0.86039;0.86051;0.86045;0;T;True;2
1621265585000;11574077;0.86037;0.86049;0.86043;4;T;True;2
1621265586000;11574079;0.86039;0.86051;0.86045;1;T;True;2
1621265587000;11574083;0.86035;0.86047;0.86041;3;T;True;2
1621265588000;11574084;0.86035;0.86047;0.86041;0;T;True;2
1621265589000;11574085;0.86035;0.86047;0.86041;0;T;True;2
1621265590000;11574086;0.86035;0.86047;0.86041;0;T;True;2
1621265591000;11574087;0.86035;0.86047;0.86041;0;T;True;2
1621265592000;11574088;0.86035;0.86047;0.86041;0;T;True;2
1621265593000;11574089;0.86035;0.86047;0.86041;0;T;True;2
1621265594000;11574090;0.86035;0.86047;0.86041;0;T;True;2
1621265595000;11574093;0.86039;0.86051;0.86045;2;T;True;2
1621265596000;11574096;0.86038;0.8605;0.86044;2;T;True;2
1621265597000;11574099;0.86036;0.86048;0.86042;2;T;True;2
1621265598000;11574100;0.86036;0.86048;0.86042;0;T;True;2
1621265599000;11574102;0.86036;0.86048;0.86042;1;T;True;2
1621265600000;11574103;0.86036;0.86048;0.86042;0;T;True;2
1621265601000;11574104;0.86036;0.86048;0.86042;0;T;True;2
1621265602000;11574106;0.86035;0.86047;0.86041;1;T;True;2
1621265603000;11574108;0.86035;0.86047;0.86041;1;T;True;2
1621265604000;11574109;0.86035;0.86047;0.86041;0;T;True;2
1621265605000;11574112;0.86037;0.86049;0.86043;2;T;True;2
1621265606000;11574113;0.86037;0.86049;0.86043;0;T;True;2
1621265607000;11574117;0.86035;0.86047;0.86041;3;T;True;2
1621265608000;11574119;0.86035;0.86047;0.86041;1;T;True;2
1621265609000;11574121;0.86036;0.86048;0.86042;1;T;True;2
1621265610000;11574122;0.86036;0.86048;0.86042;0;T;True;2
1621265611000;11574123;0.86036;0.86048;0.86042;0;T;True;2
1621265612000;11574124;0.86036;0.86048;0.86042;0;T;True;2
1621265613000;11574126;0.86037;0.86049;0.86043;1;T;True;2
1621265614000;11574129;0.86039;0.86051;0.86045;2;T;True;2
1621265615000;11574130;0.86039;0.86051;0.86045;0;T;True;2
1621265616000;11574131;0.86039;0.86051;0.86045;0;T;True;2
1621265617000;11574132;0.86039;0.86051;0.86045;0;T;True;2
1621265618000;11574133;0.86039;0.86051;0.86045;0;T;True;2
1621265619000;11574136;0.86036;0.86048;0.86042;2;T;True;2
1621265620000;11574139;0.86036;0.86048;0.86042;2;T;True;2
1621265621000;11574140;0.86036;0.86048;0.86042;0;T;True;2
1621265622000;11574141;0.86036;0.86048;0.86042;0;T;True;2
1621265623000;11574142;0.86036;0.86048;0.86042;0;T;True;2
1621265624000;11574144;0.86035;0.86047;0.86041;1;T;True;2
1621265625000;11574145;0.86035;0.86047;0.86041;0;T;True;2
1621265626000;11574150;0.86037;0.86049;0.86043;4;T;True;2
1621265627000;11574151;0.86037;0.86049;0.86043;0;T;True;2
1621265628000;11574153;0.86035;0.86047;0.86041;1;T;True;2
1621265629000;11574154;0.86035;0.86047;0.86041;0;T;True;2
1621265630000;11574155;0.86035;0.86047;0.86041;0;T;True;2
1621265631000;11574156;0.86035;0.86047;0.86041;0;T;True;2
1621265632000;11574159;0.86035;0.86047;0.86041;2;T;True;2
1621265633000;11574161;0.86035;0.86047;0.86041;1;T;True;2
1621265634000;11574163;0.86035;0.86047;0.86041;1;T;True;2
1621265635000;11574164;0.86035;0.86047;0.86041;0;T;True;2
1621265636000;11574165;0.86035;0.86047;0.86041;0;T;True;2
1621265637000;11574166;0.86035;0.86047;0.86041;0;T;True;2
1621265638000;11574167;0.86035;0.86047;0.86041;0;T;True;2
1621265639000;11574172;0.86034;0.86046;0.8604;4;T;True;2
1621265640000;11574176;0.86033;0.86045;0.86039;3;T;True;2
1621265641000;11574178;0.86034;0.86046;0.8604;1;T;True;2
1621265642000;11574182;0.86034;0.86046;0.8604;3;T;True;2
1621265643000;11574183;0.86034;0.86046;0.8604;0;T;True;2
1621265644000;11574184;0.86034;0.86046;0.8604;0;T;True;2
1621265645000;11574186;0.86034;0.86046;0.8604;1;T;True;2
1621265646000;11574187;0.86034;0.86046;0.8604;0;T;True;2
1621265647000;11574189;0.86034;0.86046;0.8604;1;T;True;2
1621265648000;11574190;0.86034;0.86046;0.8604;0;T;True;2
1621265649000;11574191;0.86034;0.86046;0.8604;0;T;True;2
1621265650000;11574193;0.86034;0.86046;0.8604;1;T;True;2
1621265651000;11574194;0.86034;0.86046;0.8604;0;T;True;2
1621265652000;11574195;0.86034;0.86046;0.8604;0;T;True;2
1621265653000;11574196;0.86034;0.86046;0.8604;0;T;True;2
1621265654000;11574198;0.86034;0.86046;0.8604;1;T;True;2
1621265655000;11574200;0.86033;0.86045;0.86039;1;T;True;2
1621265656000;11574201;0.86033;0.86045;0.86039;0;T;True;2
1621265657000;11574202;0.86033;0.86045;0.86039;0;T;True;2
1621265658000;11574203;0.86033;0.86045;0.86039;0;T;True;2
1621265659000;11574205;0.86033;0.86045;0.86039;1;T;True;2
1621265660000;11574207;0.86033;0.86045;0.86039;1;T;True;2
1621265661000;11574208;0.86033;0.86045;0.86039;0;T;True;2
1621265662000;11574209;0.86033;0.86045;0.86039;0;T;True;2
1621265663000;11574211;0.86033;0.86045;0.86039;1;T;True;2
1621265664000;11574214;0.86033;0.86045;0.86039;2;T;True;2
1621265665000;11574217;0.86033;0.86045;0.86039;2;T;True;2
1621265666000;11574221;0.8603;0.86042;0.86036;3;T;True;2
1621265667000;11574225;0.8603;0.86042;0.86036;3;T;True;2
1621265668000;11574228;0.8603;0.86042;0.86036;2;T;True;2
1621265669000;11574232;0.8603;0.86042;0.86036;3;T;True;2
1621265670000;11574235;0.8603;0.86042;0.86036;2;T;True;2
1621265671000;11574238;0.8603;0.86042;0.86036;2;T;True;2
1621265672000;11574241;0.86031;0.86043;0.86037;2;T;True;2
1621265673000;11574242;0.86031;0.86043;0.86037;0;T;True;2
1621265674000;11574244;0.86031;0.86043;0.86037;1;T;True;2
1621265675000;11574245;0.86031;0.86043;0.86037;0;T;True;2
1621265676000;11574248;0.86031;0.86043;0.86037;2;T;True;2
1621265677000;11574249;0.86031;0.86043;0.86037;0;T;True;2
1621265678000;11574250;0.86031;0.86043;0.86037;0;T;True;2
1621265679000;11574251;0.86031;0.86043;0.86037;0;T;True;2
1621265680000;11574253;0.86031;0.86043;0.86037;1;T;True;2
1621265681000;11574254;0.86031;0.86043;0.86037;0;T;True;2
1621265682000;11574255;0.86031;0.86043;0.86037;0;T;True;2
1621265683000;11574256;0.86031;0.86043;0.86037;0;T;True;2
1621265684000;11574257;0.86031;0.86043;0.86037;0;T;True;2
1621265685000;11574258;0.86031;0.86043;0.86037;0;T;True;2
1621265686000;11574259;0.86031;0.86043;0.86037;0;T;True;2
1621265687000;11574260;0.86031;0.86043;0.86037;0;T;True;2
1621265688000;11574261;0.86031;0.86043;0.86037;0;T;True;2
1621265689000;11574262;0.86031;0.86043;0.86037;0;T;True;2
1621265690000;11574263;0.86031;0.86043;0.86037;0;T;True;2
1621265691000;11574265;0.86032;0.86044;0.86038;1;T;True;2
1621265692000;11574266;0.86032;0.86044;0.86038;0;T;True;2
1621265693000;11574267;0.86032;0.86044;0.86038;0;T;True;2
1621265694000;11574272;0.86038;0.8605;0.86044;4;T;True;2
1621265695000;11574274;0.86037;0.86049;0.86043;1;T;True;2
1621265696000;11574277;0.86037;0.86049;0.86043;2;T;True;2
1621265697000;11574278;0.86037;0.86049;0.86043;0;T;True;2
1621265698000;11574280;0.86037;0.86049;0.86043;1;T;True;2
1621265699000;11574282;0.86038;0.8605;0.86044;1;T;True;2
1621265700000;11574285;0.86037;0.86049;0.86043;2;T;True;2
1621265701000;11574289;0.86039;0.86051;0.86045;3;T;True;2
1621265702000;11574291;0.86038;0.8605;0.86044;1;T;True;2
1621265703000;11574302;0.86038;0.8605;0.86044;10;T;True;2
1621265704000;11574305;0.86038;0.8605;0.86044;2;T;True;2
1621265705000;11574307;0.86039;0.86051;0.86045;1;T;True;2
1621265706000;11574308;0.86039;0.86051;0.86045;0;T;True;2
1621265707000;11574311;0.86037;0.86049;0.86043;2;T;True;2
1621265708000;11574314;0.86039;0.86051;0.86045;2;T;True;2
1621265709000;11574316;0.86039;0.86051;0.86045;1;T;True;2
1621265710000;11574317;0.86039;0.86051;0.86045;0;T;True;2
1621265711000;11574318;0.86039;0.86051;0.86045;0;T;True;2
1621265712000;11574319;0.86039;0.86051;0.86045;0;T;True;2
1621265713000;11574320;0.86039;0.86051;0.86045;0;T;True;2
1621265714000;11574323;0.86038;0.8605;0.86044;2;T;True;2
1621265715000;11574326;0.86038;0.8605;0.86044;2;T;True;2
1621265716000;11574329;0.86037;0.86049;0.86043;2;T;True;2
1621265717000;11574330;0.86037;0.86049;0.86043;0;T;True;2
1621265718000;11574331;0.86037;0.86049;0.86043;0;T;True;2
1621265719000;11574336;0.86037;0.86049;0.86043;4;T;True;2
1621265720000;11574337;0.86037;0.86049;0.86043;0;T;True;2
1621265721000;11574338;0.86037;0.86049;0.86043;0;T;True;2
1621265722000;11574340;0.86037;0.86049;0.86043;1;T;True;2
1621265723000;11574341;0.86037;0.86049;0.86043;0;T;True;2
1621265724000;11574343;0.86037;0.86049;0.86043;1;T;True;2
1621265725000;11574344;0.86037;0.86049;0.86043;0;T;True;2
1621265726000;11574345;0.86037;0.86049;0.86043;0;T;True;2
1621265727000;11574346;0.86037;0.86049;0.86043;0;T;True;2
1621265728000;11574347;0.86037;0.86049;0.86043;0;T;True;2
1621265729000;11574348;0.86037;0.86049;0.86043;0;T;True;2
1621265730000;11574349;0.86037;0.86049;0.86043;0;T;True;2
1621265731000;11574350;0.86037;0.86049;0.86043;0;T;True;2
1621265732000;11574351;0.86037;0.86049;0.86043;0;T;True;2
1621265733000;11574355;0.86041;0.86053;0.86047;3;T;True;2
1621265734000;11574356;0.86041;0.86053;0.86047;0;T;True;2
1621265735000;11574362;0.86039;0.86051;0.86045;5;T;True;2
1621265736000;11574363;0.86039;0.86051;0.86045;0;T;True;2
1621265737000;11574365;0.86038;0.8605;0.86044;1;T;True;2
1621265738000;11574366;0.86038;0.8605;0.86044;0;T;True;2
1621265739000;11574368;0.86039;0.86051;0.86045;1;T;True;2
1621265740000;11574369;0.86039;0.86051;0.86045;0;T;True;2
1621265741000;11574370;0.86039;0.86051;0.86045;0;T;True;2
1621265742000;11574371;0.86039;0.86051;0.86045;0;T;True;2
1621265743000;11574373;0.8604;0.86052;0.86046;1;T;True;2
1621265744000;11574375;0.86039;0.86051;0.86045;1;T;True;2
1621265745000;11574376;0.86039;0.86051;0.86045;0;T;True;2
1621265746000;11574377;0.86039;0.86051;0.86045;0;T;True;2
1621265747000;11574378;0.86039;0.86051;0.86045;0;T;True;2
1621265748000;11574380;0.86038;0.8605;0.86044;1;T;True;2
1621265749000;11574382;0.86039;0.86051;0.86045;1;T;True;2
1621265750000;11574384;0.86038;0.8605;0.86044;1;T;True;2
1621265751000;11574386;0.86037;0.86049;0.86043;1;T;True;2
1621265752000;11574387;0.86037;0.86049;0.86043;0;T;True;2
1621265753000;11574388;0.86037;0.86049;0.86043;0;T;True;2
1621265754000;11574390;0.86039;0.86051;0.86045;1;T;True;2
1621265755000;11574392;0.86039;0.86051;0.86045;1;T;True;2
1621265756000;11574393;0.86039;0.86051;0.86045;0;T;True;2
1621265757000;11574394;0.86039;0.86051;0.86045;0;T;True;2
1621265758000;11574395;0.86039;0.86051;0.86045;0;T;True;2
1621265759000;11574396;0.86039;0.86051;0.86045;0;T;True;2
1621265760000;11574397;0.86039;0.86051;0.86045;0;T;True;2
1621265761000;11574400;0.86039;0.86051;0.86045;2;T;True;2
1621265762000;11574402;0.86038;0.8605;0.86044;1;T;True;2
1621265763000;11574404;0.86039;0.86051;0.86045;1;T;True;2
1621265764000;11574405;0.86039;0.86051;0.86045;0;T;True;2
1621265765000;11574406;0.86039;0.86051;0.86045;0;T;True;2
1621265766000;11574409;0.86039;0.86051;0.86045;2;T;True;2
1621265767000;11574412;0.86039;0.86051;0.86045;2;T;True;2
1621265768000;11574413;0.86039;0.86051;0.86045;0;T;True;2
1621265769000;11574414;0.86039;0.86051;0.86045;0;T;True;2
1621265770000;11574415;0.86039;0.86051;0.86045;0;T;True;2
1621265771000;11574416;0.86039;0.86051;0.86045;0;T;True;2
1621265772000;11574417;0.86039;0.86051;0.86045;0;T;True;2
1621265773000;11574418;0.86039;0.86051;0.86045;0;T;True;2
1621265774000;11574419;0.86039;0.86051;0.86045;0;T;True;2
1621265775000;11574420;0.86039;0.86051;0.86045;0;T;True;2
1621265776000;11574421;0.86039;0.86051;0.86045;0;T;True;2
1621265777000;11574422;0.86039;0.86051;0.86045;0;T;True;2
1621265778000;11574425;0.86037;0.86049;0.86043;2;T;True;2
1621265779000;11574427;0.86037;0.86049;0.86043;1;T;True;2
1621265780000;11574428;0.86037;0.86049;0.86043;0;T;True;2
1621265781000;11574429;0.86037;0.86049;0.86043;0;T;True;2
1621265782000;11574430;0.86037;0.86049;0.86043;0;T;True;2
1621265783000;11574431;0.86037;0.86049;0.86043;0;T;True;2
1621265784000;11574432;0.86037;0.86049;0.86043;0;T;True;2
1621265785000;11574434;0.86038;0.8605;0.86044;1;T;True;2
1621265786000;11574435;0.86038;0.8605;0.86044;0;T;True;2
1621265787000;11574436;0.86038;0.8605;0.86044;0;T;True;2
1621265788000;11574438;0.86037;0.86049;0.86043;1;T;True;2
1621265789000;11574439;0.86037;0.86049;0.86043;0;T;True;2
1621265790000;11574440;0.86037;0.86049;0.86043;0;T;True;2
1621265791000;11574441;0.86037;0.86049;0.86043;0;T;True;2
1621265792000;11574444;0.86037;0.86049;0.86043;2;T;True;2
1621265793000;11574445;0.86037;0.86049;0.86043;0;T;True;2
1621265794000;11574446;0.86037;0.86049;0.86043;0;T;True;2
1621265795000;11574447;0.86037;0.86049;0.86043;0;T;True;2
1621265796000;11574448;0.86037;0.86049;0.86043;0;T;True;2
1621265797000;11574449;0.86037;0.86049;0.86043;0;T;True;2
1621265798000;11574452;0.86039;0.86051;0.86045;2;T;True;2
1621265799000;11574456;0.86039;0.86051;0.86045;3;T;True;2
1621265800000;11574458;0.8604;0.86052;0.86046;1;T;True;2
1621265801000;11574460;0.86039;0.86051;0.86045;1;T;True;2
1621265802000;11574463;0.86039;0.86051;0.86045;2;T;True;2
1621265803000;11574464;0.86039;0.86051;0.86045;0;T;True;2
1621265804000;11574465;0.86039;0.86051;0.86045;0;T;True;2
1621265805000;11574466;0.86039;0.86051;0.86045;0;T;True;2
1621265806000;11574473;0.86033;0.86045;0.86039;6;T;True;2
1621265807000;11574476;0.86031;0.86043;0.86037;2;T;True;2
1621265808000;11574478;0.86031;0.86043;0.86037;1;T;True;2
1621265809000;11574479;0.86031;0.86043;0.86037;0;T;True;2
1621265810000;11574480;0.86031;0.86043;0.86037;0;T;True;2
1621265811000;11574483;0.8603;0.86042;0.86036;2;T;True;2
1621265812000;11574485;0.86029;0.86041;0.86035;1;T;True;2
1621265813000;11574486;0.86029;0.86041;0.86035;0;T;True;2
1621265814000;11574489;0.86028;0.8604;0.86034;2;T;True;2
1621265815000;11574490;0.86028;0.8604;0.86034;0;T;True;2
1621265816000;11574491;0.86028;0.8604;0.86034;0;T;True;2
1621265817000;11574492;0.86028;0.8604;0.86034;0;T;True;2
1621265818000;11574493;0.86028;0.8604;0.86034;0;T;True;2
1621265819000;11574495;0.86027;0.86039;0.86033;1;T;True;2
1621265820000;11574498;0.86027;0.86039;0.86033;2;T;True;2
1621265821000;11574502;0.86027;0.86039;0.86033;3;T;True;2
1621265822000;11574504;0.86027;0.86039;0.86033;1;T;True;2
1621265823000;11574508;0.86025;0.86037;0.86031;3;T;True;2
1621265824000;11574509;0.86025;0.86037;0.86031;0;T;True;2
1621265825000;11574510;0.86025;0.86037;0.86031;0;T;True;2
1621265826000;11574511;0.86025;0.86037;0.86031;0;T;True;2
1621265827000;11574515;0.86025;0.86037;0.86031;3;T;True;2
1621265828000;11574517;0.86025;0.86037;0.86031;1;T;True;2
1621265829000;11574518;0.86025;0.86037;0.86031;0;T;True;2
1621265830000;11574520;0.86024;0.86036;0.8603;1;T;True;2
1621265831000;11574521;0.86024;0.86036;0.8603;0;T;True;2
1621265832000;11574522;0.86024;0.86036;0.8603;0;T;True;2
1621265833000;11574524;0.86024;0.86036;0.8603;1;T;True;2
1621265834000;11574526;0.86025;0.86037;0.86031;1;T;True;2
1621265835000;11574527;0.86025;0.86037;0.86031;0;T;True;2
1621265836000;11574529;0.86025;0.86037;0.86031;1;T;True;2
1621265837000;11574530;0.86025;0.86037;0.86031;0;T;True;2
1621265838000;11574536;0.86025;0.86037;0.86031;5;T;True;2
1621265839000;11574538;0.86025;0.86037;0.86031;1;T;True;2
1621265840000;11574541;0.86025;0.86037;0.86031;2;T;True;2
1621265841000;11574542;0.86025;0.86037;0.86031;0;T;True;2
1621265842000;11574543;0.86025;0.86037;0.86031;0;T;True;2
1621265843000;11574544;0.86025;0.86037;0.86031;0;T;True;2
1621265844000;11574545;0.86025;0.86037;0.86031;0;T;True;2
1621265845000;11574546;0.86025;0.86037;0.86031;0;T;True;2
1621265846000;11574547;0.86025;0.86037;0.86031;0;T;True;2
1621265847000;11574548;0.86025;0.86037;0.86031;0;T;True;2
1621265848000;11574549;0.86025;0.86037;0.86031;0;T;True;2
1621265849000;11574551;0.86025;0.86037;0.86031;1;T;True;2
1621265850000;11574552;0.86025;0.86037;0.86031;0;T;True;2
1621265851000;11574553;0.86025;0.86037;0.86031;0;T;True;2
1621265852000;11574555;0.86025;0.86037;0.86031;1;T;True;2
1621265853000;11574556;0.86025;0.86037;0.86031;0;T;True;2
1621265854000;11574557;0.86025;0.86037;0.86031;0;T;True;2
1621265855000;11574558;0.86025;0.86037;0.86031;0;T;True;2
1621265856000;11574559;0.86025;0.86037;0.86031;0;T;True;2
1621265857000;11574563;0.86023;0.86035;0.86029;3;T;True;2
1621265858000;11574566;0.8602;0.86032;0.86026;2;T;True;2
1621265859000;11574567;0.8602;0.86032;0.86026;0;T;True;2
1621265860000;11574570;0.86019;0.86031;0.86025;2;T;True;2
1621265861000;11574571;0.86019;0.86031;0.86025;0;T;True;2
1621265862000;11574572;0.86019;0.86031;0.86025;0;T;True;2
1621265863000;11574573;0.86019;0.86031;0.86025;0;T;True;2
1621265864000;11574574;0.86019;0.86031;0.86025;0;T;True;2
1621265865000;11574576;0.86018;0.8603;0.86024;1;T;True;2
1621265866000;11574578;0.86017;0.86029;0.86023;1;T;True;2
1621265867000;11574579;0.86017;0.86029;0.86023;0;T;True;2
1621265868000;11574584;0.86014;0.86026;0.8602;4;T;True;2
1621265869000;11574586;0.86014;0.86026;0.8602;1;T;True;2
1621265870000;11574590;0.86013;0.86025;0.86019;3;T;True;2
1621265871000;11574595;0.86007;0.86019;0.86013;4;T;True;2
1621265872000;11574597;0.86006;0.86018;0.86012;1;T;True;2
1621265873000;11574599;0.86006;0.86018;0.86012;1;T;True;2
1621265874000;11574600;0.86006;0.86018;0.86012;0;T;True;2
1621265875000;11574601;0.86006;0.86018;0.86012;0;T;True;2
1621265876000;11574602;0.86006;0.86018;0.86012;0;T;True;2
1621265877000;11574605;0.86005;0.86017;0.86011;2;T;True;2
1621265878000;11574610;0.86004;0.86016;0.8601;4;T;True;2
1621265879000;11574615;0.86007;0.86019;0.86013;4;T;True;2
1621265880000;11574620;0.86005;0.86017;0.86011;4;T;True;2
1621265881000;11574622;0.86005;0.86017;0.86011;1;T;True;2
1621265882000;11574624;0.86005;0.86017;0.86011;1;T;True;2
1621265883000;11574625;0.86005;0.86017;0.86011;0;T;True;2
1621265884000;11574630;0.86009;0.86021;0.86015;4;T;True;2
1621265885000;11574633;0.86009;0.86021;0.86015;2;T;True;2
1621265886000;11574639;0.86009;0.86021;0.86015;5;T;True;2
1621265887000;11574644;0.86007;0.86019;0.86013;4;T;True;2
1621265888000;11574647;0.86007;0.86019;0.86013;2;T;True;2
1621265889000;11574650;0.86005;0.86017;0.86011;2;T;True;2
1621265890000;11574651;0.86005;0.86017;0.86011;0;T;True;2
1621265891000;11574652;0.86005;0.86017;0.86011;0;T;True;2
1621265892000;11574654;0.86003;0.86015;0.86009;1;T;True;2
1621265893000;11574658;0.86001;0.86013;0.86007;3;T;True;2
1621265894000;11574664;0.85995;0.86007;0.86001;5;T;True;2
1621265895000;11574669;0.85995;0.86007;0.86001;4;T;True;2
1621265896000;11574670;0.85995;0.86007;0.86001;0;T;True;2
1621265897000;11574671;0.85995;0.86007;0.86001;0;T;True;2
1621265898000;11574672;0.85995;0.86007;0.86001;0;T;True;2
1621265899000;11574673;0.85995;0.86007;0.86001;0;T;True;2
1621265900000;11574674;0.85995;0.86007;0.86001;0;T;True;2
1621265901000;11574684;0.86001;0.86013;0.86007;9;T;True;2
1621265902000;11574687;0.86001;0.86013;0.86007;2;T;True;2
1621265903000;11574689;0.86002;0.86014;0.86008;1;T;True;2
1621265904000;11574690;0.86002;0.86014;0.86008;0;T;True;2
1621265905000;11574692;0.86001;0.86013;0.86007;1;T;True;2
1621265906000;11574694;0.86002;0.86014;0.86008;1;T;True;2
1621265907000;11574695;0.86002;0.86014;0.86008;0;T;True;2
1621265908000;11574696;0.86002;0.86014;0.86008;0;T;True;2
1621265909000;11574697;0.86002;0.86014;0.86008;0;T;True;2
1621265910000;11574706;0.86001;0.86013;0.86007;8;T;True;2
1621265911000;11574707;0.86001;0.86013;0.86007;0;T;True;2
1621265912000;11574712;0.86001;0.86013;0.86007;4;T;True;2
1621265913000;11574713;0.86001;0.86013;0.86007;0;T;True;2
1621265914000;11574714;0.86001;0.86013;0.86007;0;T;True;2
1621265915000;11574716;0.86002;0.86014;0.86008;1;T;True;2
1621265916000;11574718;0.86003;0.86015;0.86009;1;T;True;2
1621265917000;11574721;0.86004;0.86016;0.8601;2;T;True;2
1621265918000;11574725;0.86005;0.86017;0.86011;3;T;True;2
1621265919000;11574727;0.86005;0.86017;0.86011;1;T;True;2
1621265920000;11574729;0.86005;0.86017;0.86011;1;T;True;2
1621265921000;11574730;0.86005;0.86017;0.86011;0;T;True;2
1621265922000;11574731;0.86005;0.86017;0.86011;0;T;True;2
1621265923000;11574732;0.86005;0.86017;0.86011;0;T;True;2
1621265924000;11574733;0.86005;0.86017;0.86011;0;T;True;2
1621265925000;11574735;0.86007;0.86019;0.86013;1;T;True;2
1621265926000;11574738;0.86007;0.86019;0.86013;2;T;True;2
1621265927000;11574739;0.86007;0.86019;0.86013;0;T;True;2
1621265928000;11574741;0.86009;0.86021;0.86015;1;T;True;2
1621265929000;11574742;0.86009;0.86021;0.86015;0;T;True;2
1621265930000;11574743;0.86009;0.86021;0.86015;0;T;True;2
1621265931000;11574744;0.86009;0.86021;0.86015;0;T;True;2
1621265932000;11574745;0.86009;0.86021;0.86015;0;T;True;2
1621265933000;11574746;0.86009;0.86021;0.86015;0;T;True;2
1621265934000;11574747;0.86009;0.86021;0.86015;0;T;True;2
1621265935000;11574748;0.86009;0.86021;0.86015;0;T;True;2
1621265936000;11574750;0.86009;0.86021;0.86015;1;T;True;2
1621265937000;11574752;0.86009;0.86021;0.86015;1;T;True;2
1621265938000;11574753;0.86009;0.86021;0.86015;0;T;True;2
1621265939000;11574754;0.86009;0.86021;0.86015;0;T;True;2
1621265940000;11574755;0.86009;0.86021;0.86015;0;T;True;2
1621265941000;11574758;0.8601;0.86022;0.86016;2;T;True;2
1621265942000;11574760;0.86011;0.86023;0.86017;1;T;True;2
1621265943000;11574761;0.86011;0.86023;0.86017;0;T;True;2
1621265944000;11574762;0.86011;0.86023;0.86017;0;T;True;2
1621265945000;11574765;0.86013;0.86025;0.86019;2;T;True;2
1621265946000;11574768;0.86013;0.86025;0.86019;2;T;True;2
1621265947000;11574769;0.86013;0.86025;0.86019;0;T;True;2
1621265948000;11574770;0.86013;0.86025;0.86019;0;T;True;2
1621265949000;11574771;0.86013;0.86025;0.86019;0;T;True;2
1621265950000;11574772;0.86013;0.86025;0.86019;0;T;True;2
1621265951000;11574773;0.86013;0.86025;0.86019;0;T;True;2
1621265952000;11574774;0.86013;0.86025;0.86019;0;T;True;2
1621265953000;11574775;0.86013;0.86025;0.86019;0;T;True;2
1621265954000;11574777;0.86013;0.86025;0.86019;1;T;True;2
1621265955000;11574778;0.86013;0.86025;0.86019;0;T;True;2
1621265956000;11574779;0.86013;0.86025;0.86019;0;T;True;2
1621265957000;11574780;0.86013;0.86025;0.86019;0;T;True;2
1621265958000;11574781;0.86013;0.86025;0.86019;0;T;True;2
1621265959000;11574782;0.86013;0.86025;0.86019;0;T;True;2
1621265960000;11574783;0.86013;0.86025;0.86019;0;T;True;2
1621265961000;11574784;0.86013;0.86025;0.86019;0;T;True;2
1621265962000;11574785;0.86013;0.86025;0.86019;0;T;True;2
1621265963000;11574788;0.8601;0.86022;0.86016;2;T;True;2
1621265964000;11574789;0.8601;0.86022;0.86016;0;T;True;2
1621265965000;11574790;0.8601;0.86022;0.86016;0;T;True;2
1621265966000;11574791;0.8601;0.86022;0.86016;0;T;True;2
1621265967000;11574792;0.8601;0.86022;0.86016;0;T;True;2
1621265968000;11574793;0.8601;0.86022;0.86016;0;T;True;2
1621265969000;11574794;0.8601;0.86022;0.86016;0;T;True;2
1621265970000;11574795;0.8601;0.86022;0.86016;0;T;True;2
1621265971000;11574796;0.8601;0.86022;0.86016;0;T;True;2
1621265972000;11574798;0.86011;0.86023;0.86017;1;T;True;2
1621265973000;11574799;0.86011;0.86023;0.86017;0;T;True;2
1621265974000;11574800;0.86011;0.86023;0.86017;0;T;True;2
1621265975000;11574801;0.86011;0.86023;0.86017;0;T;True;2
1621265976000;11574803;0.86013;0.86025;0.86019;1;T;True;2
1621265977000;11574804;0.86013;0.86025;0.86019;0;T;True;2
1621265978000;11574805;0.86013;0.86025;0.86019;0;T;True;2
1621265979000;11574806;0.86013;0.86025;0.86019;0;T;True;2
1621265980000;11574807;0.86013;0.86025;0.86019;0;T;True;2
1621265981000;11574808;0.86013;0.86025;0.86019;0;T;True;2
1621265982000;11574812;0.86015;0.86027;0.86021;3;T;True;2
1621265983000;11574813;0.86015;0.86027;0.86021;0;T;True;2
1621265984000;11574815;0.86015;0.86027;0.86021;1;T;True;2
1621265985000;11574816;0.86015;0.86027;0.86021;0;T;True;2
1621265986000;11574818;0.86014;0.86026;0.8602;1;T;True;2
1621265987000;11574819;0.86014;0.86026;0.8602;0;T;True;2
1621265988000;11574820;0.86014;0.86026;0.8602;0;T;True;2
1621265989000;11574821;0.86014;0.86026;0.8602;0;T;True;2
1621265990000;11574822;0.86014;0.86026;0.8602;0;T;True;2
1621265991000;11574823;0.86014;0.86026;0.8602;0;T;True;2
1621265992000;11574824;0.86014;0.86026;0.8602;0;T;True;2
1621265993000;11574825;0.86014;0.86026;0.8602;0;T;True;2
1621265994000;11574826;0.86014;0.86026;0.8602;0;T;True;2
1621265995000;11574827;0.86014;0.86026;0.8602;0;T;True;2
1621265996000;11574828;0.86014;0.86026;0.8602;0;T;True;2
1621265997000;11574829;0.86014;0.86026;0.8602;0;T;True;2
1621265998000;11574830;0.86014;0.86026;0.8602;0;T;True;2
1621265999000;11574832;0.86015;0.86027;0.86021;1;T;True;2
1621266000000;11574833;0.86015;0.86027;0.86021;0;T;True;2
1621266001000;11574834;0.86015;0.86027;0.86021;0;T;True;2
1621266002000;11574835;0.86015;0.86027;0.86021;0;T;True;2
1621266003000;11574836;0.86015;0.86027;0.86021;0;T;True;2
1621266004000;11574837;0.86015;0.86027;0.86021;0;T;True;2
1621266005000;11574838;0.86015;0.86027;0.86021;0;T;True;2
1621266006000;11574839;0.86015;0.86027;0.86021;0;T;True;2
1621266007000;11574840;0.86015;0.86027;0.86021;0;T;True;2
1621266008000;11574844;0.86017;0.86029;0.86023;3;T;True;2
1621266009000;11574845;0.86017;0.86029;0.86023;0;T;True;2
1621266010000;11574846;0.86017;0.86029;0.86023;0;T;True;2
1621266011000;11574849;0.86017;0.86029;0.86023;2;T;True;2
1621266012000;11574850;0.86017;0.86029;0.86023;0;T;True;2
1621266013000;11574851;0.86017;0.86029;0.86023;0;T;True;2
1621266014000;11574852;0.86017;0.86029;0.86023;0;T;True;2
1621266015000;11574856;0.86015;0.86027;0.86021;3;T;True;2
1621266016000;11574857;0.86015;0.86027;0.86021;0;T;True;2
1621266017000;11574858;0.86015;0.86027;0.86021;0;T;True;2
1621266018000;11574859;0.86015;0.86027;0.86021;0;T;True;2
1621266019000;11574860;0.86015;0.86027;0.86021;0;T;True;2
1621266020000;11574861;0.86015;0.86027;0.86021;0;T;True;2
1621266021000;11574862;0.86015;0.86027;0.86021;0;T;True;2
1621266022000;11574863;0.86015;0.86027;0.86021;0;T;True;2
1621266023000;11574864;0.86015;0.86027;0.86021;0;T;True;2
1621266024000;11574865;0.86015;0.86027;0.86021;0;T;True;2
1621266025000;11574866;0.86015;0.86027;0.86021;0;T;True;2
1621266026000;11574868;0.86015;0.86027;0.86021;1;T;True;2
1621266027000;11574869;0.86015;0.86027;0.86021;0;T;True;2
1621266028000;11574871;0.86016;0.86028;0.86022;1;T;True;2
1621266029000;11574873;0.86016;0.86028;0.86022;1;T;True;2
1621266030000;11574875;0.86017;0.86029;0.86023;1;T;True;2
1621266031000;11574877;0.86016;0.86028;0.86022;1;T;True;2
1621266032000;11574878;0.86016;0.86028;0.86022;0;T;True;2
1621266033000;11574879;0.86016;0.86028;0.86022;0;T;True;2
1621266034000;11574880;0.86016;0.86028;0.86022;0;T;True;2
1621266035000;11574881;0.86016;0.86028;0.86022;0;T;True;2
1621266036000;11574882;0.86016;0.86028;0.86022;0;T;True;2
1621266037000;11574883;0.86016;0.86028;0.86022;0;T;True;2
1621266038000;11574884;0.86016;0.86028;0.86022;0;T;True;2
1621266039000;11574885;0.86016;0.86028;0.86022;0;T;True;2
1621266040000;11574886;0.86016;0.86028;0.86022;0;T;True;2
1621266041000;11574887;0.86016;0.86028;0.86022;0;T;True;2
1621266042000;11574888;0.86016;0.86028;0.86022;0;T;True;2
1621266043000;11574889;0.86016;0.86028;0.86022;0;T;True;2
1621266044000;11574892;0.86019;0.86031;0.86025;2;T;True;2
1621266045000;11574893;0.86019;0.86031;0.86025;0;T;True;2
1621266046000;11574894;0.86019;0.86031;0.86025;0;T;True;2
1621266047000;11574895;0.86019;0.86031;0.86025;0;T;True;2
1621266048000;11574896;0.86019;0.86031;0.86025;0;T;True;2
1621266049000;11574897;0.86019;0.86031;0.86025;0;T;True;2
1621266050000;11574898;0.86019;0.86031;0.86025;0;T;True;2
1621266051000;11574899;0.86019;0.86031;0.86025;0;T;True;2
1621266052000;11574900;0.86019;0.86031;0.86025;0;T;True;2
1621266053000;11574901;0.86019;0.86031;0.86025;0;T;True;2
1621266054000;11574902;0.86019;0.86031;0.86025;0;T;True;2
1621266055000;11574903;0.86019;0.86031;0.86025;0;T;True;2
1621266056000;11574904;0.86019;0.86031;0.86025;0;T;True;2
1621266057000;11574905;0.86019;0.86031;0.86025;0;T;True;2
1621266058000;11574906;0.86019;0.86031;0.86025;0;T;True;2
1621266059000;11574907;0.86019;0.86031;0.86025;0;T;True;2
1621266060000;11574909;0.86018;0.8603;0.86024;1;T;True;2
1621266061000;11574910;0.86018;0.8603;0.86024;0;T;True;2
1621266062000;11574911;0.86018;0.8603;0.86024;0;T;True;2
1621266063000;11574912;0.86018;0.8603;0.86024;0;T;True;2
1621266064000;11574913;0.86018;0.8603;0.86024;0;T;True;2
1621266065000;11574914;0.86018;0.8603;0.86024;0;T;True;2
1621266066000;11574915;0.86018;0.8603;0.86024;0;T;True;2
1621266067000;11574916;0.86018;0.8603;0.86024;0;T;True;2
1621266068000;11574917;0.86018;0.8603;0.86024;0;T;True;2
1621266069000;11574918;0.86018;0.8603;0.86024;0;T;True;2
1621266070000;11574921;0.86016;0.86028;0.86022;2;T;True;2
1621266071000;11574923;0.86017;0.86029;0.86023;1;T;True;2
1621266072000;11574925;0.86019;0.86031;0.86025;1;T;True;2
1621266073000;11574926;0.86019;0.86031;0.86025;0;T;True;2
1621266074000;11574927;0.86019;0.86031;0.86025;0;T;True;2
1621266075000;11574929;0.86018;0.8603;0.86024;1;T;True;2
1621266076000;11574930;0.86018;0.8603;0.86024;0;T;True;2
1621266077000;11574931;0.86018;0.8603;0.86024;0;T;True;2
1621266078000;11574932;0.86018;0.8603;0.86024;0;T;True;2
1621266079000;11574934;0.86019;0.86031;0.86025;1;T;True;2
1621266080000;11574935;0.86019;0.86031;0.86025;0;T;True;2
1621266081000;11574936;0.86019;0.86031;0.86025;0;T;True;2
1621266082000;11574937;0.86019;0.86031;0.86025;0;T;True;2
1621266083000;11574938;0.86019;0.86031;0.86025;0;T;True;2
1621266084000;11574939;0.86019;0.86031;0.86025;0;T;True;2
1621266085000;11574941;0.8602;0.86032;0.86026;1;T;True;2
1621266086000;11574943;0.86019;0.86031;0.86025;1;T;True;2
1621266087000;11574944;0.86019;0.86031;0.86025;0;T;True;2
1621266088000;11574945;0.86019;0.86031;0.86025;0;T;True;2
1621266089000;11574946;0.86019;0.86031;0.86025;0;T;True;2
1621266090000;11574948;0.86019;0.86031;0.86025;1;T;True;2
1621266091000;11574949;0.86019;0.86031;0.86025;0;T;True;2
1621266092000;11574950;0.86019;0.86031;0.86025;0;T;True;2
1621266093000;11574952;0.86019;0.86031;0.86025;1;T;True;2
1621266094000;11574953;0.86019;0.86031;0.86025;0;T;True;2
1621266095000;11574955;0.8602;0.86032;0.86026;1;T;True;2
1621266096000;11574957;0.86019;0.86031;0.86025;1;T;True;2
1621266097000;11574960;0.86018;0.8603;0.86024;2;T;True;2
1621266098000;11574962;0.86019;0.86031;0.86025;1;T;True;2
1621266099000;11574966;0.86019;0.86031;0.86025;3;T;True;2
1621266100000;11574967;0.86019;0.86031;0.86025;0;T;True;2
1621266101000;11574970;0.86018;0.8603;0.86024;2;T;True;2
1621266102000;11574971;0.86018;0.8603;0.86024;0;T;True;2
1621266103000;11574972;0.86018;0.8603;0.86024;0;T;True;2
1621266104000;11574973;0.86018;0.8603;0.86024;0;T;True;2
1621266105000;11574974;0.86018;0.8603;0.86024;0;T;True;2
1621266106000;11574975;0.86018;0.8603;0.86024;0;T;True;2
1621266107000;11574976;0.86018;0.8603;0.86024;0;T;True;2
1621266108000;11574978;0.86019;0.86031;0.86025;1;T;True;2
1621266109000;11574979;0.86019;0.86031;0.86025;0;T;True;2
1621266110000;11574980;0.86019;0.86031;0.86025;0;T;True;2
1621266111000;11574982;0.86018;0.8603;0.86024;1;T;True;2
1621266112000;11574983;0.86018;0.8603;0.86024;0;T;True;2
1621266113000;11574984;0.86018;0.8603;0.86024;0;T;True;2
1621266114000;11574985;0.86018;0.8603;0.86024;0;T;True;2
1621266115000;11574986;0.86018;0.8603;0.86024;0;T;True;2
1621266116000;11574987;0.86018;0.8603;0.86024;0;T;True;2
1621266117000;11574990;0.86017;0.86029;0.86023;2;T;True;2
1621266118000;11574997;0.8601;0.86022;0.86016;6;T;True;2
1621266119000;11574998;0.8601;0.86022;0.86016;0;T;True;2
1621266120000;11574999;0.8601;0.86022;0.86016;0;T;True;2
1621266121000;11575000;0.8601;0.86022;0.86016;0;T;True;2
1621266122000;11575001;0.8601;0.86022;0.86016;0;T;True;2
1621266123000;11575002;0.8601;0.86022;0.86016;0;T;True;2
1621266124000;11575005;0.86009;0.86021;0.86015;2;T;True;2
1621266125000;11575007;0.86009;0.86021;0.86015;1;T;True;2
1621266126000;11575008;0.86009;0.86021;0.86015;0;T;True;2
1621266127000;11575010;0.86008;0.8602;0.86014;1;T;True;2
1621266128000;11575011;0.86008;0.8602;0.86014;0;T;True;2
1621266129000;11575012;0.86008;0.8602;0.86014;0;T;True;2
1621266130000;11575013;0.86008;0.8602;0.86014;0;T;True;2
1621266131000;11575014;0.86008;0.8602;0.86014;0;T;True;2
1621266132000;11575015;0.86008;0.8602;0.86014;0;T;True;2
1621266133000;11575017;0.86009;0.86021;0.86015;1;T;True;2
1621266134000;11575018;0.86009;0.86021;0.86015;0;T;True;2
1621266135000;11575019;0.86009;0.86021;0.86015;0;T;True;2
1621266136000;11575021;0.86011;0.86023;0.86017;1;T;True;2
1621266137000;11575025;0.8601;0.86022;0.86016;3;T;True;2
1621266138000;11575027;0.86011;0.86023;0.86017;1;T;True;2
1621266139000;11575028;0.86011;0.86023;0.86017;0;T;True;2
1621266140000;11575029;0.86011;0.86023;0.86017;0;T;True;2
1621266141000;11575030;0.86011;0.86023;0.86017;0;T;True;2
1621266142000;11575031;0.86011;0.86023;0.86017;0;T;True;2
1621266143000;11575032;0.86011;0.86023;0.86017;0;T;True;2
1621266144000;11575033;0.86011;0.86023;0.86017;0;T;True;2
1621266145000;11575034;0.86011;0.86023;0.86017;0;T;True;2
1621266146000;11575035;0.86011;0.86023;0.86017;0;T;True;2
1621266147000;11575036;0.86011;0.86023;0.86017;0;T;True;2
1621266148000;11575037;0.86011;0.86023;0.86017;0;T;True;2
1621266149000;11575038;0.86011;0.86023;0.86017;0;T;True;2
1621266150000;11575044;0.86015;0.86027;0.86021;5;T;True;2
1621266151000;11575045;0.86015;0.86027;0.86021;0;T;True;2
1621266152000;11575046;0.86015;0.86027;0.86021;0;T;True;2
1621266153000;11575047;0.86015;0.86027;0.86021;0;T;True;2
1621266154000;11575048;0.86015;0.86027;0.86021;0;T;True;2
1621266155000;11575049;0.86015;0.86027;0.86021;0;T;True;2
1621266156000;11575051;0.86016;0.86028;0.86022;1;T;True;2
1621266157000;11575053;0.86015;0.86027;0.86021;1;T;True;2
1621266158000;11575054;0.86015;0.86027;0.86021;0;T;True;2
1621266159000;11575055;0.86015;0.86027;0.86021;0;T;True;2
1621266160000;11575056;0.86015;0.86027;0.86021;0;T;True;2
1621266161000;11575059;0.86019;0.86031;0.86025;2;T;True;2
1621266162000;11575060;0.86019;0.86031;0.86025;0;T;True;2
1621266163000;11575061;0.86019;0.86031;0.86025;0;T;True;2
1621266164000;11575062;0.86019;0.86031;0.86025;0;T;True;2
1621266165000;11575063;0.86019;0.86031;0.86025;0;T;True;2
1621266166000;11575064;0.86019;0.86031;0.86025;0;T;True;2
1621266167000;11575065;0.86019;0.86031;0.86025;0;T;True;2
1621266168000;11575066;0.86019;0.86031;0.86025;0;T;True;2
1621266169000;11575067;0.86019;0.86031;0.86025;0;T;True;2
1621266170000;11575069;0.86018;0.8603;0.86024;1;T;True;2
1621266171000;11575072;0.86018;0.8603;0.86024;2;T;True;2
1621266172000;11575075;0.86019;0.86031;0.86025;2;T;True;2
1621266173000;11575076;0.86019;0.86031;0.86025;0;T;True;2
1621266174000;11575082;0.86021;0.86033;0.86027;5;T;True;2
1621266175000;11575083;0.86021;0.86033;0.86027;0;T;True;2
1621266176000;11575084;0.86021;0.86033;0.86027;0;T;True;2
1621266177000;11575085;0.86021;0.86033;0.86027;0;T;True;2
1621266178000;11575086;0.86021;0.86033;0.86027;0;T;True;2
1621266179000;11575089;0.86022;0.86034;0.86028;2;T;True;2
1621266180000;11575090;0.86022;0.86034;0.86028;0;T;True;2
1621266181000;11575093;0.86023;0.86035;0.86029;2;T;True;2
1621266182000;11575096;0.86021;0.86033;0.86027;2;T;True;2
1621266183000;11575097;0.86021;0.86033;0.86027;0;T;True;2
1621266184000;11575098;0.86021;0.86033;0.86027;0;T;True;2
1621266185000;11575099;0.86021;0.86033;0.86027;0;T;True;2
1621266186000;11575100;0.86021;0.86033;0.86027;0;T;True;2
1621266187000;11575101;0.86021;0.86033;0.86027;0;T;True;2
1621266188000;11575107;0.86013;0.86025;0.86019;5;T;True;2
1621266189000;11575108;0.86013;0.86025;0.86019;0;T;True;2
1621266190000;11575109;0.86013;0.86025;0.86019;0;T;True;2
1621266191000;11575110;0.86013;0.86025;0.86019;0;T;True;2
1621266192000;11575113;0.86012;0.86024;0.86018;2;T;True;2
1621266193000;11575118;0.86012;0.86024;0.86018;4;T;True;2
1621266194000;11575121;0.86011;0.86023;0.86017;2;T;True;2
1621266195000;11575122;0.86011;0.86023;0.86017;0;T;True;2
1621266196000;11575123;0.86011;0.86023;0.86017;0;T;True;2
1621266197000;11575126;0.86011;0.86023;0.86017;2;T;True;2
1621266198000;11575128;0.86009;0.86021;0.86015;1;T;True;2
1621266199000;11575130;0.86009;0.86021;0.86015;1;T;True;2
1621266200000;11575132;0.86008;0.8602;0.86014;1;T;True;2
1621266201000;11575133;0.86008;0.8602;0.86014;0;T;True;2
1621266202000;11575138;0.86008;0.8602;0.86014;4;T;True;2
1621266203000;11575139;0.86008;0.8602;0.86014;0;T;True;2
1621266204000;11575140;0.86008;0.8602;0.86014;0;T;True;2
1621266205000;11575141;0.86008;0.8602;0.86014;0;T;True;2
1621266206000;11575142;0.86008;0.8602;0.86014;0;T;True;2
1621266207000;11575143;0.86008;0.8602;0.86014;0;T;True;2
1621266208000;11575146;0.86007;0.86019;0.86013;2;T;True;2
1621266209000;11575147;0.86007;0.86019;0.86013;0;T;True;2
1621266210000;11575148;0.86007;0.86019;0.86013;0;T;True;2
1621266211000;11575149;0.86007;0.86019;0.86013;0;T;True;2
1621266212000;11575150;0.86007;0.86019;0.86013;0;T;True;2
1621266213000;11575152;0.86009;0.86021;0.86015;1;T;True;2
1621266214000;11575153;0.86009;0.86021;0.86015;0;T;True;2
1621266215000;11575154;0.86009;0.86021;0.86015;0;T;True;2
1621266216000;11575155;0.86009;0.86021;0.86015;0;T;True;2
1621266217000;11575156;0.86009;0.86021;0.86015;0;T;True;2
1621266218000;11575157;0.86009;0.86021;0.86015;0;T;True;2
1621266219000;11575158;0.86009;0.86021;0.86015;0;T;True;2
1621266220000;11575159;0.86009;0.86021;0.86015;0;T;True;2
1621266221000;11575160;0.86009;0.86021;0.86015;0;T;True;2
1621266222000;11575161;0.86009;0.86021;0.86015;0;T;True;2
1621266223000;11575162;0.86009;0.86021;0.86015;0;T;True;2
1621266224000;11575163;0.86009;0.86021;0.86015;0;T;True;2
1621266225000;11575164;0.86009;0.86021;0.86015;0;T;True;2
1621266226000;11575165;0.86009;0.86021;0.86015;0;T;True;2
1621266227000;11575167;0.86009;0.86021;0.86015;1;T;True;2
1621266228000;11575168;0.86009;0.86021;0.86015;0;T;True;2
1621266229000;11575169;0.86009;0.86021;0.86015;0;T;True;2
1621266230000;11575171;0.8601;0.86022;0.86016;1;T;True;2
1621266231000;11575172;0.8601;0.86022;0.86016;0;T;True;2
1621266232000;11575174;0.86009;0.86021;0.86015;1;T;True;2
1621266233000;11575176;0.86007;0.86019;0.86013;1;T;True;2
1621266234000;11575177;0.86007;0.86019;0.86013;0;T;True;2
1621266235000;11575178;0.86007;0.86019;0.86013;0;T;True;2
1621266236000;11575179;0.86007;0.86019;0.86013;0;T;True;2
1621266237000;11575180;0.86007;0.86019;0.86013;0;T;True;2
1621266238000;11575182;0.86006;0.86018;0.86012;1;T;True;2
1621266239000;11575184;0.86006;0.86018;0.86012;1;T;True;2
1621266240000;11575187;0.86006;0.86018;0.86012;2;T;True;2
1621266241000;11575191;0.86003;0.86015;0.86009;3;T;True;2
1621266242000;11575195;0.86004;0.86016;0.8601;3;T;True;2
1621266243000;11575197;0.86005;0.86017;0.86011;1;T;True;2
1621266244000;11575198;0.86005;0.86017;0.86011;0;T;True;2
1621266245000;11575201;0.86005;0.86017;0.86011;2;T;True;2
1621266246000;11575202;0.86005;0.86017;0.86011;0;T;True;2
1621266247000;11575205;0.86006;0.86018;0.86012;2;T;True;2
1621266248000;11575208;0.86006;0.86018;0.86012;2;T;True;2
1621266249000;11575209;0.86006;0.86018;0.86012;0;T;True;2
1621266250000;11575211;0.86005;0.86017;0.86011;1;T;True;2
1621266251000;11575214;0.86008;0.8602;0.86014;2;T;True;2
1621266252000;11575215;0.86008;0.8602;0.86014;0;T;True;2
1621266253000;11575217;0.86007;0.86019;0.86013;1;T;True;2
1621266254000;11575218;0.86007;0.86019;0.86013;0;T;True;2
1621266255000;11575219;0.86007;0.86019;0.86013;0;T;True;2
1621266256000;11575220;0.86007;0.86019;0.86013;0;T;True;2
1621266257000;11575223;0.86007;0.86019;0.86013;2;T;True;2
1621266258000;11575224;0.86007;0.86019;0.86013;0;T;True;2
1621266259000;11575225;0.86007;0.86019;0.86013;0;T;True;2
1621266260000;11575226;0.86007;0.86019;0.86013;0;T;True;2
1621266261000;11575230;0.86005;0.86017;0.86011;3;T;True;2
1621266262000;11575231;0.86005;0.86017;0.86011;0;T;True;2
1621266263000;11575235;0.86007;0.86019;0.86013;3;T;True;2
1621266264000;11575237;0.86008;0.8602;0.86014;1;T;True;2
1621266265000;11575239;0.86008;0.8602;0.86014;1;T;True;2
1621266266000;11575240;0.86008;0.8602;0.86014;0;T;True;2
1621266267000;11575242;0.86009;0.86021;0.86015;1;T;True;2
1621266268000;11575245;0.86008;0.8602;0.86014;2;T;True;2
1621266269000;11575247;0.86008;0.8602;0.86014;1;T;True;2
1621266270000;11575252;0.86009;0.86021;0.86015;4;T;True;2
1621266271000;11575255;0.86009;0.86021;0.86015;2;T;True;2
1621266272000;11575258;0.86009;0.86021;0.86015;2;T;True;2
1621266273000;11575260;0.86009;0.86021;0.86015;1;T;True;2
1621266274000;11575261;0.86009;0.86021;0.86015;0;T;True;2
1621266275000;11575269;0.86011;0.86023;0.86017;7;T;True;2
1621266276000;11575273;0.86012;0.86024;0.86018;3;T;True;2
1621266277000;11575283;0.86015;0.86027;0.86021;9;T;True;2
1621266278000;11575286;0.86015;0.86027;0.86021;2;T;True;2
1621266279000;11575290;0.86015;0.86027;0.86021;3;T;True;2
1621266280000;11575297;0.8601;0.86022;0.86016;6;T;True;2
1621266281000;11575298;0.8601;0.86022;0.86016;0;T;True;2
1621266282000;11575301;0.86009;0.86021;0.86015;2;T;True;2
1621266283000;11575302;0.86009;0.86021;0.86015;0;T;True;2
1621266284000;11575305;0.8601;0.86022;0.86016;2;T;True;2
1621266285000;11575308;0.86009;0.86021;0.86015;2;T;True;2
1621266286000;11575312;0.86009;0.86021;0.86015;3;T;True;2
1621266287000;11575313;0.86009;0.86021;0.86015;0;T;True;2
1621266288000;11575320;0.86009;0.86021;0.86015;6;T;True;2
1621266289000;11575322;0.86009;0.86021;0.86015;1;T;True;2
1621266290000;11575326;0.86012;0.86024;0.86018;3;T;True;2
1621266291000;11575327;0.86012;0.86024;0.86018;0;T;True;2
1621266292000;11575328;0.86012;0.86024;0.86018;0;T;True;2
1621266293000;11575329;0.86012;0.86024;0.86018;0;T;True;2
1621266294000;11575330;0.86012;0.86024;0.86018;0;T;True;2
1621266295000;11575331;0.86012;0.86024;0.86018;0;T;True;2
1621266296000;11575332;0.86012;0.86024;0.86018;0;T;True;2
1621266297000;11575333;0.86012;0.86024;0.86018;0;T;True;2
1621266298000;11575334;0.86012;0.86024;0.86018;0;T;True;2
1621266299000;11575336;0.86011;0.86023;0.86017;1;T;True;2
1621266300000;11575337;0.86011;0.86023;0.86017;0;T;True;2
1621266301000;11575339;0.8601;0.86022;0.86016;1;T;True;2
1621266302000;11575349;0.86018;0.8603;0.86024;9;T;True;2
1621266303000;11575351;0.86018;0.8603;0.86024;1;T;True;2
1621266304000;11575357;0.86017;0.86029;0.86023;5;T;True;2
1621266305000;11575360;0.86019;0.86031;0.86025;2;T;True;2
1621266306000;11575362;0.8602;0.86032;0.86026;1;T;True;2
1621266307000;11575364;0.8602;0.86032;0.86026;1;T;True;2
1621266308000;11575370;0.86019;0.86031;0.86025;5;T;True;2
1621266309000;11575371;0.86019;0.86031;0.86025;0;T;True;2
1621266310000;11575372;0.86019;0.86031;0.86025;0;T;True;2
1621266311000;11575373;0.86019;0.86031;0.86025;0;T;True;2
1621266312000;11575374;0.86019;0.86031;0.86025;0;T;True;2
1621266313000;11575377;0.86019;0.86031;0.86025;2;T;True;2
1621266314000;11575378;0.86019;0.86031;0.86025;0;T;True;2
1621266315000;11575379;0.86019;0.86031;0.86025;0;T;True;2
1621266316000;11575380;0.86019;0.86031;0.86025;0;T;True;2
1621266317000;11575381;0.86019;0.86031;0.86025;0;T;True;2
1621266318000;11575389;0.86019;0.86031;0.86025;7;T;True;2
1621266319000;11575390;0.86019;0.86031;0.86025;0;T;True;2
1621266320000;11575391;0.86019;0.86031;0.86025;0;T;True;2
1621266321000;11575392;0.86019;0.86031;0.86025;0;T;True;2
1621266322000;11575394;0.86018;0.8603;0.86024;1;T;True;2
1621266323000;11575395;0.86018;0.8603;0.86024;0;T;True;2
1621266324000;11575399;0.86017;0.86029;0.86023;3;T;True;2
1621266325000;11575400;0.86017;0.86029;0.86023;0;T;True;2
1621266326000;11575401;0.86017;0.86029;0.86023;0;T;True;2
1621266327000;11575405;0.86014;0.86026;0.8602;3;T;True;2
1621266328000;11575406;0.86014;0.86026;0.8602;0;T;True;2
1621266329000;11575408;0.86015;0.86027;0.86021;1;T;True;2
1621266330000;11575410;0.86016;0.86028;0.86022;1;T;True;2
1621266331000;11575411;0.86016;0.86028;0.86022;0;T;True;2
1621266332000;11575413;0.86017;0.86029;0.86023;1;T;True;2
1621266333000;11575415;0.86017;0.86029;0.86023;1;T;True;2
1621266334000;11575416;0.86017;0.86029;0.86023;0;T;True;2
1621266335000;11575417;0.86017;0.86029;0.86023;0;T;True;2
1621266336000;11575419;0.86018;0.8603;0.86024;1;T;True;2
1621266337000;11575421;0.86017;0.86029;0.86023;1;T;True;2
1621266338000;11575423;0.86017;0.86029;0.86023;1;T;True;2
1621266339000;11575426;0.86015;0.86027;0.86021;2;T;True;2
1621266340000;11575429;0.86015;0.86027;0.86021;2;T;True;2
1621266341000;11575430;0.86015;0.86027;0.86021;0;T;True;2
1621266342000;11575433;0.86013;0.86025;0.86019;2;T;True;2
1621266343000;11575435;0.86013;0.86025;0.86019;1;T;True;2
1621266344000;11575437;0.86014;0.86026;0.8602;1;T;True;2
1621266345000;11575438;0.86014;0.86026;0.8602;0;T;True;2
1621266346000;11575439;0.86014;0.86026;0.8602;0;T;True;2
1621266347000;11575440;0.86014;0.86026;0.8602;0;T;True;2
1621266348000;11575441;0.86014;0.86026;0.8602;0;T;True;2
1621266349000;11575445;0.86014;0.86026;0.8602;3;T;True;2
1621266350000;11575446;0.86014;0.86026;0.8602;0;T;True;2
1621266351000;11575448;0.86015;0.86027;0.86021;1;T;True;2
1621266352000;11575449;0.86015;0.86027;0.86021;0;T;True;2
1621266353000;11575450;0.86015;0.86027;0.86021;0;T;True;2
1621266354000;11575451;0.86015;0.86027;0.86021;0;T;True;2
1621266355000;11575452;0.86015;0.86027;0.86021;0;T;True;2
1621266356000;11575453;0.86015;0.86027;0.86021;0;T;True;2
1621266357000;11575454;0.86015;0.86027;0.86021;0;T;True;2
1621266358000;11575458;0.86013;0.86025;0.86019;3;T;True;2
1621266359000;11575460;0.86014;0.86026;0.8602;1;T;True;2
1621266360000;11575461;0.86014;0.86026;0.8602;0;T;True;2
1621266361000;11575463;0.86015;0.86027;0.86021;1;T;True;2
1621266362000;11575465;0.86015;0.86027;0.86021;1;T;True;2
1621266363000;11575468;0.86018;0.8603;0.86024;2;T;True;2
1621266364000;11575469;0.86018;0.8603;0.86024;0;T;True;2
1621266365000;11575470;0.86018;0.8603;0.86024;0;T;True;2
1621266366000;11575472;0.86017;0.86029;0.86023;1;T;True;2
1621266367000;11575475;0.86017;0.86029;0.86023;2;T;True;2
1621266368000;11575476;0.86017;0.86029;0.86023;0;T;True;2
1621266369000;11575477;0.86017;0.86029;0.86023;0;T;True;2
1621266370000;11575478;0.86017;0.86029;0.86023;0;T;True;2
1621266371000;11575480;0.86018;0.8603;0.86024;1;T;True;2
1621266372000;11575482;0.86019;0.86031;0.86025;1;T;True;2
1621266373000;11575483;0.86019;0.86031;0.86025;0;T;True;2
1621266374000;11575484;0.86019;0.86031;0.86025;0;T;True;2
1621266375000;11575486;0.86018;0.8603;0.86024;1;T;True;2
1621266376000;11575488;0.86015;0.86027;0.86021;1;T;True;2
1621266377000;11575489;0.86015;0.86027;0.86021;0;T;True;2
1621266378000;11575490;0.86015;0.86027;0.86021;0;T;True;2
1621266379000;11575491;0.86015;0.86027;0.86021;0;T;True;2
1621266380000;11575494;0.86016;0.86028;0.86022;2;T;True;2
1621266381000;11575495;0.86016;0.86028;0.86022;0;T;True;2
1621266382000;11575498;0.86017;0.86029;0.86023;2;T;True;2
1621266383000;11575499;0.86017;0.86029;0.86023;0;T;True;2
1621266384000;11575500;0.86017;0.86029;0.86023;0;T;True;2
1621266385000;11575501;0.86017;0.86029;0.86023;0;T;True;2
1621266386000;11575503;0.86018;0.8603;0.86024;1;T;True;2
1621266387000;11575504;0.86018;0.8603;0.86024;0;T;True;2
1621266388000;11575505;0.86018;0.8603;0.86024;0;T;True;2
1621266389000;11575506;0.86018;0.8603;0.86024;0;T;True;2
1621266390000;11575507;0.86018;0.8603;0.86024;0;T;True;2
1621266391000;11575509;0.86017;0.86029;0.86023;1;T;True;2
1621266392000;11575510;0.86017;0.86029;0.86023;0;T;True;2
1621266393000;11575512;0.86017;0.86029;0.86023;1;T;True;2
1621266394000;11575513;0.86017;0.86029;0.86023;0;T;True;2
1621266395000;11575514;0.86017;0.86029;0.86023;0;T;True;2
1621266396000;11575515;0.86017;0.86029;0.86023;0;T;True;2
1621266397000;11575516;0.86017;0.86029;0.86023;0;T;True;2
1621266398000;11575518;0.86018;0.8603;0.86024;1;T;True;2
1621266399000;11575520;0.86019;0.86031;0.86025;1;T;True;2
1621266400000;11575521;0.86019;0.86031;0.86025;0;T;True;2
1621266401000;11575522;0.86019;0.86031;0.86025;0;T;True;2
1621266402000;11575523;0.86019;0.86031;0.86025;0;T;True;2
1621266403000;11575524;0.86019;0.86031;0.86025;0;T;True;2
1621266404000;11575525;0.86019;0.86031;0.86025;0;T;True;2
1621266405000;11575526;0.86019;0.86031;0.86025;0;T;True;2
1621266406000;11575527;0.86019;0.86031;0.86025;0;T;True;2
1621266407000;11575528;0.86019;0.86031;0.86025;0;T;True;2
1621266408000;11575531;0.8602;0.86032;0.86026;2;T;True;2
1621266409000;11575533;0.86019;0.86031;0.86025;1;T;True;2
1621266410000;11575535;0.8602;0.86032;0.86026;1;T;True;2
1621266411000;11575536;0.8602;0.86032;0.86026;0;T;True;2
1621266412000;11575539;0.86019;0.86031;0.86025;2;T;True;2
1621266413000;11575541;0.8602;0.86032;0.86026;1;T;True;2
1621266414000;11575542;0.8602;0.86032;0.86026;0;T;True;2
1621266415000;11575543;0.8602;0.86032;0.86026;0;T;True;2
1621266416000;11575547;0.86019;0.86031;0.86025;3;T;True;2
1621266417000;11575549;0.86019;0.86031;0.86025;1;T;True;2
1621266418000;11575550;0.86019;0.86031;0.86025;0;T;True;2
1621266419000;11575551;0.86019;0.86031;0.86025;0;T;True;2
1621266420000;11575555;0.86017;0.86029;0.86023;3;T;True;2
1621266421000;11575560;0.86018;0.8603;0.86024;4;T;True;2
1621266422000;11575561;0.86018;0.8603;0.86024;0;T;True;2
1621266423000;11575562;0.86018;0.8603;0.86024;0;T;True;2
1621266424000;11575563;0.86018;0.8603;0.86024;0;T;True;2
1621266425000;11575564;0.86018;0.8603;0.86024;0;T;True;2
1621266426000;11575565;0.86018;0.8603;0.86024;0;T;True;2
1621266427000;11575566;0.86018;0.8603;0.86024;0;T;True;2
1621266428000;11575567;0.86018;0.8603;0.86024;0;T;True;2
1621266429000;11575568;0.86018;0.8603;0.86024;0;T;True;2
1621266430000;11575569;0.86018;0.8603;0.86024;0;T;True;2
1621266431000;11575570;0.86018;0.8603;0.86024;0;T;True;2
1621266432000;11575571;0.86018;0.8603;0.86024;0;T;True;2
1621266433000;11575572;0.86018;0.8603;0.86024;0;T;True;2
1621266434000;11575573;0.86018;0.8603;0.86024;0;T;True;2
1621266435000;11575574;0.86018;0.8603;0.86024;0;T;True;2
1621266436000;11575575;0.86018;0.8603;0.86024;0;T;True;2
1621266437000;11575576;0.86018;0.8603;0.86024;0;T;True;2
1621266438000;11575577;0.86018;0.8603;0.86024;0;T;True;2
1621266439000;11575579;0.86017;0.86029;0.86023;1;T;True;2
1621266440000;11575583;0.86017;0.86029;0.86023;3;T;True;2
1621266441000;11575586;0.86017;0.86029;0.86023;2;T;True;2
1621266442000;11575590;0.86018;0.8603;0.86024;3;T;True;2
1621266443000;11575593;0.86017;0.86029;0.86023;2;T;True;2
1621266444000;11575594;0.86017;0.86029;0.86023;0;T;True;2
1621266445000;11575595;0.86017;0.86029;0.86023;0;T;True;2
1621266446000;11575596;0.86017;0.86029;0.86023;0;T;True;2
1621266447000;11575597;0.86017;0.86029;0.86023;0;T;True;2
1621266448000;11575598;0.86017;0.86029;0.86023;0;T;True;2
1621266449000;11575599;0.86017;0.86029;0.86023;0;T;True;2
1621266450000;11575600;0.86017;0.86029;0.86023;0;T;True;2
1621266451000;11575603;0.86018;0.8603;0.86024;2;T;True;2
1621266452000;11575606;0.86018;0.8603;0.86024;2;T;True;2
1621266453000;11575608;0.86019;0.86031;0.86025;1;T;True;2
1621266454000;11575609;0.86019;0.86031;0.86025;0;T;True;2
1621266455000;11575612;0.86018;0.8603;0.86024;2;T;True;2
1621266456000;11575615;0.86017;0.86029;0.86023;2;T;True;2
1621266457000;11575616;0.86017;0.86029;0.86023;0;T;True;2
1621266458000;11575617;0.86017;0.86029;0.86023;0;T;True;2
1621266459000;11575618;0.86017;0.86029;0.86023;0;T;True;2
1621266460000;11575620;0.86017;0.86029;0.86023;1;T;True;2
1621266461000;11575621;0.86017;0.86029;0.86023;0;T;True;2
1621266462000;11575622;0.86017;0.86029;0.86023;0;T;True;2
1621266463000;11575623;0.86017;0.86029;0.86023;0;T;True;2
1621266464000;11575628;0.86017;0.86029;0.86023;4;T;True;2
1621266465000;11575633;0.86019;0.86031;0.86025;4;T;True;2
1621266466000;11575637;0.86019;0.86031;0.86025;3;T;True;2
1621266467000;11575639;0.86019;0.86031;0.86025;1;T;True;2
1621266468000;11575640;0.86019;0.86031;0.86025;0;T;True;2
1621266469000;11575648;0.86017;0.86029;0.86023;7;T;True;2
1621266470000;11575651;0.86017;0.86029;0.86023;2;T;True;2
1621266471000;11575653;0.86017;0.86029;0.86023;1;T;True;2
1621266472000;11575656;0.86017;0.86029;0.86023;2;T;True;2
1621266473000;11575658;0.86016;0.86028;0.86022;1;T;True;2
1621266474000;11575659;0.86016;0.86028;0.86022;0;T;True;2
1621266475000;11575661;0.86016;0.86028;0.86022;1;T;True;2
1621266476000;11575663;0.86016;0.86028;0.86022;1;T;True;2
1621266477000;11575664;0.86016;0.86028;0.86022;0;T;True;2
1621266478000;11575665;0.86016;0.86028;0.86022;0;T;True;2
1621266479000;11575666;0.86016;0.86028;0.86022;0;T;True;2
1621266480000;11575667;0.86016;0.86028;0.86022;0;T;True;2
1621266481000;11575670;0.86017;0.86029;0.86023;2;T;True;2
1621266482000;11575673;0.86014;0.86026;0.8602;2;T;True;2
1621266483000;11575676;0.86014;0.86026;0.8602;2;T;True;2
1621266484000;11575678;0.86014;0.86026;0.8602;1;T;True;2
1621266485000;11575681;0.86014;0.86026;0.8602;2;T;True;2
1621266486000;11575682;0.86014;0.86026;0.8602;0;T;True;2
1621266487000;11575684;0.86014;0.86026;0.8602;1;T;True;2
1621266488000;11575686;0.86015;0.86027;0.86021;1;T;True;2
1621266489000;11575687;0.86015;0.86027;0.86021;0;T;True;2
1621266490000;11575694;0.8601;0.86022;0.86016;6;T;True;2
1621266491000;11575697;0.86011;0.86023;0.86017;2;T;True;2
1621266492000;11575699;0.86011;0.86023;0.86017;1;T;True;2
1621266493000;11575700;0.86011;0.86023;0.86017;0;T;True;2
1621266494000;11575703;0.86009;0.86021;0.86015;2;T;True;2
1621266495000;11575705;0.86007;0.86019;0.86013;1;T;True;2
1621266496000;11575708;0.86007;0.86019;0.86013;2;T;True;2
1621266497000;11575711;0.86008;0.8602;0.86014;2;T;True;2
1621266498000;11575714;0.86008;0.8602;0.86014;2;T;True;2
1621266499000;11575720;0.86007;0.86019;0.86013;5;T;True;2
1621266500000;11575722;0.86007;0.86019;0.86013;1;T;True;2
1621266501000;11575724;0.86007;0.86019;0.86013;1;T;True;2
1621266502000;11575725;0.86007;0.86019;0.86013;0;T;True;2
1621266503000;11575726;0.86007;0.86019;0.86013;0;T;True;2
1621266504000;11575728;0.86006;0.86018;0.86012;1;T;True;2
1621266505000;11575732;0.86007;0.86019;0.86013;3;T;True;2
1621266506000;11575734;0.86009;0.86021;0.86015;1;T;True;2
1621266507000;11575735;0.86009;0.86021;0.86015;0;T;True;2
1621266508000;11575736;0.86009;0.86021;0.86015;0;T;True;2
1621266509000;11575737;0.86009;0.86021;0.86015;0;T;True;2
1621266510000;11575739;0.86009;0.86021;0.86015;1;T;True;2
1621266511000;11575740;0.86009;0.86021;0.86015;0;T;True;2
1621266512000;11575745;0.86009;0.86021;0.86015;4;T;True;2
1621266513000;11575746;0.86009;0.86021;0.86015;0;T;True;2
1621266514000;11575747;0.86009;0.86021;0.86015;0;T;True;2
1621266515000;11575749;0.86009;0.86021;0.86015;1;T;True;2
1621266516000;11575751;0.86008;0.8602;0.86014;1;T;True;2
1621266517000;11575753;0.86007;0.86019;0.86013;1;T;True;2
1621266518000;11575756;0.86007;0.86019;0.86013;2;T;True;2
1621266519000;11575758;0.86009;0.86021;0.86015;1;T;True;2
1621266520000;11575762;0.86007;0.86019;0.86013;3;T;True;2
1621266521000;11575767;0.86005;0.86017;0.86011;4;T;True;2
1621266522000;11575769;0.86005;0.86017;0.86011;1;T;True;2
1621266523000;11575771;0.86006;0.86018;0.86012;1;T;True;2
1621266524000;11575772;0.86006;0.86018;0.86012;0;T;True;2
1621266525000;11575773;0.86006;0.86018;0.86012;0;T;True;2
1621266526000;11575774;0.86006;0.86018;0.86012;0;T;True;2
1621266527000;11575775;0.86006;0.86018;0.86012;0;T;True;2
1621266528000;11575776;0.86006;0.86018;0.86012;0;T;True;2
1621266529000;11575783;0.86007;0.86019;0.86013;6;T;True;2
1621266530000;11575787;0.86006;0.86018;0.86012;3;T;True;2
1621266531000;11575794;0.86007;0.86019;0.86013;6;T;True;2
1621266532000;11575798;0.8601;0.86022;0.86016;3;T;True;2
1621266533000;11575799;0.8601;0.86022;0.86016;0;T;True;2
1621266534000;11575800;0.8601;0.86022;0.86016;0;T;True;2
1621266535000;11575801;0.8601;0.86022;0.86016;0;T;True;2
1621266536000;11575802;0.8601;0.86022;0.86016;0;T;True;2
1621266537000;11575804;0.86011;0.86023;0.86017;1;T;True;2
1621266538000;11575806;0.86011;0.86023;0.86017;1;T;True;2
1621266539000;11575807;0.86011;0.86023;0.86017;0;T;True;2
1621266540000;11575808;0.86011;0.86023;0.86017;0;T;True;2
1621266541000;11575813;0.86012;0.86024;0.86018;4;T;True;2
1621266542000;11575817;0.86017;0.86029;0.86023;3;T;True;2
1621266543000;11575821;0.86019;0.86031;0.86025;3;T;True;2
1621266544000;11575824;0.8602;0.86032;0.86026;2;T;True;2
1621266545000;11575828;0.8602;0.86032;0.86026;3;T;True;2
1621266546000;11575830;0.8602;0.86032;0.86026;1;T;True;2
1621266547000;11575833;0.8602;0.86032;0.86026;2;T;True;2
1621266548000;11575836;0.8602;0.86032;0.86026;2;T;True;2
1621266549000;11575840;0.86021;0.86033;0.86027;3;T;True;2
1621266550000;11575841;0.86021;0.86033;0.86027;0;T;True;2
1621266551000;11575842;0.86021;0.86033;0.86027;0;T;True;2
1621266552000;11575843;0.86021;0.86033;0.86027;0;T;True;2
1621266553000;11575846;0.86019;0.86031;0.86025;2;T;True;2
1621266554000;11575847;0.86019;0.86031;0.86025;0;T;True;2
1621266555000;11575850;0.86019;0.86031;0.86025;2;T;True;2
1621266556000;11575853;0.86019;0.86031;0.86025;2;T;True;2
1621266557000;11575855;0.86018;0.8603;0.86024;1;T;True;2
1621266558000;11575856;0.86018;0.8603;0.86024;0;T;True;2
1621266559000;11575857;0.86018;0.8603;0.86024;0;T;True;2
1621266560000;11575858;0.86018;0.8603;0.86024;0;T;True;2
1621266561000;11575860;0.86017;0.86029;0.86023;1;T;True;2
1621266562000;11575861;0.86017;0.86029;0.86023;0;T;True;2
1621266563000;11575862;0.86017;0.86029;0.86023;0;T;True;2
1621266564000;11575863;0.86017;0.86029;0.86023;0;T;True;2
1621266565000;11575867;0.86021;0.86033;0.86027;3;T;True;2
1621266566000;11575869;0.86019;0.86031;0.86025;1;T;True;2
1621266567000;11575870;0.86019;0.86031;0.86025;0;T;True;2
1621266568000;11575871;0.86019;0.86031;0.86025;0;T;True;2
1621266569000;11575872;0.86019;0.86031;0.86025;0;T;True;2
1621266570000;11575873;0.86019;0.86031;0.86025;0;T;True;2
1621266571000;11575874;0.86019;0.86031;0.86025;0;T;True;2
1621266572000;11575875;0.86019;0.86031;0.86025;0;T;True;2
1621266573000;11575876;0.86019;0.86031;0.86025;0;T;True;2
1621266574000;11575878;0.86017;0.86029;0.86023;1;T;True;2
1621266575000;11575881;0.86017;0.86029;0.86023;2;T;True;2
1621266576000;11575885;0.86016;0.86028;0.86022;3;T;True;2
1621266577000;11575886;0.86016;0.86028;0.86022;0;T;True;2
1621266578000;11575888;0.86014;0.86026;0.8602;1;T;True;2
1621266579000;11575889;0.86014;0.86026;0.8602;0;T;True;2
1621266580000;11575892;0.86013;0.86025;0.86019;2;T;True;2
1621266581000;11575894;0.86012;0.86024;0.86018;1;T;True;2
1621266582000;11575895;0.86012;0.86024;0.86018;0;T;True;2
1621266583000;11575896;0.86012;0.86024;0.86018;0;T;True;2
1621266584000;11575897;0.86012;0.86024;0.86018;0;T;True;2
1621266585000;11575898;0.86012;0.86024;0.86018;0;T;True;2
1621266586000;11575900;0.86013;0.86025;0.86019;1;T;True;2
1621266587000;11575901;0.86013;0.86025;0.86019;0;T;True;2
1621266588000;11575903;0.86014;0.86026;0.8602;1;T;True;2
1621266589000;11575909;0.86015;0.86027;0.86021;5;T;True;2
1621266590000;11575912;0.86014;0.86026;0.8602;2;T;True;2
1621266591000;11575913;0.86014;0.86026;0.8602;0;T;True;2
1621266592000;11575914;0.86014;0.86026;0.8602;0;T;True;2
1621266593000;11575917;0.86015;0.86027;0.86021;2;T;True;2
1621266594000;11575918;0.86015;0.86027;0.86021;0;T;True;2
1621266595000;11575921;0.86015;0.86027;0.86021;2;T;True;2
1621266596000;11575927;0.86014;0.86026;0.8602;5;T;True;2
1621266597000;11575930;0.86015;0.86027;0.86021;2;T;True;2
1621266598000;11575931;0.86015;0.86027;0.86021;0;T;True;2
1621266599000;11575933;0.86015;0.86027;0.86021;1;T;True;2
1621266600000;11575936;0.86016;0.86028;0.86022;2;T;True;2
1621266601000;11575939;0.86016;0.86028;0.86022;2;T;True;2
1621266602000;11575941;0.86017;0.86029;0.86023;1;T;True;2
1621266603000;11575943;0.86018;0.8603;0.86024;1;T;True;2
1621266604000;11575945;0.86018;0.8603;0.86024;1;T;True;2
1621266605000;11575946;0.86018;0.8603;0.86024;0;T;True;2
1621266606000;11575948;0.86019;0.86031;0.86025;1;T;True;2
1621266607000;11575955;0.86021;0.86033;0.86027;6;T;True;2
1621266608000;11575959;0.86021;0.86033;0.86027;3;T;True;2
1621266609000;11575962;0.86021;0.86033;0.86027;2;T;True;2
1621266610000;11575966;0.8602;0.86032;0.86026;3;T;True;2
1621266611000;11575972;0.86018;0.8603;0.86024;5;T;True;2
1621266612000;11575973;0.86018;0.8603;0.86024;0;T;True;2
1621266613000;11575974;0.86018;0.8603;0.86024;0;T;True;2
1621266614000;11575975;0.86018;0.8603;0.86024;0;T;True;2
1621266615000;11575981;0.86019;0.86031;0.86025;5;T;True;2
1621266616000;11575982;0.86019;0.86031;0.86025;0;T;True;2
1621266617000;11575984;0.86018;0.8603;0.86024;1;T;True;2
1621266618000;11575987;0.86017;0.86029;0.86023;2;T;True;2
1621266619000;11575988;0.86017;0.86029;0.86023;0;T;True;2
1621266620000;11575990;0.86018;0.8603;0.86024;1;T;True;2
1621266621000;11575991;0.86018;0.8603;0.86024;0;T;True;2
1621266622000;11575997;0.86018;0.8603;0.86024;5;T;True;2
1621266623000;11576001;0.86018;0.8603;0.86024;3;T;True;2
1621266624000;11576006;0.86019;0.86031;0.86025;4;T;True;2
1621266625000;11576014;0.8602;0.86032;0.86026;7;T;True;2
1621266626000;11576018;0.86019;0.86031;0.86025;3;T;True;2
1621266627000;11576023;0.86019;0.86031;0.86025;4;T;True;2
1621266628000;11576024;0.86019;0.86031;0.86025;0;T;True;2
1621266629000;11576027;0.86019;0.86031;0.86025;2;T;True;2
1621266630000;11576030;0.86019;0.86031;0.86025;2;T;True;2
1621266631000;11576033;0.86019;0.86031;0.86025;2;T;True;2
1621266632000;11576035;0.86019;0.86031;0.86025;1;T;True;2
1621266633000;11576044;0.8602;0.86032;0.86026;8;T;True;2
1621266634000;11576049;0.86019;0.86031;0.86025;4;T;True;2
1621266635000;11576051;0.86019;0.86031;0.86025;1;T;True;2
1621266636000;11576052;0.86019;0.86031;0.86025;0;T;True;2
1621266637000;11576053;0.86019;0.86031;0.86025;0;T;True;2
1621266638000;11576055;0.86019;0.86031;0.86025;1;T;True;2
1621266639000;11576056;0.86019;0.86031;0.86025;0;T;True;2
1621266640000;11576059;0.8602;0.86032;0.86026;2;T;True;2
1621266641000;11576065;0.86021;0.86033;0.86027;5;T;True;2
1621266642000;11576071;0.86021;0.86033;0.86027;5;T;True;2
1621266643000;11576075;0.86021;0.86033;0.86027;3;T;True;2
1621266644000;11576076;0.86021;0.86033;0.86027;0;T;True;2
1621266645000;11576077;0.86021;0.86033;0.86027;0;T;True;2
1621266646000;11576078;0.86021;0.86033;0.86027;0;T;True;2
1621266647000;11576081;0.86023;0.86035;0.86029;2;T;True;2
1621266648000;11576082;0.86023;0.86035;0.86029;0;T;True;2
1621266649000;11576083;0.86023;0.86035;0.86029;0;T;True;2
1621266650000;11576084;0.86023;0.86035;0.86029;0;T;True;2
1621266651000;11576092;0.86031;0.86043;0.86037;7;T;True;2
1621266652000;11576096;0.86031;0.86043;0.86037;3;T;True;2
1621266653000;11576097;0.86031;0.86043;0.86037;0;T;True;2
1621266654000;11576098;0.86031;0.86043;0.86037;0;T;True;2
1621266655000;11576099;0.86031;0.86043;0.86037;0;T;True;2
1621266656000;11576101;0.8603;0.86042;0.86036;1;T;True;2
1621266657000;11576102;0.8603;0.86042;0.86036;0;T;True;2
1621266658000;11576106;0.86033;0.86045;0.86039;3;T;True;2
1621266659000;11576108;0.86033;0.86045;0.86039;1;T;True;2
1621266660000;11576113;0.86035;0.86047;0.86041;4;T;True;2
1621266661000;11576116;0.86036;0.86048;0.86042;2;T;True;2
1621266662000;11576119;0.86037;0.86049;0.86043;2;T;True;2
1621266663000;11576120;0.86037;0.86049;0.86043;0;T;True;2
1621266664000;11576123;0.86039;0.86051;0.86045;2;T;True;2
1621266665000;11576125;0.8604;0.86052;0.86046;1;T;True;2
1621266666000;11576126;0.8604;0.86052;0.86046;0;T;True;2
1621266667000;11576130;0.86041;0.86053;0.86047;3;T;True;2
1621266668000;11576131;0.86041;0.86053;0.86047;0;T;True;2
1621266669000;11576134;0.86041;0.86053;0.86047;2;T;True;2
1621266670000;11576142;0.86042;0.86054;0.86048;7;T;True;2
1621266671000;11576143;0.86042;0.86054;0.86048;0;T;True;2
1621266672000;11576144;0.86042;0.86054;0.86048;0;T;True;2
1621266673000;11576149;0.86044;0.86056;0.8605;4;T;True;2
1621266674000;11576150;0.86044;0.86056;0.8605;0;T;True;2
1621266675000;11576155;0.86045;0.86057;0.86051;4;T;True;2
1621266676000;11576156;0.86045;0.86057;0.86051;0;T;True;2
1621266677000;11576158;0.86043;0.86055;0.86049;1;T;True;2
1621266678000;11576162;0.86043;0.86055;0.86049;3;T;True;2
1621266679000;11576163;0.86043;0.86055;0.86049;0;T;True;2
1621266680000;11576164;0.86043;0.86055;0.86049;0;T;True;2
1621266681000;11576165;0.86043;0.86055;0.86049;0;T;True;2
1621266682000;11576169;0.86043;0.86055;0.86049;3;T;True;2
1621266683000;11576172;0.86045;0.86057;0.86051;2;T;True;2
1621266684000;11576173;0.86045;0.86057;0.86051;0;T;True;2
1621266685000;11576175;0.86043;0.86055;0.86049;1;T;True;2
1621266686000;11576177;0.86042;0.86054;0.86048;1;T;True;2
1621266687000;11576178;0.86042;0.86054;0.86048;0;T;True;2
1621266688000;11576179;0.86042;0.86054;0.86048;0;T;True;2
1621266689000;11576180;0.86042;0.86054;0.86048;0;T;True;2
1621266690000;11576182;0.86042;0.86054;0.86048;1;T;True;2
1621266691000;11576186;0.86041;0.86053;0.86047;3;T;True;2
1621266692000;11576189;0.86041;0.86053;0.86047;2;T;True;2
1621266693000;11576191;0.8604;0.86052;0.86046;1;T;True;2
1621266694000;11576192;0.8604;0.86052;0.86046;0;T;True;2
1621266695000;11576193;0.8604;0.86052;0.86046;0;T;True;2
1621266696000;11576194;0.8604;0.86052;0.86046;0;T;True;2
1621266697000;11576199;0.86042;0.86054;0.86048;4;T;True;2
1621266698000;11576203;0.86043;0.86055;0.86049;3;T;True;2
1621266699000;11576204;0.86043;0.86055;0.86049;0;T;True;2
1621266700000;11576207;0.86042;0.86054;0.86048;2;T;True;2
1621266701000;11576208;0.86042;0.86054;0.86048;0;T;True;2
1621266702000;11576209;0.86042;0.86054;0.86048;0;T;True;2
1621266703000;11576210;0.86042;0.86054;0.86048;0;T;True;2
1621266704000;11576211;0.86042;0.86054;0.86048;0;T;True;2
1621266705000;11576212;0.86042;0.86054;0.86048;0;T;True;2
1621266706000;11576213;0.86042;0.86054;0.86048;0;T;True;2
1621266707000;11576214;0.86042;0.86054;0.86048;0;T;True;2
1621266708000;11576216;0.86042;0.86054;0.86048;1;T;True;2
1621266709000;11576217;0.86042;0.86054;0.86048;0;T;True;2
1621266710000;11576222;0.86045;0.86057;0.86051;4;T;True;2
1621266711000;11576224;0.86043;0.86055;0.86049;1;T;True;2
1621266712000;11576225;0.86043;0.86055;0.86049;0;T;True;2
1621266713000;11576226;0.86043;0.86055;0.86049;0;T;True;2
1621266714000;11576230;0.86045;0.86057;0.86051;3;T;True;2
1621266715000;11576231;0.86045;0.86057;0.86051;0;T;True;2
1621266716000;11576233;0.86045;0.86057;0.86051;1;T;True;2
1621266717000;11576234;0.86045;0.86057;0.86051;0;T;True;2
1621266718000;11576235;0.86045;0.86057;0.86051;0;T;True;2
1621266719000;11576236;0.86045;0.86057;0.86051;0;T;True;2
1621266720000;11576238;0.86047;0.86059;0.86053;1;T;True;2
1621266721000;11576239;0.86047;0.86059;0.86053;0;T;True;2
1621266722000;11576247;0.86051;0.86063;0.86057;7;T;True;2
1621266723000;11576249;0.86051;0.86063;0.86057;1;T;True;2
1621266724000;11576250;0.86051;0.86063;0.86057;0;T;True;2
1621266725000;11576251;0.86051;0.86063;0.86057;0;T;True;2
1621266726000;11576252;0.86051;0.86063;0.86057;0;T;True;2
1621266727000;11576253;0.86051;0.86063;0.86057;0;T;True;2
1621266728000;11576254;0.86051;0.86063;0.86057;0;T;True;2
1621266729000;11576255;0.86051;0.86063;0.86057;0;T;True;2
1621266730000;11576256;0.86051;0.86063;0.86057;0;T;True;2
1621266731000;11576257;0.86051;0.86063;0.86057;0;T;True;2
1621266732000;11576258;0.86051;0.86063;0.86057;0;T;True;2
1621266733000;11576259;0.86051;0.86063;0.86057;0;T;True;2
1621266734000;11576260;0.86051;0.86063;0.86057;0;T;True;2
1621266735000;11576265;0.86051;0.86063;0.86057;4;T;True;2
1621266736000;11576266;0.86051;0.86063;0.86057;0;T;True;2
1621266737000;11576271;0.86054;0.86066;0.8606;4;T;True;2
1621266738000;11576277;0.86055;0.86067;0.86061;5;T;True;2
1621266739000;11576279;0.86055;0.86067;0.86061;1;T;True;2
1621266740000;11576281;0.86055;0.86067;0.86061;1;T;True;2
1621266741000;11576285;0.86055;0.86067;0.86061;3;T;True;2
1621266742000;11576286;0.86055;0.86067;0.86061;0;T;True;2
1621266743000;11576288;0.86056;0.86068;0.86062;1;T;True;2
1621266744000;11576290;0.86057;0.86069;0.86063;1;T;True;2
1621266745000;11576291;0.86057;0.86069;0.86063;0;T;True;2
1621266746000;11576296;0.86057;0.86069;0.86063;4;T;True;2
1621266747000;11576298;0.86056;0.86068;0.86062;1;T;True;2
1621266748000;11576302;0.86056;0.86068;0.86062;3;T;True;2
1621266749000;11576304;0.86057;0.86069;0.86063;1;T;True;2
1621266750000;11576305;0.86057;0.86069;0.86063;0;T;True;2
1621266751000;11576310;0.86056;0.86068;0.86062;4;T;True;2
1621266752000;11576311;0.86056;0.86068;0.86062;0;T;True;2
1621266753000;11576312;0.86056;0.86068;0.86062;0;T;True;2
1621266754000;11576315;0.86054;0.86066;0.8606;2;T;True;2
1621266755000;11576316;0.86054;0.86066;0.8606;0;T;True;2
1621266756000;11576317;0.86054;0.86066;0.8606;0;T;True;2
1621266757000;11576318;0.86054;0.86066;0.8606;0;T;True;2
1621266758000;11576319;0.86054;0.86066;0.8606;0;T;True;2
1621266759000;11576320;0.86054;0.86066;0.8606;0;T;True;2
1621266760000;11576322;0.86053;0.86065;0.86059;1;T;True;2
1621266761000;11576327;0.86057;0.86069;0.86063;4;T;True;2
1621266762000;11576330;0.86055;0.86067;0.86061;2;T;True;2
1621266763000;11576332;0.86055;0.86067;0.86061;1;T;True;2
1621266764000;11576333;0.86055;0.86067;0.86061;0;T;True;2
1621266765000;11576341;0.86053;0.86065;0.86059;7;T;True;2
1621266766000;11576344;0.86055;0.86067;0.86061;2;T;True;2
1621266767000;11576345;0.86055;0.86067;0.86061;0;T;True;2
1621266768000;11576347;0.86057;0.86069;0.86063;1;T;True;2
1621266769000;11576348;0.86057;0.86069;0.86063;0;T;True;2
1621266770000;11576349;0.86057;0.86069;0.86063;0;T;True;2
1621266771000;11576350;0.86057;0.86069;0.86063;0;T;True;2
1621266772000;11576351;0.86057;0.86069;0.86063;0;T;True;2
1621266773000;11576354;0.86055;0.86067;0.86061;2;T;True;2
1621266774000;11576356;0.86055;0.86067;0.86061;1;T;True;2
1621266775000;11576359;0.86055;0.86067;0.86061;2;T;True;2
1621266776000;11576361;0.86054;0.86066;0.8606;1;T;True;2
1621266777000;11576365;0.86053;0.86065;0.86059;3;T;True;2
1621266778000;11576366;0.86053;0.86065;0.86059;0;T;True;2
1621266779000;11576369;0.86053;0.86065;0.86059;2;T;True;2
1621266780000;11576370;0.86053;0.86065;0.86059;0;T;True;2
1621266781000;11576372;0.86052;0.86064;0.86058;1;T;True;2
1621266782000;11576374;0.86051;0.86063;0.86057;1;T;True;2
1621266783000;11576375;0.86051;0.86063;0.86057;0;T;True;2
1621266784000;11576382;0.86053;0.86065;0.86059;6;T;True;2
1621266785000;11576383;0.86053;0.86065;0.86059;0;T;True;2
1621266786000;11576384;0.86053;0.86065;0.86059;0;T;True;2
1621266787000;11576385;0.86053;0.86065;0.86059;0;T;True;2
1621266788000;11576386;0.86053;0.86065;0.86059;0;T;True;2
1621266789000;11576387;0.86053;0.86065;0.86059;0;T;True;2
1621266790000;11576388;0.86053;0.86065;0.86059;0;T;True;2
1621266791000;11576389;0.86053;0.86065;0.86059;0;T;True;2
1621266792000;11576393;0.86053;0.86065;0.86059;3;T;True;2
1621266793000;11576394;0.86053;0.86065;0.86059;0;T;True;2
1621266794000;11576396;0.86053;0.86065;0.86059;1;T;True;2
1621266795000;11576397;0.86053;0.86065;0.86059;0;T;True;2
1621266796000;11576398;0.86053;0.86065;0.86059;0;T;True;2
1621266797000;11576400;0.86055;0.86067;0.86061;1;T;True;2
1621266798000;11576401;0.86055;0.86067;0.86061;0;T;True;2
1621266799000;11576405;0.86054;0.86066;0.8606;3;T;True;2
1621266800000;11576407;0.86053;0.86065;0.86059;1;T;True;2
1621266801000;11576409;0.86053;0.86065;0.86059;1;T;True;2
1621266802000;11576416;0.8605;0.86062;0.86056;6;T;True;2
1621266803000;11576422;0.86051;0.86063;0.86057;5;T;True;2
1621266804000;11576423;0.86051;0.86063;0.86057;0;T;True;2
1621266805000;11576424;0.86051;0.86063;0.86057;0;T;True;2
1621266806000;11576426;0.86052;0.86064;0.86058;1;T;True;2
1621266807000;11576428;0.86051;0.86063;0.86057;1;T;True;2
1621266808000;11576429;0.86051;0.86063;0.86057;0;T;True;2
1621266809000;11576430;0.86051;0.86063;0.86057;0;T;True;2
1621266810000;11576431;0.86051;0.86063;0.86057;0;T;True;2
1621266811000;11576433;0.86052;0.86064;0.86058;1;T;True;2
1621266812000;11576436;0.86053;0.86065;0.86059;2;T;True;2
1621266813000;11576437;0.86053;0.86065;0.86059;0;T;True;2
1621266814000;11576439;0.86053;0.86065;0.86059;1;T;True;2
1621266815000;11576441;0.86053;0.86065;0.86059;1;T;True;2
1621266816000;11576444;0.86055;0.86067;0.86061;2;T;True;2
1621266817000;11576445;0.86055;0.86067;0.86061;0;T;True;2
1621266818000;11576446;0.86055;0.86067;0.86061;0;T;True;2
1621266819000;11576449;0.86053;0.86065;0.86059;2;T;True;2
1621266820000;11576452;0.86053;0.86065;0.86059;2;T;True;2
1621266821000;11576454;0.86053;0.86065;0.86059;1;T;True;2
1621266822000;11576455;0.86053;0.86065;0.86059;0;T;True;2
1621266823000;11576458;0.86052;0.86064;0.86058;2;T;True;2
1621266824000;11576461;0.86051;0.86063;0.86057;2;T;True;2
1621266825000;11576465;0.86051;0.86063;0.86057;3;T;True;2
1621266826000;11576466;0.86051;0.86063;0.86057;0;T;True;2
1621266827000;11576468;0.86051;0.86063;0.86057;1;T;True;2
1621266828000;11576470;0.86051;0.86063;0.86057;1;T;True;2
1621266829000;11576471;0.86051;0.86063;0.86057;0;T;True;2
1621266830000;11576472;0.86051;0.86063;0.86057;0;T;True;2
1621266831000;11576473;0.86051;0.86063;0.86057;0;T;True;2
1621266832000;11576474;0.86051;0.86063;0.86057;0;T;True;2
1621266833000;11576477;0.8605;0.86062;0.86056;2;T;True;2
1621266834000;11576479;0.8605;0.86062;0.86056;1;T;True;2
1621266835000;11576482;0.8605;0.86062;0.86056;2;T;True;2
1621266836000;11576484;0.86051;0.86063;0.86057;1;T;True;2
1621266837000;11576485;0.86051;0.86063;0.86057;0;T;True;2
1621266838000;11576486;0.86051;0.86063;0.86057;0;T;True;2
1621266839000;11576487;0.86051;0.86063;0.86057;0;T;True;2
1621266840000;11576488;0.86051;0.86063;0.86057;0;T;True;2
1621266841000;11576489;0.86051;0.86063;0.86057;0;T;True;2
1621266842000;11576493;0.86049;0.86061;0.86055;3;T;True;2
1621266843000;11576495;0.86049;0.86061;0.86055;1;T;True;2
1621266844000;11576497;0.86049;0.86061;0.86055;1;T;True;2
1621266845000;11576498;0.86049;0.86061;0.86055;0;T;True;2
1621266846000;11576499;0.86049;0.86061;0.86055;0;T;True;2
1621266847000;11576500;0.86049;0.86061;0.86055;0;T;True;2
1621266848000;11576501;0.86049;0.86061;0.86055;0;T;True;2
1621266849000;11576502;0.86049;0.86061;0.86055;0;T;True;2
1621266850000;11576503;0.86049;0.86061;0.86055;0;T;True;2
1621266851000;11576504;0.86049;0.86061;0.86055;0;T;True;2
1621266852000;11576505;0.86049;0.86061;0.86055;0;T;True;2
1621266853000;11576506;0.86049;0.86061;0.86055;0;T;True;2
1621266854000;11576507;0.86049;0.86061;0.86055;0;T;True;2
1621266855000;11576509;0.86047;0.86059;0.86053;1;T;True;2
1621266856000;11576511;0.86047;0.86059;0.86053;1;T;True;2
1621266857000;11576517;0.86045;0.86057;0.86051;5;T;True;2
1621266858000;11576520;0.86045;0.86057;0.86051;2;T;True;2
1621266859000;11576521;0.86045;0.86057;0.86051;0;T;True;2
1621266860000;11576522;0.86045;0.86057;0.86051;0;T;True;2
1621266861000;11576523;0.86045;0.86057;0.86051;0;T;True;2
1621266862000;11576525;0.86043;0.86055;0.86049;1;T;True;2
1621266863000;11576526;0.86043;0.86055;0.86049;0;T;True;2
1621266864000;11576527;0.86043;0.86055;0.86049;0;T;True;2
1621266865000;11576529;0.86043;0.86055;0.86049;1;T;True;2
1621266866000;11576531;0.86043;0.86055;0.86049;1;T;True;2
1621266867000;11576533;0.86043;0.86055;0.86049;1;T;True;2
1621266868000;11576535;0.86043;0.86055;0.86049;1;T;True;2
1621266869000;11576537;0.86043;0.86055;0.86049;1;T;True;2
1621266870000;11576538;0.86043;0.86055;0.86049;0;T;True;2
1621266871000;11576540;0.86042;0.86054;0.86048;1;T;True;2
1621266872000;11576543;0.8604;0.86052;0.86046;2;T;True;2
1621266873000;11576544;0.8604;0.86052;0.86046;0;T;True;2
1621266874000;11576546;0.8604;0.86052;0.86046;1;T;True;2
1621266875000;11576547;0.8604;0.86052;0.86046;0;T;True;2
1621266876000;11576548;0.8604;0.86052;0.86046;0;T;True;2
1621266877000;11576549;0.8604;0.86052;0.86046;0;T;True;2
1621266878000;11576552;0.86039;0.86051;0.86045;2;T;True;2
1621266879000;11576553;0.86039;0.86051;0.86045;0;T;True;2
1621266880000;11576554;0.86039;0.86051;0.86045;0;T;True;2
1621266881000;11576555;0.86039;0.86051;0.86045;0;T;True;2
1621266882000;11576556;0.86039;0.86051;0.86045;0;T;True;2
1621266883000;11576557;0.86039;0.86051;0.86045;0;T;True;2
1621266884000;11576558;0.86039;0.86051;0.86045;0;T;True;2
1621266885000;11576559;0.86039;0.86051;0.86045;0;T;True;2
1621266886000;11576560;0.86039;0.86051;0.86045;0;T;True;2
1621266887000;11576561;0.86039;0.86051;0.86045;0;T;True;2
1621266888000;11576562;0.86039;0.86051;0.86045;0;T;True;2
1621266889000;11576565;0.86039;0.86051;0.86045;2;T;True;2
1621266890000;11576566;0.86039;0.86051;0.86045;0;T;True;2
1621266891000;11576567;0.86039;0.86051;0.86045;0;T;True;2
1621266892000;11576568;0.86039;0.86051;0.86045;0;T;True;2
1621266893000;11576569;0.86039;0.86051;0.86045;0;T;True;2
1621266894000;11576570;0.86039;0.86051;0.86045;0;T;True;2
1621266895000;11576571;0.86039;0.86051;0.86045;0;T;True;2
1621266896000;11576572;0.86039;0.86051;0.86045;0;T;True;2
1621266897000;11576574;0.86039;0.86051;0.86045;1;T;True;2
1621266898000;11576575;0.86039;0.86051;0.86045;0;T;True;2
1621266899000;11576576;0.86039;0.86051;0.86045;0;T;True;2
1621266900000;11576578;0.86039;0.86051;0.86045;1;T;True;2
1621266901000;11576580;0.86041;0.86053;0.86047;1;T;True;2
1621266902000;11576582;0.86041;0.86053;0.86047;1;T;True;2
1621266903000;11576584;0.86042;0.86054;0.86048;1;T;True;2
1621266904000;11576585;0.86042;0.86054;0.86048;0;T;True;2
1621266905000;11576586;0.86042;0.86054;0.86048;0;T;True;2
1621266906000;11576587;0.86042;0.86054;0.86048;0;T;True;2
1621266907000;11576590;0.86045;0.86057;0.86051;2;T;True;2
1621266908000;11576593;0.86043;0.86055;0.86049;2;T;True;2
1621266909000;11576595;0.86043;0.86055;0.86049;1;T;True;2
1621266910000;11576601;0.86046;0.86058;0.86052;5;T;True;2
1621266911000;11576602;0.86046;0.86058;0.86052;0;T;True;2
1621266912000;11576605;0.86045;0.86057;0.86051;2;T;True;2
1621266913000;11576608;0.86047;0.86059;0.86053;2;T;True;2
1621266914000;11576609;0.86047;0.86059;0.86053;0;T;True;2
1621266915000;11576610;0.86047;0.86059;0.86053;0;T;True;2
1621266916000;11576611;0.86047;0.86059;0.86053;0;T;True;2
1621266917000;11576614;0.86047;0.86059;0.86053;2;T;True;2
1621266918000;11576615;0.86047;0.86059;0.86053;0;T;True;2
1621266919000;11576616;0.86047;0.86059;0.86053;0;T;True;2
1621266920000;11576617;0.86047;0.86059;0.86053;0;T;True;2
1621266921000;11576618;0.86047;0.86059;0.86053;0;T;True;2
1621266922000;11576619;0.86047;0.86059;0.86053;0;T;True;2
1621266923000;11576620;0.86047;0.86059;0.86053;0;T;True;2
1621266924000;11576621;0.86047;0.86059;0.86053;0;T;True;2
1621266925000;11576622;0.86047;0.86059;0.86053;0;T;True;2
1621266926000;11576623;0.86047;0.86059;0.86053;0;T;True;2
1621266927000;11576625;0.86045;0.86057;0.86051;1;T;True;2
1621266928000;11576627;0.86045;0.86057;0.86051;1;T;True;2
1621266929000;11576629;0.86045;0.86057;0.86051;1;T;True;2
1621266930000;11576630;0.86045;0.86057;0.86051;0;T;True;2
1621266931000;11576631;0.86045;0.86057;0.86051;0;T;True;2
1621266932000;11576632;0.86045;0.86057;0.86051;0;T;True;2
1621266933000;11576633;0.86045;0.86057;0.86051;0;T;True;2
1621266934000;11576634;0.86045;0.86057;0.86051;0;T;True;2
1621266935000;11576635;0.86045;0.86057;0.86051;0;T;True;2
1621266936000;11576636;0.86045;0.86057;0.86051;0;T;True;2
1621266937000;11576637;0.86045;0.86057;0.86051;0;T;True;2
1621266938000;11576640;0.86045;0.86057;0.86051;2;T;True;2
1621266939000;11576641;0.86045;0.86057;0.86051;0;T;True;2
1621266940000;11576642;0.86045;0.86057;0.86051;0;T;True;2
1621266941000;11576643;0.86045;0.86057;0.86051;0;T;True;2
1621266942000;11576644;0.86045;0.86057;0.86051;0;T;True;2
1621266943000;11576645;0.86045;0.86057;0.86051;0;T;True;2
1621266944000;11576646;0.86045;0.86057;0.86051;0;T;True;2
1621266945000;11576647;0.86045;0.86057;0.86051;0;T;True;2
1621266946000;11576648;0.86045;0.86057;0.86051;0;T;True;2
1621266947000;11576650;0.86044;0.86056;0.8605;1;T;True;2
1621266948000;11576651;0.86044;0.86056;0.8605;0;T;True;2
1621266949000;11576652;0.86044;0.86056;0.8605;0;T;True;2
1621266950000;11576653;0.86044;0.86056;0.8605;0;T;True;2
1621266951000;11576654;0.86044;0.86056;0.8605;0;T;True;2
1621266952000;11576655;0.86044;0.86056;0.8605;0;T;True;2
1621266953000;11576656;0.86044;0.86056;0.8605;0;T;True;2
1621266954000;11576658;0.86044;0.86056;0.8605;1;T;True;2
1621266955000;11576659;0.86044;0.86056;0.8605;0;T;True;2
1621266956000;11576660;0.86044;0.86056;0.8605;0;T;True;2
1621266957000;11576661;0.86044;0.86056;0.8605;0;T;True;2
1621266958000;11576662;0.86044;0.86056;0.8605;0;T;True;2
1621266959000;11576663;0.86044;0.86056;0.8605;0;T;True;2
1621266960000;11576664;0.86044;0.86056;0.8605;0;T;True;2
1621266961000;11576665;0.86044;0.86056;0.8605;0;T;True;2
1621266962000;11576669;0.86043;0.86055;0.86049;3;T;True;2
1621266963000;11576675;0.86045;0.86057;0.86051;5;T;True;2
1621266964000;11576677;0.86044;0.86056;0.8605;1;T;True;2
1621266965000;11576678;0.86044;0.86056;0.8605;0;T;True;2
1621266966000;11576679;0.86044;0.86056;0.8605;0;T;True;2
1621266967000;11576680;0.86044;0.86056;0.8605;0;T;True;2
1621266968000;11576681;0.86044;0.86056;0.8605;0;T;True;2
1621266969000;11576682;0.86044;0.86056;0.8605;0;T;True;2
1621266970000;11576683;0.86044;0.86056;0.8605;0;T;True;2
1621266971000;11576684;0.86044;0.86056;0.8605;0;T;True;2
1621266972000;11576685;0.86044;0.86056;0.8605;0;T;True;2
1621266973000;11576686;0.86044;0.86056;0.8605;0;T;True;2
1621266974000;11576687;0.86044;0.86056;0.8605;0;T;True;2
1621266975000;11576690;0.86044;0.86056;0.8605;2;T;True;2
1621266976000;11576691;0.86044;0.86056;0.8605;0;T;True;2
1621266977000;11576693;0.86044;0.86056;0.8605;1;T;True;2
1621266978000;11576695;0.86044;0.86056;0.8605;1;T;True;2
1621266979000;11576696;0.86044;0.86056;0.8605;0;T;True;2
1621266980000;11576697;0.86044;0.86056;0.8605;0;T;True;2
1621266981000;11576699;0.86044;0.86056;0.8605;1;T;True;2
1621266982000;11576701;0.86045;0.86057;0.86051;1;T;True;2
1621266983000;11576705;0.86047;0.86059;0.86053;3;T;True;2
1621266984000;11576710;0.86045;0.86057;0.86051;4;T;True;2
1621266985000;11576712;0.86045;0.86057;0.86051;1;T;True;2
1621266986000;11576713;0.86045;0.86057;0.86051;0;T;True;2
1621266987000;11576714;0.86045;0.86057;0.86051;0;T;True;2
1621266988000;11576716;0.86044;0.86056;0.8605;1;T;True;2
1621266989000;11576717;0.86044;0.86056;0.8605;0;T;True;2
1621266990000;11576719;0.86044;0.86056;0.8605;1;T;True;2
