ts;n;bid;ask;value;volume;phase;round;active_id
1621259862000;11559704;0.86145;0.86157;0.86151;0;T;True;2
1621259863000;11559705;0.86145;0.86157;0.86151;0;T;True;2
1621259864000;11559706;0.86145;0.86157;0.86151;0;T;True;2
1621259865000;11559707;0.86145;0.86157;0.86151;0;T;True;2
1621259866000;11559708;0.86145;0.86157;0.86151;0;T;True;2
1621259867000;11559709;0.86145;0.86157;0.86151;0;T;True;2
1621259868000;11559710;0.86145;0.86157;0.86151;0;T;True;2
1621259869000;11559711;0.86145;0.86157;0.86151;0;T;True;2
1621259870000;11559712;0.86145;0.86157;0.86151;0;T;True;2
1621259871000;11559713;0.86145;0.86157;0.86151;0;T;True;2
1621259872000;11559714;0.86145;0.86157;0.86151;0;T;True;2
1621259873000;11559715;0.86145;0.86157;0.86151;0;T;True;2
1621259874000;11559721;0.86145;0.86157;0.86151;5;T;True;2
1621259875000;11559723;0.86145;0.86157;0.86151;1;T;True;2
1621259876000;11559726;0.86145;0.86157;0.86151;2;T;True;2
1621259877000;11559728;0.86145;0.86157;0.86151;1;T;True;2
1621259878000;11559729;0.86145;0.86157;0.86151;0;T;True;2
1621259879000;11559731;0.86144;0.86156;0.8615;1;T;True;2
1621259880000;11559732;0.86144;0.86156;0.8615;0;T;True;2
1621259881000;11559734;0.86143;0.86155;0.86149;1;T;True;2
1621259882000;11559735;0.86143;0.86155;0.86149;0;T;True;2
1621259883000;11559737;0.86145;0.86157;0.86151;1;T;True;2
1621259884000;11559738;0.86145;0.86157;0.86151;0;T;True;2
1621259885000;11559739;0.86145;0.86157;0.86151;0;T;True;2
1621259886000;11559741;0.86145;0.86157;0.86151;1;T;True;2
1621259887000;11559742;0.86145;0.86157;0.86151;0;T;True;2
1621259888000;11559743;0.86145;0.86157;0.86151;0;T;True;2
1621259889000;11559744;0.86145;0.86157;0.86151;0;T;True;2
1621259890000;11559746;0.86145;0.86157;0.86151;1;T;True;2
1621259891000;11559751;0.86145;0.86157;0.86151;4;T;True;2
1621259892000;11559752;0.86145;0.86157;0.86151;0;T;True;2
1621259893000;11559753;0.86145;0.86157;0.86151;0;T;True;2
1621259894000;11559757;0.86145;0.86157;0.86151;3;T;True;2
1621259895000;11559759;0.86145;0.86157;0.86151;1;T;True;2
1621259896000;11559763;0.86145;0.86157;0.86151;3;T;True;2
1621259897000;11559764;0.86145;0.86157;0.86151;0;T;True;2
1621259898000;11559765;0.86145;0.86157;0.86151;0;T;True;2
1621259899000;11559766;0.86145;0.86157;0.86151;0;T;True;2
1621259900000;11559772;0.86146;0.86158;0.86152;5;T;True;2
1621259901000;11559777;0.86147;0.86159;0.86153;4;T;True;2
1621259902000;11559783;0.86146;0.86158;0.86152;5;T;True;2
1621259903000;11559785;0.86145;0.86157;0.86151;1;T;True;2
1621259904000;11559787;0.86145;0.86157;0.86151;1;T;True;2
1621259905000;11559789;0.86145;0.86157;0.86151;1;T;True;2
1621259906000;11559793;0.86146;0.86158;0.86152;3;T;True;2
1621259907000;11559795;0.86145;0.86157;0.86151;1;T;True;2
1621259908000;11559797;0.86146;0.86158;0.86152;1;T;True;2
1621259909000;11559801;0.86147;0.86159;0.86153;3;T;True;2
1621259910000;11559802;0.86147;0.86159;0.86153;0;T;True;2
1621259911000;11559803;0.86147;0.86159;0.86153;0;T;True;2
1621259912000;11559805;0.86147;0.86159;0.86153;1;T;True;2
1621259913000;11559806;0.86147;0.86159;0.86153;0;T;True;2
1621259914000;11559808;0.86145;0.86157;0.86151;1;T;True;2
1621259915000;11559815;0.86141;0.86153;0.86147;6;T;True;2
1621259916000;11559817;0.86141;0.86153;0.86147;1;T;True;2
1621259917000;11559818;0.86141;0.86153;0.86147;0;T;True;2
1621259918000;11559821;0.86141;0.86153;0.86147;2;T;True;2
1621259919000;11559822;0.86141;0.86153;0.86147;0;T;True;2
1621259920000;11559827;0.86138;0.8615;0.86144;4;T;True;2
1621259921000;11559828;0.86138;0.8615;0.86144;0;T;True;2
1621259922000;11559831;0.86138;0.8615;0.86144;2;T;True;2
1621259923000;11559834;0.86139;0.86151;0.86145;2;T;True;2
1621259924000;11559835;0.86139;0.86151;0.86145;0;T;True;2
1621259925000;11559839;0.86138;0.8615;0.86144;3;T;True;2
1621259926000;11559840;0.86138;0.8615;0.86144;0;T;True;2
1621259927000;11559841;0.86138;0.8615;0.86144;0;T;True;2
1621259928000;11559842;0.86138;0.8615;0.86144;0;T;True;2
1621259929000;11559843;0.86138;0.8615;0.86144;0;T;True;2
1621259930000;11559844;0.86138;0.8615;0.86144;0;T;True;2
1621259931000;11559845;0.86138;0.8615;0.86144;0;T;True;2
1621259932000;11559846;0.86138;0.8615;0.86144;0;T;True;2
1621259933000;11559848;0.86138;0.8615;0.86144;1;T;True;2
1621259934000;11559849;0.86138;0.8615;0.86144;0;T;True;2
1621259935000;11559851;0.86137;0.86149;0.86143;1;T;True;2
1621259936000;11559853;0.86137;0.86149;0.86143;1;T;True;2
1621259937000;11559855;0.86137;0.86149;0.86143;1;T;True;2
1621259938000;11559856;0.86137;0.86149;0.86143;0;T;True;2
1621259939000;11559860;0.86137;0.86149;0.86143;3;T;True;2
1621259940000;11559862;0.86137;0.86149;0.86143;1;T;True;2
1621259941000;11559864;0.86137;0.86149;0.86143;1;T;True;2
1621259942000;11559867;0.86137;0.86149;0.86143;2;T;True;2
1621259943000;11559868;0.86137;0.86149;0.86143;0;T;True;2
1621259944000;11559871;0.86136;0.86148;0.86142;2;T;True;2
1621259945000;11559873;0.86135;0.86147;0.86141;1;T;True;2
1621259946000;11559874;0.86135;0.86147;0.86141;0;T;True;2
1621259947000;11559875;0.86135;0.86147;0.86141;0;T;True;2
1621259948000;11559876;0.86135;0.86147;0.86141;0;T;True;2
1621259949000;11559877;0.86135;0.86147;0.86141;0;T;True;2
1621259950000;11559878;0.86135;0.86147;0.86141;0;T;True;2
1621259951000;11559879;0.86135;0.86147;0.86141;0;T;True;2
1621259952000;11559880;0.86135;0.86147;0.86141;0;T;True;2
1621259953000;11559881;0.86135;0.86147;0.86141;0;T;True;2
1621259954000;11559882;0.86135;0.86147;0.86141;0;T;True;2
1621259955000;11559883;0.86135;0.86147;0.86141;0;T;True;2
1621259956000;11559884;0.86135;0.86147;0.86141;0;T;True;2
1621259957000;11559885;0.86135;0.86147;0.86141;0;T;True;2
1621259958000;11559886;0.86135;0.86147;0.86141;0;T;True;2
1621259959000;11559887;0.86135;0.86147;0.86141;0;T;True;2
1621259960000;11559888;0.86135;0.86147;0.86141;0;T;True;2
1621259961000;11559889;0.86135;0.86147;0.86141;0;T;True;2
1621259962000;11559893;0.86137;0.86149;0.86143;3;T;True;2
1621259963000;11559894;0.86137;0.86149;0.86143;0;T;True;2
1621259964000;11559895;0.86137;0.86149;0.86143;0;T;True;2
1621259965000;11559896;0.86137;0.86149;0.86143;0;T;True;2
1621259966000;11559897;0.86137;0.86149;0.86143;0;T;True;2
1621259967000;11559899;0.86139;0.86151;0.86145;1;T;True;2
1621259968000;11559901;0.86139;0.86151;0.86145;1;T;True;2
1621259969000;11559902;0.86139;0.86151;0.86145;0;T;True;2
1621259970000;11559905;0.86141;0.86153;0.86147;2;T;True;2
1621259971000;11559907;0.86141;0.86153;0.86147;1;T;True;2
1621259972000;11559909;0.86141;0.86153;0.86147;1;T;True;2
1621259973000;11559912;0.86141;0.86153;0.86147;2;T;True;2
1621259974000;11559917;0.86143;0.86155;0.86149;4;T;True;2
1621259975000;11559919;0.86143;0.86155;0.86149;1;T;True;2
1621259976000;11559920;0.86143;0.86155;0.86149;0;T;True;2
1621259977000;11559921;0.86143;0.86155;0.86149;0;T;True;2
1621259978000;11559922;0.86143;0.86155;0.86149;0;T;True;2
1621259979000;11559926;0.86144;0.86156;0.8615;3;T;True;2
1621259980000;11559928;0.86145;0.86157;0.86151;1;T;True;2
1621259981000;11559929;0.86145;0.86157;0.86151;0;T;True;2
1621259982000;11559930;0.86145;0.86157;0.86151;0;T;True;2
1621259983000;11559931;0.86145;0.86157;0.86151;0;T;True;2
1621259984000;11559932;0.86145;0.86157;0.86151;0;T;True;2
1621259985000;11559936;0.86143;0.86155;0.86149;3;T;True;2
1621259986000;11559940;0.86144;0.86156;0.8615;3;T;True;2
1621259987000;11559942;0.86143;0.86155;0.86149;1;T;True;2
1621259988000;11559944;0.86143;0.86155;0.86149;1;T;True;2
1621259989000;11559945;0.86143;0.86155;0.86149;0;T;True;2
1621259990000;11559946;0.86143;0.86155;0.86149;0;T;True;2
1621259991000;11559947;0.86143;0.86155;0.86149;0;T;True;2
1621259992000;11559948;0.86143;0.86155;0.86149;0;T;True;2
1621259993000;11559949;0.86143;0.86155;0.86149;0;T;True;2
1621259994000;11559950;0.86143;0.86155;0.86149;0;T;True;2
1621259995000;11559951;0.86143;0.86155;0.86149;0;T;True;2
1621259996000;11559952;0.86143;0.86155;0.86149;0;T;True;2
1621259997000;11559953;0.86143;0.86155;0.86149;0;T;True;2
1621259998000;11559955;0.86142;0.86154;0.86148;1;T;True;2
1621259999000;11559959;0.86145;0.86157;0.86151;3;T;True;2
1621260000000;11559962;0.86141;0.86153;0.86147;2;T;True;2
1621260001000;11559963;0.86141;0.86153;0.86147;0;T;True;2
1621260002000;11559965;0.86143;0.86155;0.86149;1;T;True;2
1621260003000;11559968;0.86143;0.86155;0.86149;2;T;True;2
1621260004000;11559973;0.86143;0.86155;0.86149;4;T;True;2
1621260005000;11559975;0.86141;0.86153;0.86147;1;T;True;2
1621260006000;11559978;0.86143;0.86155;0.86149;2;T;True;2
1621260007000;11559982;0.86144;0.86156;0.8615;3;T;True;2
1621260008000;11559988;0.86145;0.86157;0.86151;5;T;True;2
1621260009000;11559992;0.86141;0.86153;0.86147;3;T;True;2
1621260010000;11559995;0.86143;0.86155;0.86149;2;T;True;2
1621260011000;11560002;0.86137;0.86149;0.86143;6;T;True;2
1621260012000;11560003;0.86137;0.86149;0.86143;0;T;True;2
1621260013000;11560007;0.86135;0.86147;0.86141;3;T;True;2
1621260014000;11560008;0.86135;0.86147;0.86141;0;T;True;2
1621260015000;11560009;0.86135;0.86147;0.86141;0;T;True;2
1621260016000;11560010;0.86135;0.86147;0.86141;0;T;True;2
1621260017000;11560011;0.86135;0.86147;0.86141;0;T;True;2
1621260018000;11560012;0.86135;0.86147;0.86141;0;T;True;2
1621260019000;11560013;0.86135;0.86147;0.86141;0;T;True;2
1621260020000;11560014;0.86135;0.86147;0.86141;0;T;True;2
1621260021000;11560022;0.86139;0.86151;0.86145;7;T;True;2
1621260022000;11560023;0.86139;0.86151;0.86145;0;T;True;2
1621260023000;11560025;0.86139;0.86151;0.86145;1;T;True;2
1621260024000;11560031;0.86138;0.8615;0.86144;5;T;True;2
1621260025000;11560032;0.86138;0.8615;0.86144;0;T;True;2
1621260026000;11560034;0.86139;0.86151;0.86145;1;T;True;2
1621260027000;11560035;0.86139;0.86151;0.86145;0;T;True;2
1621260028000;11560040;0.86136;0.86148;0.86142;4;T;True;2
1621260029000;11560044;0.86135;0.86147;0.86141;3;T;True;2
1621260030000;11560045;0.86135;0.86147;0.86141;0;T;True;2
1621260031000;11560046;0.86135;0.86147;0.86141;0;T;True;2
1621260032000;11560048;0.86135;0.86147;0.86141;1;T;True;2
1621260033000;11560050;0.86135;0.86147;0.86141;1;T;True;2
1621260034000;11560052;0.86135;0.86147;0.86141;1;T;True;2
1621260035000;11560058;0.86133;0.86145;0.86139;5;T;True;2
1621260036000;11560060;0.86131;0.86143;0.86137;1;T;True;2
1621260037000;11560064;0.86131;0.86143;0.86137;3;T;True;2
1621260038000;11560067;0.86131;0.86143;0.86137;2;T;True;2
1621260039000;11560068;0.86131;0.86143;0.86137;0;T;True;2
1621260040000;11560069;0.86131;0.86143;0.86137;0;T;True;2
1621260041000;11560070;0.86131;0.86143;0.86137;0;T;True;2
1621260042000;11560073;0.8613;0.86142;0.86136;2;T;True;2
1621260043000;11560074;0.8613;0.86142;0.86136;0;T;True;2
1621260044000;11560075;0.8613;0.86142;0.86136;0;T;True;2
1621260045000;11560080;0.86131;0.86143;0.86137;4;T;True;2
1621260046000;11560082;0.86132;0.86144;0.86138;1;T;True;2
1621260047000;11560086;0.86135;0.86147;0.86141;3;T;True;2
1621260048000;11560092;0.86134;0.86146;0.8614;5;T;True;2
1621260049000;11560096;0.86135;0.86147;0.86141;3;T;True;2
1621260050000;11560097;0.86135;0.86147;0.86141;0;T;True;2
1621260051000;11560104;0.86137;0.86149;0.86143;6;T;True;2
1621260052000;11560108;0.86137;0.86149;0.86143;3;T;True;2
1621260053000;11560113;0.86139;0.86151;0.86145;4;T;True;2
1621260054000;11560115;0.86139;0.86151;0.86145;1;T;True;2
1621260055000;11560118;0.86141;0.86153;0.86147;2;T;True;2
1621260056000;11560120;0.86141;0.86153;0.86147;1;T;True;2
1621260057000;11560121;0.86141;0.86153;0.86147;0;T;True;2
1621260058000;11560125;0.86139;0.86151;0.86145;3;T;True;2
1621260059000;11560126;0.86139;0.86151;0.86145;0;T;True;2
1621260060000;11560127;0.86139;0.86151;0.86145;0;T;True;2
1621260061000;11560128;0.86139;0.86151;0.86145;0;T;True;2
1621260062000;11560132;0.86141;0.86153;0.86147;3;T;True;2
1621260063000;11560135;0.86141;0.86153;0.86147;2;T;True;2
1621260064000;11560144;0.86139;0.86151;0.86145;8;T;True;2
1621260065000;11560151;0.86137;0.86149;0.86143;6;T;True;2
1621260066000;11560152;0.86137;0.86149;0.86143;0;T;True;2
1621260067000;11560153;0.86137;0.86149;0.86143;0;T;True;2
1621260068000;11560156;0.86137;0.86149;0.86143;2;T;True;2
1621260069000;11560160;0.86137;0.86149;0.86143;3;T;True;2
1621260070000;11560164;0.86136;0.86148;0.86142;3;T;True;2
1621260071000;11560165;0.86136;0.86148;0.86142;0;T;True;2
1621260072000;11560167;0.86136;0.86148;0.86142;1;T;True;2
1621260073000;11560175;0.86138;0.8615;0.86144;7;T;True;2
1621260074000;11560177;0.86139;0.86151;0.86145;1;T;True;2
1621260075000;11560184;0.86141;0.86153;0.86147;6;T;True;2
1621260076000;11560187;0.86141;0.86153;0.86147;2;T;True;2
1621260077000;11560190;0.86142;0.86154;0.86148;2;T;True;2
1621260078000;11560193;0.86143;0.86155;0.86149;2;T;True;2
1621260079000;11560197;0.86143;0.86155;0.86149;3;T;True;2
1621260080000;11560200;0.86143;0.86155;0.86149;2;T;True;2
1621260081000;11560202;0.86142;0.86154;0.86148;1;T;True;2
1621260082000;11560203;0.86142;0.86154;0.86148;0;T;True;2
1621260083000;11560204;0.86142;0.86154;0.86148;0;T;True;2
1621260084000;11560208;0.86143;0.86155;0.86149;3;T;True;2
1621260085000;11560218;0.86143;0.86155;0.86149;9;T;True;2
1621260086000;11560221;0.86143;0.86155;0.86149;2;T;True;2
1621260087000;11560226;0.86147;0.86159;0.86153;4;T;True;2
1621260088000;11560228;0.86148;0.8616;0.86154;1;T;True;2
1621260089000;11560230;0.86149;0.86161;0.86155;1;T;True;2
1621260090000;11560232;0.86149;0.86161;0.86155;1;T;True;2
1621260091000;11560233;0.86149;0.86161;0.86155;0;T;True;2
1621260092000;11560234;0.86149;0.86161;0.86155;0;T;True;2
1621260093000;11560244;0.86141;0.86153;0.86147;9;T;True;2
1621260094000;11560245;0.86141;0.86153;0.86147;0;T;True;2
1621260095000;11560246;0.86141;0.86153;0.86147;0;T;True;2
1621260096000;11560249;0.86139;0.86151;0.86145;2;T;True;2
1621260097000;11560254;0.86137;0.86149;0.86143;4;T;True;2
1621260098000;11560255;0.86137;0.86149;0.86143;0;T;True;2
1621260099000;11560258;0.86136;0.86148;0.86142;2;T;True;2
1621260100000;11560259;0.86136;0.86148;0.86142;0;T;True;2
1621260101000;11560260;0.86136;0.86148;0.86142;0;T;True;2
1621260102000;11560261;0.86136;0.86148;0.86142;0;T;True;2
1621260103000;11560263;0.86136;0.86148;0.86142;1;T;True;2
1621260104000;11560267;0.86137;0.86149;0.86143;3;T;True;2
1621260105000;11560268;0.86137;0.86149;0.86143;0;T;True;2
1621260106000;11560269;0.86137;0.86149;0.86143;0;T;True;2
1621260107000;11560270;0.86137;0.86149;0.86143;0;T;True;2
1621260108000;11560271;0.86137;0.86149;0.86143;0;T;True;2
1621260109000;11560274;0.86137;0.86149;0.86143;2;T;True;2
1621260110000;11560275;0.86137;0.86149;0.86143;0;T;True;2
1621260111000;11560276;0.86137;0.86149;0.86143;0;T;True;2
1621260112000;11560277;0.86137;0.86149;0.86143;0;T;True;2
1621260113000;11560278;0.86137;0.86149;0.86143;0;T;True;2
1621260114000;11560279;0.86137;0.86149;0.86143;0;T;True;2
1621260115000;11560280;0.86137;0.86149;0.86143;0;T;True;2
1621260116000;11560281;0.86137;0.86149;0.86143;0;T;True;2
1621260117000;11560284;0.8614;0.86152;0.86146;2;T;True;2
1621260118000;11560286;0.86139;0.86151;0.86145;1;T;True;2
1621260119000;11560287;0.86139;0.86151;0.86145;0;T;True;2
1621260120000;11560288;0.86139;0.86151;0.86145;0;T;True;2
1621260121000;11560290;0.86137;0.86149;0.86143;1;T;True;2
1621260122000;11560291;0.86137;0.86149;0.86143;0;T;True;2
1621260123000;11560292;0.86137;0.86149;0.86143;0;T;True;2
1621260124000;11560293;0.86137;0.86149;0.86143;0;T;True;2
1621260125000;11560294;0.86137;0.86149;0.86143;0;T;True;2
1621260126000;11560296;0.86138;0.8615;0.86144;1;T;True;2
1621260127000;11560297;0.86138;0.8615;0.86144;0;T;True;2
1621260128000;11560299;0.86137;0.86149;0.86143;1;T;True;2
1621260129000;11560300;0.86137;0.86149;0.86143;0;T;True;2
1621260130000;11560302;0.86138;0.8615;0.86144;1;T;True;2
1621260131000;11560304;0.86137;0.86149;0.86143;1;T;True;2
1621260132000;11560309;0.86135;0.86147;0.86141;4;T;True;2
1621260133000;11560310;0.86135;0.86147;0.86141;0;T;True;2
1621260134000;11560311;0.86135;0.86147;0.86141;0;T;True;2
1621260135000;11560312;0.86135;0.86147;0.86141;0;T;True;2
1621260136000;11560313;0.86135;0.86147;0.86141;0;T;True;2
1621260137000;11560314;0.86135;0.86147;0.86141;0;T;True;2
1621260138000;11560315;0.86135;0.86147;0.86141;0;T;True;2
1621260139000;11560318;0.86137;0.86149;0.86143;2;T;True;2
1621260140000;11560319;0.86137;0.86149;0.86143;0;T;True;2
1621260141000;11560321;0.86136;0.86148;0.86142;1;T;True;2
1621260142000;11560322;0.86136;0.86148;0.86142;0;T;True;2
1621260143000;11560323;0.86136;0.86148;0.86142;0;T;True;2
1621260144000;11560324;0.86136;0.86148;0.86142;0;T;True;2
1621260145000;11560325;0.86136;0.86148;0.86142;0;T;True;2
1621260146000;11560326;0.86136;0.86148;0.86142;0;T;True;2
1621260147000;11560327;0.86136;0.86148;0.86142;0;T;True;2
1621260148000;11560331;0.86137;0.86149;0.86143;3;T;True;2
1621260149000;11560333;0.86139;0.86151;0.86145;1;T;True;2
1621260150000;11560336;0.86137;0.86149;0.86143;2;T;True;2
1621260151000;11560339;0.86137;0.86149;0.86143;2;T;True;2
1621260152000;11560340;0.86137;0.86149;0.86143;0;T;True;2
1621260153000;11560343;0.86139;0.86151;0.86145;2;T;True;2
1621260154000;11560344;0.86139;0.86151;0.86145;0;T;True;2
1621260155000;11560345;0.86139;0.86151;0.86145;0;T;True;2
1621260156000;11560349;0.8614;0.86152;0.86146;3;T;True;2
1621260157000;11560350;0.8614;0.86152;0.86146;0;T;True;2
1621260158000;11560355;0.8614;0.86152;0.86146;4;T;True;2
1621260159000;11560360;0.86141;0.86153;0.86147;4;T;True;2
1621260160000;11560364;0.86141;0.86153;0.86147;3;T;True;2
1621260161000;11560366;0.86142;0.86154;0.86148;1;T;True;2
1621260162000;11560367;0.86142;0.86154;0.86148;0;T;True;2
1621260163000;11560368;0.86142;0.86154;0.86148;0;T;True;2
1621260164000;11560369;0.86142;0.86154;0.86148;0;T;True;2
1621260165000;11560370;0.86142;0.86154;0.86148;0;T;True;2
1621260166000;11560372;0.86141;0.86153;0.86147;1;T;True;2
1621260167000;11560373;0.86141;0.86153;0.86147;0;T;True;2
1621260168000;11560374;0.86141;0.86153;0.86147;0;T;True;2
1621260169000;11560375;0.86141;0.86153;0.86147;0;T;True;2
1621260170000;11560376;0.86141;0.86153;0.86147;0;T;True;2
1621260171000;11560377;0.86141;0.86153;0.86147;0;T;True;2
1621260172000;11560378;0.86141;0.86153;0.86147;0;T;True;2
1621260173000;11560379;0.86141;0.86153;0.86147;0;T;True;2
1621260174000;11560383;0.86145;0.86157;0.86151;3;T;True;2
1621260175000;11560385;0.86147;0.86159;0.86153;1;T;True;2
1621260176000;11560387;0.86146;0.86158;0.86152;1;T;True;2
1621260177000;11560388;0.86146;0.86158;0.86152;0;T;True;2
1621260178000;11560389;0.86146;0.86158;0.86152;0;T;True;2
1621260179000;11560390;0.86146;0.86158;0.86152;0;T;True;2
1621260180000;11560392;0.86145;0.86157;0.86151;1;T;True;2
1621260181000;11560395;0.86146;0.86158;0.86152;2;T;True;2
1621260182000;11560399;0.86147;0.86159;0.86153;3;T;True;2
1621260183000;11560402;0.86149;0.86161;0.86155;2;T;True;2
1621260184000;11560403;0.86149;0.86161;0.86155;0;T;True;2
1621260185000;11560404;0.86149;0.86161;0.86155;0;T;True;2
1621260186000;11560405;0.86149;0.86161;0.86155;0;T;True;2
1621260187000;11560406;0.86149;0.86161;0.86155;0;T;True;2
1621260188000;11560407;0.86149;0.86161;0.86155;0;T;True;2
1621260189000;11560408;0.86149;0.86161;0.86155;0;T;True;2
1621260190000;11560413;0.86145;0.86157;0.86151;4;T;True;2
1621260191000;11560414;0.86145;0.86157;0.86151;0;T;True;2
1621260192000;11560415;0.86145;0.86157;0.86151;0;T;True;2
1621260193000;11560416;0.86145;0.86157;0.86151;0;T;True;2
1621260194000;11560418;0.86147;0.86159;0.86153;1;T;True;2
1621260195000;11560420;0.86147;0.86159;0.86153;1;T;True;2
1621260196000;11560421;0.86147;0.86159;0.86153;0;T;True;2
1621260197000;11560422;0.86147;0.86159;0.86153;0;T;True;2
1621260198000;11560425;0.8615;0.86162;0.86156;2;T;True;2
1621260199000;11560426;0.8615;0.86162;0.86156;0;T;True;2
1621260200000;11560429;0.8615;0.86162;0.86156;2;T;True;2
1621260201000;11560430;0.8615;0.86162;0.86156;0;T;True;2
1621260202000;11560431;0.8615;0.86162;0.86156;0;T;True;2
1621260203000;11560432;0.8615;0.86162;0.86156;0;T;True;2
1621260204000;11560437;0.86149;0.86161;0.86155;4;T;True;2
1621260205000;11560438;0.86149;0.86161;0.86155;0;T;True;2
1621260206000;11560439;0.86149;0.86161;0.86155;0;T;True;2
1621260207000;11560440;0.86149;0.86161;0.86155;0;T;True;2
1621260208000;11560442;0.86149;0.86161;0.86155;1;T;True;2
1621260209000;11560444;0.86149;0.86161;0.86155;1;T;True;2
1621260210000;11560448;0.86145;0.86157;0.86151;3;T;True;2
1621260211000;11560449;0.86145;0.86157;0.86151;0;T;True;2
1621260212000;11560450;0.86145;0.86157;0.86151;0;T;True;2
1621260213000;11560454;0.86145;0.86157;0.86151;3;T;True;2
1621260214000;11560455;0.86145;0.86157;0.86151;0;T;True;2
1621260215000;11560461;0.86149;0.86161;0.86155;5;T;True;2
1621260216000;11560464;0.86147;0.86159;0.86153;2;T;True;2
1621260217000;11560469;0.86147;0.86159;0.86153;4;T;True;2
1621260218000;11560474;0.86148;0.8616;0.86154;4;T;True;2
1621260219000;11560481;0.86151;0.86163;0.86157;6;T;True;2
1621260220000;11560483;0.86151;0.86163;0.86157;1;T;True;2
1621260221000;11560484;0.86151;0.86163;0.86157;0;T;True;2
1621260222000;11560487;0.86152;0.86164;0.86158;2;T;True;2
1621260223000;11560490;0.86152;0.86164;0.86158;2;T;True;2
1621260224000;11560492;0.86151;0.86163;0.86157;1;T;True;2
1621260225000;11560497;0.86151;0.86163;0.86157;4;T;True;2
1621260226000;11560498;0.86151;0.86163;0.86157;0;T;True;2
1621260227000;11560502;0.86153;0.86165;0.86159;3;T;True;2
1621260228000;11560513;0.86162;0.86174;0.86168;10;T;True;2
1621260229000;11560515;0.86161;0.86173;0.86167;1;T;True;2
1621260230000;11560517;0.86163;0.86175;0.86169;1;T;True;2
1621260231000;11560518;0.86163;0.86175;0.86169;0;T;True;2
1621260232000;11560519;0.86163;0.86175;0.86169;0;T;True;2
1621260233000;11560520;0.86163;0.86175;0.86169;0;T;True;2
1621260234000;11560522;0.86163;0.86175;0.86169;1;T;True;2
1621260235000;11560523;0.86163;0.86175;0.86169;0;T;True;2
1621260236000;11560524;0.86163;0.86175;0.86169;0;T;True;2
1621260237000;11560525;0.86163;0.86175;0.86169;0;T;True;2
1621260238000;11560528;0.86162;0.86174;0.86168;2;T;True;2
1621260239000;11560530;0.86161;0.86173;0.86167;1;T;True;2
1621260240000;11560531;0.86161;0.86173;0.86167;0;T;True;2
1621260241000;11560532;0.86161;0.86173;0.86167;0;T;True;2
1621260242000;11560534;0.86159;0.86171;0.86165;1;T;True;2
1621260243000;11560536;0.86161;0.86173;0.86167;1;T;True;2
1621260244000;11560537;0.86161;0.86173;0.86167;0;T;True;2
1621260245000;11560540;0.86159;0.86171;0.86165;2;T;True;2
1621260246000;11560542;0.86161;0.86173;0.86167;1;T;True;2
1621260247000;11560543;0.86161;0.86173;0.86167;0;T;True;2
1621260248000;11560546;0.86162;0.86174;0.86168;2;T;True;2
1621260249000;11560548;0.86163;0.86175;0.86169;1;T;True;2
1621260250000;11560549;0.86163;0.86175;0.86169;0;T;True;2
1621260251000;11560552;0.86167;0.86179;0.86173;2;T;True;2
1621260252000;11560553;0.86167;0.86179;0.86173;0;T;True;2
1621260253000;11560554;0.86167;0.86179;0.86173;0;T;True;2
1621260254000;11560558;0.86167;0.86179;0.86173;3;T;True;2
1621260255000;11560560;0.86169;0.86181;0.86175;1;T;True;2
1621260256000;11560561;0.86169;0.86181;0.86175;0;T;True;2
1621260257000;11560564;0.86169;0.86181;0.86175;2;T;True;2
1621260258000;11560565;0.86169;0.86181;0.86175;0;T;True;2
1621260259000;11560566;0.86169;0.86181;0.86175;0;T;True;2
1621260260000;11560567;0.86169;0.86181;0.86175;0;T;True;2
1621260261000;11560568;0.86169;0.86181;0.86175;0;T;True;2
1621260262000;11560571;0.86169;0.86181;0.86175;2;T;True;2
1621260263000;11560573;0.86168;0.8618;0.86174;1;T;True;2
1621260264000;11560574;0.86168;0.8618;0.86174;0;T;True;2
1621260265000;11560576;0.86167;0.86179;0.86173;1;T;True;2
1621260266000;11560578;0.86168;0.8618;0.86174;1;T;True;2
1621260267000;11560579;0.86168;0.8618;0.86174;0;T;True;2
1621260268000;11560583;0.86167;0.86179;0.86173;3;T;True;2
1621260269000;11560587;0.86165;0.86177;0.86171;3;T;True;2
1621260270000;11560589;0.86167;0.86179;0.86173;1;T;True;2
1621260271000;11560594;0.86168;0.8618;0.86174;4;T;True;2
1621260272000;11560596;0.86167;0.86179;0.86173;1;T;True;2
1621260273000;11560597;0.86167;0.86179;0.86173;0;T;True;2
1621260274000;11560602;0.86164;0.86176;0.8617;4;T;True;2
1621260275000;11560608;0.86165;0.86177;0.86171;5;T;True;2
1621260276000;11560612;0.86164;0.86176;0.8617;3;T;True;2
1621260277000;11560614;0.86165;0.86177;0.86171;1;T;True;2
1621260278000;11560619;0.86169;0.86181;0.86175;4;T;True;2
1621260279000;11560622;0.86169;0.86181;0.86175;2;T;True;2
1621260280000;11560624;0.8617;0.86182;0.86176;1;T;True;2
1621260281000;11560626;0.86169;0.86181;0.86175;1;T;True;2
1621260282000;11560628;0.8617;0.86182;0.86176;1;T;True;2
1621260283000;11560630;0.86169;0.86181;0.86175;1;T;True;2
1621260284000;11560632;0.86171;0.86183;0.86177;1;T;True;2
1621260285000;11560633;0.86171;0.86183;0.86177;0;T;True;2
1621260286000;11560635;0.8617;0.86182;0.86176;1;T;True;2
1621260287000;11560642;0.86167;0.86179;0.86173;6;T;True;2
1621260288000;11560643;0.86167;0.86179;0.86173;0;T;True;2
1621260289000;11560645;0.86168;0.8618;0.86174;1;T;True;2
1621260290000;11560649;0.8617;0.86182;0.86176;3;T;True;2
1621260291000;11560650;0.8617;0.86182;0.86176;0;T;True;2
1621260292000;11560651;0.8617;0.86182;0.86176;0;T;True;2
1621260293000;11560652;0.8617;0.86182;0.86176;0;T;True;2
1621260294000;11560653;0.8617;0.86182;0.86176;0;T;True;2
1621260295000;11560655;0.86169;0.86181;0.86175;1;T;True;2
1621260296000;11560656;0.86169;0.86181;0.86175;0;T;True;2
1621260297000;11560657;0.86169;0.86181;0.86175;0;T;True;2
1621260298000;11560660;0.86169;0.86181;0.86175;2;T;True;2
1621260299000;11560661;0.86169;0.86181;0.86175;0;T;True;2
1621260300000;11560664;0.86167;0.86179;0.86173;2;T;True;2
1621260301000;11560669;0.86163;0.86175;0.86169;4;T;True;2
1621260302000;11560670;0.86163;0.86175;0.86169;0;T;True;2
1621260303000;11560672;0.86165;0.86177;0.86171;1;T;True;2
1621260304000;11560674;0.86166;0.86178;0.86172;1;T;True;2
1621260305000;11560677;0.86168;0.8618;0.86174;2;T;True;2
1621260306000;11560679;0.86167;0.86179;0.86173;1;T;True;2
1621260307000;11560680;0.86167;0.86179;0.86173;0;T;True;2
1621260308000;11560681;0.86167;0.86179;0.86173;0;T;True;2
1621260309000;11560682;0.86167;0.86179;0.86173;0;T;True;2
1621260310000;11560684;0.86166;0.86178;0.86172;1;T;True;2
1621260311000;11560689;0.86169;0.86181;0.86175;4;T;True;2
1621260312000;11560695;0.86168;0.8618;0.86174;5;T;True;2
1621260313000;11560701;0.86166;0.86178;0.86172;5;T;True;2
1621260314000;11560702;0.86166;0.86178;0.86172;0;T;True;2
1621260315000;11560703;0.86166;0.86178;0.86172;0;T;True;2
1621260316000;11560706;0.86164;0.86176;0.8617;2;T;True;2
1621260317000;11560713;0.86162;0.86174;0.86168;6;T;True;2
1621260318000;11560717;0.86161;0.86173;0.86167;3;T;True;2
1621260319000;11560718;0.86161;0.86173;0.86167;0;T;True;2
1621260320000;11560719;0.86161;0.86173;0.86167;0;T;True;2
1621260321000;11560725;0.8616;0.86172;0.86166;5;T;True;2
1621260322000;11560727;0.86161;0.86173;0.86167;1;T;True;2
1621260323000;11560730;0.86163;0.86175;0.86169;2;T;True;2
1621260324000;11560731;0.86163;0.86175;0.86169;0;T;True;2
1621260325000;11560732;0.86163;0.86175;0.86169;0;T;True;2
1621260326000;11560733;0.86163;0.86175;0.86169;0;T;True;2
1621260327000;11560734;0.86163;0.86175;0.86169;0;T;True;2
1621260328000;11560735;0.86163;0.86175;0.86169;0;T;True;2
1621260329000;11560739;0.86164;0.86176;0.8617;3;T;True;2
1621260330000;11560742;0.86166;0.86178;0.86172;2;T;True;2
1621260331000;11560750;0.86162;0.86174;0.86168;7;T;True;2
1621260332000;11560751;0.86162;0.86174;0.86168;0;T;True;2
1621260333000;11560752;0.86162;0.86174;0.86168;0;T;True;2
1621260334000;11560753;0.86162;0.86174;0.86168;0;T;True;2
1621260335000;11560754;0.86162;0.86174;0.86168;0;T;True;2
1621260336000;11560755;0.86162;0.86174;0.86168;0;T;True;2
1621260337000;11560756;0.86162;0.86174;0.86168;0;T;True;2
1621260338000;11560759;0.86161;0.86173;0.86167;2;T;True;2
1621260339000;11560763;0.86161;0.86173;0.86167;3;T;True;2
1621260340000;11560765;0.8616;0.86172;0.86166;1;T;True;2
1621260341000;11560766;0.8616;0.86172;0.86166;0;T;True;2
1621260342000;11560768;0.86161;0.86173;0.86167;1;T;True;2
1621260343000;11560770;0.86161;0.86173;0.86167;1;T;True;2
1621260344000;11560771;0.86161;0.86173;0.86167;0;T;True;2
1621260345000;11560773;0.86161;0.86173;0.86167;1;T;True;2
1621260346000;11560775;0.86161;0.86173;0.86167;1;T;True;2
1621260347000;11560780;0.86157;0.86169;0.86163;4;T;True;2
1621260348000;11560784;0.86156;0.86168;0.86162;3;T;True;2
1621260349000;11560786;0.86155;0.86167;0.86161;1;T;True;2
1621260350000;11560789;0.86157;0.86169;0.86163;2;T;True;2
1621260351000;11560797;0.86153;0.86165;0.86159;7;T;True;2
1621260352000;11560798;0.86153;0.86165;0.86159;0;T;True;2
1621260353000;11560802;0.86155;0.86167;0.86161;3;T;True;2
1621260354000;11560804;0.86155;0.86167;0.86161;1;T;True;2
1621260355000;11560809;0.86151;0.86163;0.86157;4;T;True;2
1621260356000;11560817;0.86157;0.86169;0.86163;7;T;True;2
1621260357000;11560820;0.86158;0.8617;0.86164;2;T;True;2
1621260358000;11560823;0.86159;0.86171;0.86165;2;T;True;2
1621260359000;11560826;0.86159;0.86171;0.86165;2;T;True;2
1621260360000;11560829;0.86161;0.86173;0.86167;2;T;True;2
1621260361000;11560834;0.86161;0.86173;0.86167;4;T;True;2
1621260362000;11560839;0.86161;0.86173;0.86167;4;T;True;2
1621260363000;11560841;0.86161;0.86173;0.86167;1;T;True;2
1621260364000;11560844;0.86161;0.86173;0.86167;2;T;True;2
1621260365000;11560846;0.86161;0.86173;0.86167;1;T;True;2
1621260366000;11560848;0.86161;0.86173;0.86167;1;T;True;2
1621260367000;11560854;0.86157;0.86169;0.86163;5;T;True;2
1621260368000;11560859;0.8616;0.86172;0.86166;4;T;True;2
1621260369000;11560860;0.8616;0.86172;0.86166;0;T;True;2
1621260370000;11560861;0.8616;0.86172;0.86166;0;T;True;2
1621260371000;11560862;0.8616;0.86172;0.86166;0;T;True;2
1621260372000;11560863;0.8616;0.86172;0.86166;0;T;True;2
1621260373000;11560864;0.8616;0.86172;0.86166;0;T;True;2
1621260374000;11560865;0.8616;0.86172;0.86166;0;T;True;2
1621260375000;11560867;0.86159;0.86171;0.86165;1;T;True;2
1621260376000;11560869;0.86155;0.86167;0.86161;1;T;True;2
1621260377000;11560870;0.86155;0.86167;0.86161;0;T;True;2
1621260378000;11560873;0.86153;0.86165;0.86159;2;T;True;2
1621260379000;11560874;0.86153;0.86165;0.86159;0;T;True;2
1621260380000;11560877;0.86156;0.86168;0.86162;2;T;True;2
1621260381000;11560879;0.86157;0.86169;0.86163;1;T;True;2
1621260382000;11560880;0.86157;0.86169;0.86163;0;T;True;2
1621260383000;11560881;0.86157;0.86169;0.86163;0;T;True;2
1621260384000;11560882;0.86157;0.86169;0.86163;0;T;True;2
1621260385000;11560883;0.86157;0.86169;0.86163;0;T;True;2
1621260386000;11560884;0.86157;0.86169;0.86163;0;T;True;2
1621260387000;11560885;0.86157;0.86169;0.86163;0;T;True;2
1621260388000;11560886;0.86157;0.86169;0.86163;0;T;True;2
1621260389000;11560887;0.86157;0.86169;0.86163;0;T;True;2
1621260390000;11560891;0.86153;0.86165;0.86159;3;T;True;2
1621260391000;11560893;0.86154;0.86166;0.8616;1;T;True;2
1621260392000;11560894;0.86154;0.86166;0.8616;0;T;True;2
1621260393000;11560895;0.86154;0.86166;0.8616;0;T;True;2
1621260394000;11560896;0.86154;0.86166;0.8616;0;T;True;2
1621260395000;11560897;0.86154;0.86166;0.8616;0;T;True;2
1621260396000;11560898;0.86154;0.86166;0.8616;0;T;True;2
1621260397000;11560899;0.86154;0.86166;0.8616;0;T;True;2
1621260398000;11560900;0.86154;0.86166;0.8616;0;T;True;2
1621260399000;11560903;0.86156;0.86168;0.86162;2;T;True;2
1621260400000;11560904;0.86156;0.86168;0.86162;0;T;True;2
1621260401000;11560905;0.86156;0.86168;0.86162;0;T;True;2
1621260402000;11560906;0.86156;0.86168;0.86162;0;T;True;2
1621260403000;11560907;0.86156;0.86168;0.86162;0;T;True;2
1621260404000;11560908;0.86156;0.86168;0.86162;0;T;True;2
1621260405000;11560909;0.86156;0.86168;0.86162;0;T;True;2
1621260406000;11560916;0.86153;0.86165;0.86159;6;T;True;2
1621260407000;11560917;0.86153;0.86165;0.86159;0;T;True;2
1621260408000;11560918;0.86153;0.86165;0.86159;0;T;True;2
1621260409000;11560919;0.86153;0.86165;0.86159;0;T;True;2
1621260410000;11560921;0.86153;0.86165;0.86159;1;T;True;2
1621260411000;11560922;0.86153;0.86165;0.86159;0;T;True;2
1621260412000;11560925;0.86153;0.86165;0.86159;2;T;True;2
1621260413000;11560926;0.86153;0.86165;0.86159;0;T;True;2
1621260414000;11560927;0.86153;0.86165;0.86159;0;T;True;2
1621260415000;11560930;0.86155;0.86167;0.86161;2;T;True;2
1621260416000;11560931;0.86155;0.86167;0.86161;0;T;True;2
1621260417000;11560933;0.86153;0.86165;0.86159;1;T;True;2
1621260418000;11560936;0.86152;0.86164;0.86158;2;T;True;2
1621260419000;11560937;0.86152;0.86164;0.86158;0;T;True;2
1621260420000;11560938;0.86152;0.86164;0.86158;0;T;True;2
1621260421000;11560939;0.86152;0.86164;0.86158;0;T;True;2
1621260422000;11560941;0.86149;0.86161;0.86155;1;T;True;2
1621260423000;11560949;0.86151;0.86163;0.86157;7;T;True;2
1621260424000;11560952;0.86149;0.86161;0.86155;2;T;True;2
1621260425000;11560953;0.86149;0.86161;0.86155;0;T;True;2
1621260426000;11560954;0.86149;0.86161;0.86155;0;T;True;2
1621260427000;11560955;0.86149;0.86161;0.86155;0;T;True;2
1621260428000;11560956;0.86149;0.86161;0.86155;0;T;True;2
1621260429000;11560959;0.86149;0.86161;0.86155;2;T;True;2
1621260430000;11560960;0.86149;0.86161;0.86155;0;T;True;2
1621260431000;11560964;0.86151;0.86163;0.86157;3;T;True;2
1621260432000;11560965;0.86151;0.86163;0.86157;0;T;True;2
1621260433000;11560966;0.86151;0.86163;0.86157;0;T;True;2
1621260434000;11560967;0.86151;0.86163;0.86157;0;T;True;2
1621260435000;11560968;0.86151;0.86163;0.86157;0;T;True;2
1621260436000;11560969;0.86151;0.86163;0.86157;0;T;True;2
1621260437000;11560970;0.86151;0.86163;0.86157;0;T;True;2
1621260438000;11560971;0.86151;0.86163;0.86157;0;T;True;2
1621260439000;11560972;0.86151;0.86163;0.86157;0;T;True;2
1621260440000;11560978;0.86155;0.86167;0.86161;5;T;True;2
1621260441000;11560980;0.86154;0.86166;0.8616;1;T;True;2
1621260442000;11560981;0.86154;0.86166;0.8616;0;T;True;2
1621260443000;11560982;0.86154;0.86166;0.8616;0;T;True;2
1621260444000;11560986;0.86151;0.86163;0.86157;3;T;True;2
1621260445000;11560987;0.86151;0.86163;0.86157;0;T;True;2
1621260446000;11560988;0.86151;0.86163;0.86157;0;T;True;2
1621260447000;11560989;0.86151;0.86163;0.86157;0;T;True;2
1621260448000;11560991;0.86152;0.86164;0.86158;1;T;True;2
1621260449000;11560996;0.86147;0.86159;0.86153;4;T;True;2
1621260450000;11560997;0.86147;0.86159;0.86153;0;T;True;2
1621260451000;11560998;0.86147;0.86159;0.86153;0;T;True;2
1621260452000;11561000;0.86147;0.86159;0.86153;1;T;True;2
1621260453000;11561001;0.86147;0.86159;0.86153;0;T;True;2
1621260454000;11561002;0.86147;0.86159;0.86153;0;T;True;2
1621260455000;11561003;0.86147;0.86159;0.86153;0;T;True;2
1621260456000;11561004;0.86147;0.86159;0.86153;0;T;True;2
1621260457000;11561006;0.86145;0.86157;0.86151;1;T;True;2
1621260458000;11561007;0.86145;0.86157;0.86151;0;T;True;2
1621260459000;11561009;0.86145;0.86157;0.86151;1;T;True;2
1621260460000;11561010;0.86145;0.86157;0.86151;0;T;True;2
1621260461000;11561011;0.86145;0.86157;0.86151;0;T;True;2
1621260462000;11561015;0.86145;0.86157;0.86151;3;T;True;2
1621260463000;11561016;0.86145;0.86157;0.86151;0;T;True;2
1621260464000;11561017;0.86145;0.86157;0.86151;0;T;True;2
1621260465000;11561026;0.86139;0.86151;0.86145;8;T;True;2
1621260466000;11561027;0.86139;0.86151;0.86145;0;T;True;2
1621260467000;11561031;0.86141;0.86153;0.86147;3;T;True;2
1621260468000;11561032;0.86141;0.86153;0.86147;0;T;True;2
1621260469000;11561033;0.86141;0.86153;0.86147;0;T;True;2
1621260470000;11561034;0.86141;0.86153;0.86147;0;T;True;2
1621260471000;11561035;0.86141;0.86153;0.86147;0;T;True;2
1621260472000;11561036;0.86141;0.86153;0.86147;0;T;True;2
1621260473000;11561037;0.86141;0.86153;0.86147;0;T;True;2
1621260474000;11561040;0.86142;0.86154;0.86148;2;T;True;2
1621260475000;11561044;0.86141;0.86153;0.86147;3;T;True;2
1621260476000;11561045;0.86141;0.86153;0.86147;0;T;True;2
1621260477000;11561047;0.8614;0.86152;0.86146;1;T;True;2
1621260478000;11561054;0.86141;0.86153;0.86147;6;T;True;2
1621260479000;11561055;0.86141;0.86153;0.86147;0;T;True;2
1621260480000;11561057;0.86143;0.86155;0.86149;1;T;True;2
1621260481000;11561071;0.86149;0.86161;0.86155;13;T;True;2
1621260482000;11561077;0.86153;0.86165;0.86159;5;T;True;2
1621260483000;11561081;0.86154;0.86166;0.8616;3;T;True;2
1621260484000;11561086;0.86155;0.86167;0.86161;4;T;True;2
1621260485000;11561087;0.86155;0.86167;0.86161;0;T;True;2
1621260486000;11561090;0.86155;0.86167;0.86161;2;T;True;2
1621260487000;11561097;0.86148;0.8616;0.86154;6;T;True;2
1621260488000;11561099;0.86148;0.8616;0.86154;1;T;True;2
1621260489000;11561110;0.86143;0.86155;0.86149;10;T;True;2
1621260490000;11561113;0.86141;0.86153;0.86147;2;T;True;2
1621260491000;11561115;0.86141;0.86153;0.86147;1;T;True;2
1621260492000;11561116;0.86141;0.86153;0.86147;0;T;True;2
1621260493000;11561117;0.86141;0.86153;0.86147;0;T;True;2
1621260494000;11561118;0.86141;0.86153;0.86147;0;T;True;2
1621260495000;11561124;0.86139;0.86151;0.86145;5;T;True;2
1621260496000;11561127;0.8614;0.86152;0.86146;2;T;True;2
1621260497000;11561131;0.8614;0.86152;0.86146;3;T;True;2
1621260498000;11561135;0.86138;0.8615;0.86144;3;T;True;2
1621260499000;11561136;0.86138;0.8615;0.86144;0;T;True;2
1621260500000;11561139;0.86137;0.86149;0.86143;2;T;True;2
1621260501000;11561140;0.86137;0.86149;0.86143;0;T;True;2
1621260502000;11561142;0.86136;0.86148;0.86142;1;T;True;2
1621260503000;11561143;0.86136;0.86148;0.86142;0;T;True;2
1621260504000;11561144;0.86136;0.86148;0.86142;0;T;True;2
1621260505000;11561146;0.86137;0.86149;0.86143;1;T;True;2
1621260506000;11561149;0.86137;0.86149;0.86143;2;T;True;2
1621260507000;11561157;0.86131;0.86143;0.86137;7;T;True;2
1621260508000;11561158;0.86131;0.86143;0.86137;0;T;True;2
1621260509000;11561160;0.86131;0.86143;0.86137;1;T;True;2
1621260510000;11561161;0.86131;0.86143;0.86137;0;T;True;2
1621260511000;11561163;0.86132;0.86144;0.86138;1;T;True;2
1621260512000;11561165;0.86132;0.86144;0.86138;1;T;True;2
1621260513000;11561166;0.86132;0.86144;0.86138;0;T;True;2
1621260514000;11561169;0.86131;0.86143;0.86137;2;T;True;2
1621260515000;11561170;0.86131;0.86143;0.86137;0;T;True;2
1621260516000;11561171;0.86131;0.86143;0.86137;0;T;True;2
1621260517000;11561172;0.86131;0.86143;0.86137;0;T;True;2
1621260518000;11561173;0.86131;0.86143;0.86137;0;T;True;2
1621260519000;11561174;0.86131;0.86143;0.86137;0;T;True;2
1621260520000;11561175;0.86131;0.86143;0.86137;0;T;True;2
1621260521000;11561176;0.86131;0.86143;0.86137;0;T;True;2
1621260522000;11561177;0.86131;0.86143;0.86137;0;T;True;2
1621260523000;11561178;0.86131;0.86143;0.86137;0;T;True;2
1621260524000;11561179;0.86131;0.86143;0.86137;0;T;True;2
1621260525000;11561180;0.86131;0.86143;0.86137;0;T;True;2
1621260526000;11561181;0.86131;0.86143;0.86137;0;T;True;2
1621260527000;11561182;0.86131;0.86143;0.86137;0;T;True;2
1621260528000;11561183;0.86131;0.86143;0.86137;0;T;True;2
1621260529000;11561184;0.86131;0.86143;0.86137;0;T;True;2
1621260530000;11561185;0.86131;0.86143;0.86137;0;T;True;2
1621260531000;11561186;0.86131;0.86143;0.86137;0;T;True;2
1621260532000;11561188;0.86132;0.86144;0.86138;1;T;True;2
1621260533000;11561192;0.86131;0.86143;0.86137;3;T;True;2
1621260534000;11561195;0.86131;0.86143;0.86137;2;T;True;2
1621260535000;11561197;0.86131;0.86143;0.86137;1;T;True;2
1621260536000;11561200;0.86133;0.86145;0.86139;2;T;True;2
1621260537000;11561201;0.86133;0.86145;0.86139;0;T;True;2
1621260538000;11561204;0.86133;0.86145;0.86139;2;T;True;2
1621260539000;11561207;0.86132;0.86144;0.86138;2;T;True;2
1621260540000;11561208;0.86132;0.86144;0.86138;0;T;True;2
1621260541000;11561210;0.86131;0.86143;0.86137;1;T;True;2
1621260542000;11561214;0.86132;0.86144;0.86138;3;T;True;2
1621260543000;11561215;0.86132;0.86144;0.86138;0;T;True;2
1621260544000;11561219;0.86132;0.86144;0.86138;3;T;True;2
1621260545000;11561220;0.86132;0.86144;0.86138;0;T;True;2
1621260546000;11561222;0.86132;0.86144;0.86138;1;T;True;2
1621260547000;11561224;0.86132;0.86144;0.86138;1;T;True;2
1621260548000;11561226;0.86131;0.86143;0.86137;1;T;True;2
1621260549000;11561228;0.86131;0.86143;0.86137;1;T;True;2
1621260550000;11561231;0.86131;0.86143;0.86137;2;T;True;2
1621260551000;11561233;0.86133;0.86145;0.86139;1;T;True;2
1621260552000;11561235;0.86131;0.86143;0.86137;1;T;True;2
1621260553000;11561236;0.86131;0.86143;0.86137;0;T;True;2
1621260554000;11561237;0.86131;0.86143;0.86137;0;T;True;2
1621260555000;11561238;0.86131;0.86143;0.86137;0;T;True;2
1621260556000;11561239;0.86131;0.86143;0.86137;0;T;True;2
1621260557000;11561246;0.86136;0.86148;0.86142;6;T;True;2
1621260558000;11561251;0.86138;0.8615;0.86144;4;T;True;2
1621260559000;11561253;0.86139;0.86151;0.86145;1;T;True;2
1621260560000;11561254;0.86139;0.86151;0.86145;0;T;True;2
1621260561000;11561255;0.86139;0.86151;0.86145;0;T;True;2
1621260562000;11561257;0.86139;0.86151;0.86145;1;T;True;2
1621260563000;11561259;0.8614;0.86152;0.86146;1;T;True;2
1621260564000;11561260;0.8614;0.86152;0.86146;0;T;True;2
1621260565000;11561261;0.8614;0.86152;0.86146;0;T;True;2
1621260566000;11561263;0.86139;0.86151;0.86145;1;T;True;2
1621260567000;11561264;0.86139;0.86151;0.86145;0;T;True;2
1621260568000;11561265;0.86139;0.86151;0.86145;0;T;True;2
1621260569000;11561266;0.86139;0.86151;0.86145;0;T;True;2
1621260570000;11561268;0.86139;0.86151;0.86145;1;T;True;2
1621260571000;11561269;0.86139;0.86151;0.86145;0;T;True;2
1621260572000;11561270;0.86139;0.86151;0.86145;0;T;True;2
1621260573000;11561271;0.86139;0.86151;0.86145;0;T;True;2
1621260574000;11561276;0.86139;0.86151;0.86145;4;T;True;2
1621260575000;11561277;0.86139;0.86151;0.86145;0;T;True;2
1621260576000;11561281;0.8614;0.86152;0.86146;3;T;True;2
1621260577000;11561284;0.8614;0.86152;0.86146;2;T;True;2
1621260578000;11561285;0.8614;0.86152;0.86146;0;T;True;2
1621260579000;11561289;0.86139;0.86151;0.86145;3;T;True;2
1621260580000;11561293;0.86137;0.86149;0.86143;3;T;True;2
1621260581000;11561296;0.86137;0.86149;0.86143;2;T;True;2
1621260582000;11561297;0.86137;0.86149;0.86143;0;T;True;2
1621260583000;11561299;0.86137;0.86149;0.86143;1;T;True;2
1621260584000;11561300;0.86137;0.86149;0.86143;0;T;True;2
1621260585000;11561303;0.86136;0.86148;0.86142;2;T;True;2
1621260586000;11561304;0.86136;0.86148;0.86142;0;T;True;2
1621260587000;11561305;0.86136;0.86148;0.86142;0;T;True;2
1621260588000;11561308;0.86135;0.86147;0.86141;2;T;True;2
1621260589000;11561309;0.86135;0.86147;0.86141;0;T;True;2
1621260590000;11561312;0.86137;0.86149;0.86143;2;T;True;2
1621260591000;11561314;0.86138;0.8615;0.86144;1;T;True;2
1621260592000;11561316;0.86137;0.86149;0.86143;1;T;True;2
1621260593000;11561317;0.86137;0.86149;0.86143;0;T;True;2
1621260594000;11561319;0.86137;0.86149;0.86143;1;T;True;2
1621260595000;11561320;0.86137;0.86149;0.86143;0;T;True;2
1621260596000;11561324;0.86137;0.86149;0.86143;3;T;True;2
1621260597000;11561325;0.86137;0.86149;0.86143;0;T;True;2
1621260598000;11561326;0.86137;0.86149;0.86143;0;T;True;2
1621260599000;11561327;0.86137;0.86149;0.86143;0;T;True;2
1621260600000;11561330;0.86141;0.86153;0.86147;2;T;True;2
1621260601000;11561331;0.86141;0.86153;0.86147;0;T;True;2
1621260602000;11561334;0.86143;0.86155;0.86149;2;T;True;2
1621260603000;11561335;0.86143;0.86155;0.86149;0;T;True;2
1621260604000;11561336;0.86143;0.86155;0.86149;0;T;True;2
1621260605000;11561337;0.86143;0.86155;0.86149;0;T;True;2
1621260606000;11561338;0.86143;0.86155;0.86149;0;T;True;2
1621260607000;11561339;0.86143;0.86155;0.86149;0;T;True;2
1621260608000;11561340;0.86143;0.86155;0.86149;0;T;True;2
1621260609000;11561341;0.86143;0.86155;0.86149;0;T;True;2
1621260610000;11561342;0.86143;0.86155;0.86149;0;T;True;2
1621260611000;11561343;0.86143;0.86155;0.86149;0;T;True;2
1621260612000;11561344;0.86143;0.86155;0.86149;0;T;True;2
1621260613000;11561347;0.86141;0.86153;0.86147;2;T;True;2
1621260614000;11561350;0.86139;0.86151;0.86145;2;T;True;2
1621260615000;11561352;0.86141;0.86153;0.86147;1;T;True;2
1621260616000;11561353;0.86141;0.86153;0.86147;0;T;True;2
1621260617000;11561355;0.8614;0.86152;0.86146;1;T;True;2
1621260618000;11561359;0.8614;0.86152;0.86146;3;T;True;2
1621260619000;11561362;0.86141;0.86153;0.86147;2;T;True;2
1621260620000;11561365;0.86141;0.86153;0.86147;2;T;True;2
1621260621000;11561368;0.86141;0.86153;0.86147;2;T;True;2
1621260622000;11561369;0.86141;0.86153;0.86147;0;T;True;2
1621260623000;11561373;0.8614;0.86152;0.86146;3;T;True;2
1621260624000;11561376;0.86139;0.86151;0.86145;2;T;True;2
1621260625000;11561379;0.8614;0.86152;0.86146;2;T;True;2
1621260626000;11561381;0.8614;0.86152;0.86146;1;T;True;2
1621260627000;11561382;0.8614;0.86152;0.86146;0;T;True;2
1621260628000;11561385;0.86139;0.86151;0.86145;2;T;True;2
1621260629000;11561387;0.86139;0.86151;0.86145;1;T;True;2
1621260630000;11561390;0.86138;0.8615;0.86144;2;T;True;2
1621260631000;11561391;0.86138;0.8615;0.86144;0;T;True;2
1621260632000;11561392;0.86138;0.8615;0.86144;0;T;True;2
1621260633000;11561393;0.86138;0.8615;0.86144;0;T;True;2
1621260634000;11561394;0.86138;0.8615;0.86144;0;T;True;2
1621260635000;11561395;0.86138;0.8615;0.86144;0;T;True;2
1621260636000;11561400;0.86138;0.8615;0.86144;4;T;True;2
1621260637000;11561401;0.86138;0.8615;0.86144;0;T;True;2
1621260638000;11561406;0.8614;0.86152;0.86146;4;T;True;2
1621260639000;11561407;0.8614;0.86152;0.86146;0;T;True;2
1621260640000;11561409;0.8614;0.86152;0.86146;1;T;True;2
1621260641000;11561410;0.8614;0.86152;0.86146;0;T;True;2
1621260642000;11561411;0.8614;0.86152;0.86146;0;T;True;2
1621260643000;11561412;0.8614;0.86152;0.86146;0;T;True;2
1621260644000;11561415;0.86141;0.86153;0.86147;2;T;True;2
1621260645000;11561417;0.86142;0.86154;0.86148;1;T;True;2
1621260646000;11561419;0.86141;0.86153;0.86147;1;T;True;2
1621260647000;11561420;0.86141;0.86153;0.86147;0;T;True;2
1621260648000;11561422;0.86142;0.86154;0.86148;1;T;True;2
1621260649000;11561427;0.86141;0.86153;0.86147;4;T;True;2
1621260650000;11561431;0.86141;0.86153;0.86147;3;T;True;2
1621260651000;11561433;0.86141;0.86153;0.86147;1;T;True;2
1621260652000;11561435;0.86139;0.86151;0.86145;1;T;True;2
1621260653000;11561436;0.86139;0.86151;0.86145;0;T;True;2
1621260654000;11561441;0.86136;0.86148;0.86142;4;T;True;2
1621260655000;11561443;0.86136;0.86148;0.86142;1;T;True;2
1621260656000;11561445;0.86136;0.86148;0.86142;1;T;True;2
1621260657000;11561447;0.86136;0.86148;0.86142;1;T;True;2
1621260658000;11561449;0.86136;0.86148;0.86142;1;T;True;2
1621260659000;11561454;0.86138;0.8615;0.86144;4;T;True;2
1621260660000;11561460;0.86141;0.86153;0.86147;5;T;True;2
1621260661000;11561463;0.86141;0.86153;0.86147;2;T;True;2
1621260662000;11561467;0.8614;0.86152;0.86146;3;T;True;2
1621260663000;11561469;0.86139;0.86151;0.86145;1;T;True;2
1621260664000;11561473;0.86139;0.86151;0.86145;3;T;True;2
1621260665000;11561475;0.8614;0.86152;0.86146;1;T;True;2
1621260666000;11561477;0.8614;0.86152;0.86146;1;T;True;2
1621260667000;11561478;0.8614;0.86152;0.86146;0;T;True;2
1621260668000;11561479;0.8614;0.86152;0.86146;0;T;True;2
1621260669000;11561481;0.86141;0.86153;0.86147;1;T;True;2
1621260670000;11561483;0.86141;0.86153;0.86147;1;T;True;2
1621260671000;11561484;0.86141;0.86153;0.86147;0;T;True;2
1621260672000;11561487;0.86141;0.86153;0.86147;2;T;True;2
1621260673000;11561488;0.86141;0.86153;0.86147;0;T;True;2
1621260674000;11561491;0.86141;0.86153;0.86147;2;T;True;2
1621260675000;11561495;0.86141;0.86153;0.86147;3;T;True;2
1621260676000;11561502;0.86143;0.86155;0.86149;6;T;True;2
1621260677000;11561507;0.86144;0.86156;0.8615;4;T;True;2
1621260678000;11561509;0.86145;0.86157;0.86151;1;T;True;2
1621260679000;11561510;0.86145;0.86157;0.86151;0;T;True;2
1621260680000;11561512;0.86145;0.86157;0.86151;1;T;True;2
1621260681000;11561515;0.86147;0.86159;0.86153;2;T;True;2
1621260682000;11561516;0.86147;0.86159;0.86153;0;T;True;2
1621260683000;11561518;0.86147;0.86159;0.86153;1;T;True;2
1621260684000;11561519;0.86147;0.86159;0.86153;0;T;True;2
1621260685000;11561521;0.86146;0.86158;0.86152;1;T;True;2
1621260686000;11561522;0.86146;0.86158;0.86152;0;T;True;2
1621260687000;11561523;0.86146;0.86158;0.86152;0;T;True;2
1621260688000;11561529;0.86145;0.86157;0.86151;5;T;True;2
1621260689000;11561540;0.86137;0.86149;0.86143;10;T;True;2
1621260690000;11561548;0.86133;0.86145;0.86139;7;T;True;2
1621260691000;11561551;0.86135;0.86147;0.86141;2;T;True;2
1621260692000;11561553;0.86136;0.86148;0.86142;1;T;True;2
1621260693000;11561554;0.86136;0.86148;0.86142;0;T;True;2
1621260694000;11561555;0.86136;0.86148;0.86142;0;T;True;2
1621260695000;11561556;0.86136;0.86148;0.86142;0;T;True;2
1621260696000;11561557;0.86136;0.86148;0.86142;0;T;True;2
1621260697000;11561559;0.86139;0.86151;0.86145;1;T;True;2
1621260698000;11561560;0.86139;0.86151;0.86145;0;T;True;2
1621260699000;11561561;0.86139;0.86151;0.86145;0;T;True;2
1621260700000;11561562;0.86139;0.86151;0.86145;0;T;True;2
1621260701000;11561565;0.86138;0.8615;0.86144;2;T;True;2
1621260702000;11561566;0.86138;0.8615;0.86144;0;T;True;2
1621260703000;11561567;0.86138;0.8615;0.86144;0;T;True;2
1621260704000;11561568;0.86138;0.8615;0.86144;0;T;True;2
1621260705000;11561572;0.86141;0.86153;0.86147;3;T;True;2
1621260706000;11561573;0.86141;0.86153;0.86147;0;T;True;2
1621260707000;11561574;0.86141;0.86153;0.86147;0;T;True;2
1621260708000;11561575;0.86141;0.86153;0.86147;0;T;True;2
1621260709000;11561576;0.86141;0.86153;0.86147;0;T;True;2
1621260710000;11561577;0.86141;0.86153;0.86147;0;T;True;2
1621260711000;11561579;0.86145;0.86157;0.86151;1;T;True;2
1621260712000;11561580;0.86145;0.86157;0.86151;0;T;True;2
1621260713000;11561582;0.86144;0.86156;0.8615;1;T;True;2
1621260714000;11561587;0.86147;0.86159;0.86153;4;T;True;2
1621260715000;11561588;0.86147;0.86159;0.86153;0;T;True;2
1621260716000;11561589;0.86147;0.86159;0.86153;0;T;True;2
1621260717000;11561590;0.86147;0.86159;0.86153;0;T;True;2
1621260718000;11561592;0.86146;0.86158;0.86152;1;T;True;2
1621260719000;11561593;0.86146;0.86158;0.86152;0;T;True;2
1621260720000;11561595;0.86147;0.86159;0.86153;1;T;True;2
1621260721000;11561596;0.86147;0.86159;0.86153;0;T;True;2
1621260722000;11561597;0.86147;0.86159;0.86153;0;T;True;2
1621260723000;11561599;0.86145;0.86157;0.86151;1;T;True;2
1621260724000;11561602;0.86143;0.86155;0.86149;2;T;True;2
1621260725000;11561605;0.86143;0.86155;0.86149;2;T;True;2
1621260726000;11561607;0.86141;0.86153;0.86147;1;T;True;2
1621260727000;11561608;0.86141;0.86153;0.86147;0;T;True;2
1621260728000;11561609;0.86141;0.86153;0.86147;0;T;True;2
1621260729000;11561610;0.86141;0.86153;0.86147;0;T;True;2
1621260730000;11561613;0.86141;0.86153;0.86147;2;T;True;2
1621260731000;11561615;0.86142;0.86154;0.86148;1;T;True;2
1621260732000;11561617;0.86143;0.86155;0.86149;1;T;True;2
1621260733000;11561618;0.86143;0.86155;0.86149;0;T;True;2
1621260734000;11561620;0.86142;0.86154;0.86148;1;T;True;2
1621260735000;11561621;0.86142;0.86154;0.86148;0;T;True;2
1621260736000;11561622;0.86142;0.86154;0.86148;0;T;True;2
1621260737000;11561624;0.86141;0.86153;0.86147;1;T;True;2
1621260738000;11561627;0.86143;0.86155;0.86149;2;T;True;2
1621260739000;11561628;0.86143;0.86155;0.86149;0;T;True;2
1621260740000;11561631;0.86143;0.86155;0.86149;2;T;True;2
1621260741000;11561633;0.86142;0.86154;0.86148;1;T;True;2
1621260742000;11561634;0.86142;0.86154;0.86148;0;T;True;2
1621260743000;11561635;0.86142;0.86154;0.86148;0;T;True;2
1621260744000;11561637;0.86142;0.86154;0.86148;1;T;True;2
1621260745000;11561638;0.86142;0.86154;0.86148;0;T;True;2
1621260746000;11561639;0.86142;0.86154;0.86148;0;T;True;2
1621260747000;11561640;0.86142;0.86154;0.86148;0;T;True;2
1621260748000;11561643;0.86141;0.86153;0.86147;2;T;True;2
1621260749000;11561644;0.86141;0.86153;0.86147;0;T;True;2
1621260750000;11561645;0.86141;0.86153;0.86147;0;T;True;2
1621260751000;11561649;0.86139;0.86151;0.86145;3;T;True;2
1621260752000;11561650;0.86139;0.86151;0.86145;0;T;True;2
1621260753000;11561651;0.86139;0.86151;0.86145;0;T;True;2
1621260754000;11561652;0.86139;0.86151;0.86145;0;T;True;2
1621260755000;11561655;0.86137;0.86149;0.86143;2;T;True;2
1621260756000;11561658;0.86139;0.86151;0.86145;2;T;True;2
1621260757000;11561659;0.86139;0.86151;0.86145;0;T;True;2
1621260758000;11561660;0.86139;0.86151;0.86145;0;T;True;2
1621260759000;11561661;0.86139;0.86151;0.86145;0;T;True;2
1621260760000;11561662;0.86139;0.86151;0.86145;0;T;True;2
1621260761000;11561666;0.86137;0.86149;0.86143;3;T;True;2
1621260762000;11561667;0.86137;0.86149;0.86143;0;T;True;2
1621260763000;11561670;0.86138;0.8615;0.86144;2;T;True;2
1621260764000;11561671;0.86138;0.8615;0.86144;0;T;True;2
1621260765000;11561673;0.86139;0.86151;0.86145;1;T;True;2
1621260766000;11561674;0.86139;0.86151;0.86145;0;T;True;2
1621260767000;11561677;0.86138;0.8615;0.86144;2;T;True;2
1621260768000;11561678;0.86138;0.8615;0.86144;0;T;True;2
1621260769000;11561680;0.86137;0.86149;0.86143;1;T;True;2
1621260770000;11561681;0.86137;0.86149;0.86143;0;T;True;2
1621260771000;11561682;0.86137;0.86149;0.86143;0;T;True;2
1621260772000;11561683;0.86137;0.86149;0.86143;0;T;True;2
1621260773000;11561684;0.86137;0.86149;0.86143;0;T;True;2
1621260774000;11561687;0.86136;0.86148;0.86142;2;T;True;2
1621260775000;11561689;0.86137;0.86149;0.86143;1;T;True;2
1621260776000;11561690;0.86137;0.86149;0.86143;0;T;True;2
1621260777000;11561695;0.8614;0.86152;0.86146;4;T;True;2
1621260778000;11561696;0.8614;0.86152;0.86146;0;T;True;2
1621260779000;11561697;0.8614;0.86152;0.86146;0;T;True;2
1621260780000;11561699;0.86139;0.86151;0.86145;1;T;True;2
1621260781000;11561700;0.86139;0.86151;0.86145;0;T;True;2
1621260782000;11561705;0.86143;0.86155;0.86149;4;T;True;2
1621260783000;11561706;0.86143;0.86155;0.86149;0;T;True;2
1621260784000;11561707;0.86143;0.86155;0.86149;0;T;True;2
1621260785000;11561708;0.86143;0.86155;0.86149;0;T;True;2
1621260786000;11561709;0.86143;0.86155;0.86149;0;T;True;2
1621260787000;11561710;0.86143;0.86155;0.86149;0;T;True;2
1621260788000;11561711;0.86143;0.86155;0.86149;0;T;True;2
1621260789000;11561714;0.86141;0.86153;0.86147;2;T;True;2
1621260790000;11561715;0.86141;0.86153;0.86147;0;T;True;2
1621260791000;11561716;0.86141;0.86153;0.86147;0;T;True;2
1621260792000;11561717;0.86141;0.86153;0.86147;0;T;True;2
1621260793000;11561719;0.86139;0.86151;0.86145;1;T;True;2
1621260794000;11561721;0.86137;0.86149;0.86143;1;T;True;2
1621260795000;11561722;0.86137;0.86149;0.86143;0;T;True;2
1621260796000;11561723;0.86137;0.86149;0.86143;0;T;True;2
1621260797000;11561724;0.86137;0.86149;0.86143;0;T;True;2
1621260798000;11561728;0.86136;0.86148;0.86142;3;T;True;2
1621260799000;11561731;0.86138;0.8615;0.86144;2;T;True;2
1621260800000;11561733;0.86137;0.86149;0.86143;1;T;True;2
1621260801000;11561734;0.86137;0.86149;0.86143;0;T;True;2
1621260802000;11561735;0.86137;0.86149;0.86143;0;T;True;2
1621260803000;11561738;0.86139;0.86151;0.86145;2;T;True;2
1621260804000;11561739;0.86139;0.86151;0.86145;0;T;True;2
1621260805000;11561740;0.86139;0.86151;0.86145;0;T;True;2
1621260806000;11561744;0.86143;0.86155;0.86149;3;T;True;2
1621260807000;11561746;0.86144;0.86156;0.8615;1;T;True;2
1621260808000;11561749;0.86141;0.86153;0.86147;2;T;True;2
1621260809000;11561753;0.86141;0.86153;0.86147;3;T;True;2
1621260810000;11561755;0.8614;0.86152;0.86146;1;T;True;2
1621260811000;11561759;0.8614;0.86152;0.86146;3;T;True;2
1621260812000;11561762;0.86137;0.86149;0.86143;2;T;True;2
1621260813000;11561763;0.86137;0.86149;0.86143;0;T;True;2
1621260814000;11561764;0.86137;0.86149;0.86143;0;T;True;2
1621260815000;11561765;0.86137;0.86149;0.86143;0;T;True;2
1621260816000;11561766;0.86137;0.86149;0.86143;0;T;True;2
1621260817000;11561767;0.86137;0.86149;0.86143;0;T;True;2
1621260818000;11561768;0.86137;0.86149;0.86143;0;T;True;2
1621260819000;11561769;0.86137;0.86149;0.86143;0;T;True;2
1621260820000;11561771;0.86139;0.86151;0.86145;1;T;True;2
1621260821000;11561775;0.86143;0.86155;0.86149;3;T;True;2
1621260822000;11561776;0.86143;0.86155;0.86149;0;T;True;2
1621260823000;11561777;0.86143;0.86155;0.86149;0;T;True;2
1621260824000;11561778;0.86143;0.86155;0.86149;0;T;True;2
1621260825000;11561779;0.86143;0.86155;0.86149;0;T;True;2
1621260826000;11561780;0.86143;0.86155;0.86149;0;T;True;2
1621260827000;11561783;0.86143;0.86155;0.86149;2;T;True;2
1621260828000;11561787;0.86141;0.86153;0.86147;3;T;True;2
1621260829000;11561788;0.86141;0.86153;0.86147;0;T;True;2
1621260830000;11561789;0.86141;0.86153;0.86147;0;T;True;2
1621260831000;11561790;0.86141;0.86153;0.86147;0;T;True;2
1621260832000;11561791;0.86141;0.86153;0.86147;0;T;True;2
1621260833000;11561792;0.86141;0.86153;0.86147;0;T;True;2
1621260834000;11561793;0.86141;0.86153;0.86147;0;T;True;2
1621260835000;11561796;0.86143;0.86155;0.86149;2;T;True;2
1621260836000;11561798;0.86141;0.86153;0.86147;1;T;True;2
1621260837000;11561800;0.86141;0.86153;0.86147;1;T;True;2
1621260838000;11561803;0.86139;0.86151;0.86145;2;T;True;2
1621260839000;11561805;0.86141;0.86153;0.86147;1;T;True;2
1621260840000;11561806;0.86141;0.86153;0.86147;0;T;True;2
1621260841000;11561811;0.86139;0.86151;0.86145;4;T;True;2
1621260842000;11561814;0.86135;0.86147;0.86141;2;T;True;2
1621260843000;11561815;0.86135;0.86147;0.86141;0;T;True;2
1621260844000;11561818;0.86132;0.86144;0.86138;2;T;True;2
1621260845000;11561819;0.86132;0.86144;0.86138;0;T;True;2
1621260846000;11561820;0.86132;0.86144;0.86138;0;T;True;2
1621260847000;11561821;0.86132;0.86144;0.86138;0;T;True;2
1621260848000;11561822;0.86132;0.86144;0.86138;0;T;True;2
1621260849000;11561823;0.86132;0.86144;0.86138;0;T;True;2
1621260850000;11561824;0.86132;0.86144;0.86138;0;T;True;2
1621260851000;11561825;0.86132;0.86144;0.86138;0;T;True;2
1621260852000;11561826;0.86132;0.86144;0.86138;0;T;True;2
1621260853000;11561827;0.86132;0.86144;0.86138;0;T;True;2
1621260854000;11561828;0.86132;0.86144;0.86138;0;T;True;2
1621260855000;11561829;0.86132;0.86144;0.86138;0;T;True;2
1621260856000;11561831;0.86133;0.86145;0.86139;1;T;True;2
1621260857000;11561835;0.86133;0.86145;0.86139;3;T;True;2
1621260858000;11561836;0.86133;0.86145;0.86139;0;T;True;2
1621260859000;11561838;0.86133;0.86145;0.86139;1;T;True;2
1621260860000;11561841;0.86132;0.86144;0.86138;2;T;True;2
1621260861000;11561844;0.86132;0.86144;0.86138;2;T;True;2
1621260862000;11561850;0.86131;0.86143;0.86137;5;T;True;2
1621260863000;11561851;0.86131;0.86143;0.86137;0;T;True;2
1621260864000;11561853;0.86131;0.86143;0.86137;1;T;True;2
1621260865000;11561854;0.86131;0.86143;0.86137;0;T;True;2
1621260866000;11561855;0.86131;0.86143;0.86137;0;T;True;2
1621260867000;11561856;0.86131;0.86143;0.86137;0;T;True;2
1621260868000;11561857;0.86131;0.86143;0.86137;0;T;True;2
1621260869000;11561858;0.86131;0.86143;0.86137;0;T;True;2
1621260870000;11561859;0.86131;0.86143;0.86137;0;T;True;2
1621260871000;11561863;0.86131;0.86143;0.86137;3;T;True;2
1621260872000;11561870;0.86129;0.86141;0.86135;6;T;True;2
1621260873000;11561876;0.86131;0.86143;0.86137;5;T;True;2
1621260874000;11561877;0.86131;0.86143;0.86137;0;T;True;2
1621260875000;11561878;0.86131;0.86143;0.86137;0;T;True;2
1621260876000;11561880;0.86131;0.86143;0.86137;1;T;True;2
1621260877000;11561884;0.86131;0.86143;0.86137;3;T;True;2
1621260878000;11561888;0.8613;0.86142;0.86136;3;T;True;2
1621260879000;11561891;0.86131;0.86143;0.86137;2;T;True;2
1621260880000;11561893;0.86131;0.86143;0.86137;1;T;True;2
1621260881000;11561899;0.86134;0.86146;0.8614;5;T;True;2
1621260882000;11561903;0.86137;0.86149;0.86143;3;T;True;2
1621260883000;11561906;0.86138;0.8615;0.86144;2;T;True;2
1621260884000;11561909;0.86138;0.8615;0.86144;2;T;True;2
1621260885000;11561911;0.86139;0.86151;0.86145;1;T;True;2
1621260886000;11561912;0.86139;0.86151;0.86145;0;T;True;2
1621260887000;11561914;0.86139;0.86151;0.86145;1;T;True;2
1621260888000;11561917;0.8614;0.86152;0.86146;2;T;True;2
1621260889000;11561920;0.8614;0.86152;0.86146;2;T;True;2
1621260890000;11561924;0.86139;0.86151;0.86145;3;T;True;2
1621260891000;11561925;0.86139;0.86151;0.86145;0;T;True;2
1621260892000;11561927;0.86139;0.86151;0.86145;1;T;True;2
1621260893000;11561928;0.86139;0.86151;0.86145;0;T;True;2
1621260894000;11561930;0.8614;0.86152;0.86146;1;T;True;2
1621260895000;11561931;0.8614;0.86152;0.86146;0;T;True;2
1621260896000;11561932;0.8614;0.86152;0.86146;0;T;True;2
1621260897000;11561933;0.8614;0.86152;0.86146;0;T;True;2
1621260898000;11561936;0.8614;0.86152;0.86146;2;T;True;2
1621260899000;11561937;0.8614;0.86152;0.86146;0;T;True;2
1621260900000;11561939;0.86139;0.86151;0.86145;1;T;True;2
1621260901000;11561942;0.86139;0.86151;0.86145;2;T;True;2
1621260902000;11561945;0.86141;0.86153;0.86147;2;T;True;2
1621260903000;11561948;0.8614;0.86152;0.86146;2;T;True;2
1621260904000;11561954;0.86145;0.86157;0.86151;5;T;True;2
1621260905000;11561955;0.86145;0.86157;0.86151;0;T;True;2
1621260906000;11561957;0.86147;0.86159;0.86153;1;T;True;2
1621260907000;11561958;0.86147;0.86159;0.86153;0;T;True;2
1621260908000;11561959;0.86147;0.86159;0.86153;0;T;True;2
1621260909000;11561960;0.86147;0.86159;0.86153;0;T;True;2
1621260910000;11561962;0.86146;0.86158;0.86152;1;T;True;2
1621260911000;11561964;0.86147;0.86159;0.86153;1;T;True;2
1621260912000;11561965;0.86147;0.86159;0.86153;0;T;True;2
1621260913000;11561966;0.86147;0.86159;0.86153;0;T;True;2
1621260914000;11561967;0.86147;0.86159;0.86153;0;T;True;2
1621260915000;11561968;0.86147;0.86159;0.86153;0;T;True;2
1621260916000;11561970;0.86149;0.86161;0.86155;1;T;True;2
1621260917000;11561972;0.8615;0.86162;0.86156;1;T;True;2
1621260918000;11561975;0.86151;0.86163;0.86157;2;T;True;2
1621260919000;11561978;0.86154;0.86166;0.8616;2;T;True;2
1621260920000;11561979;0.86154;0.86166;0.8616;0;T;True;2
1621260921000;11561980;0.86154;0.86166;0.8616;0;T;True;2
1621260922000;11561981;0.86154;0.86166;0.8616;0;T;True;2
1621260923000;11561982;0.86154;0.86166;0.8616;0;T;True;2
1621260924000;11561984;0.86155;0.86167;0.86161;1;T;True;2
1621260925000;11561990;0.86153;0.86165;0.86159;5;T;True;2
1621260926000;11561991;0.86153;0.86165;0.86159;0;T;True;2
1621260927000;11561995;0.86152;0.86164;0.86158;3;T;True;2
1621260928000;11561996;0.86152;0.86164;0.86158;0;T;True;2
1621260929000;11561998;0.86153;0.86165;0.86159;1;T;True;2
1621260930000;11561999;0.86153;0.86165;0.86159;0;T;True;2
1621260931000;11562000;0.86153;0.86165;0.86159;0;T;True;2
1621260932000;11562004;0.86152;0.86164;0.86158;3;T;True;2
1621260933000;11562008;0.86151;0.86163;0.86157;3;T;True;2
1621260934000;11562013;0.86148;0.8616;0.86154;4;T;True;2
1621260935000;11562014;0.86148;0.8616;0.86154;0;T;True;2
1621260936000;11562017;0.86146;0.86158;0.86152;2;T;True;2
1621260937000;11562018;0.86146;0.86158;0.86152;0;T;True;2
1621260938000;11562022;0.86147;0.86159;0.86153;3;T;True;2
1621260939000;11562023;0.86147;0.86159;0.86153;0;T;True;2
1621260940000;11562024;0.86147;0.86159;0.86153;0;T;True;2
1621260941000;11562025;0.86147;0.86159;0.86153;0;T;True;2
1621260942000;11562026;0.86147;0.86159;0.86153;0;T;True;2
1621260943000;11562027;0.86147;0.86159;0.86153;0;T;True;2
1621260944000;11562033;0.86145;0.86157;0.86151;5;T;True;2
1621260945000;11562037;0.86143;0.86155;0.86149;3;T;True;2
1621260946000;11562039;0.86144;0.86156;0.8615;1;T;True;2
1621260947000;11562042;0.86143;0.86155;0.86149;2;T;True;2
1621260948000;11562044;0.86143;0.86155;0.86149;1;T;True;2
1621260949000;11562046;0.86143;0.86155;0.86149;1;T;True;2
1621260950000;11562050;0.86141;0.86153;0.86147;3;T;True;2
1621260951000;11562051;0.86141;0.86153;0.86147;0;T;True;2
1621260952000;11562052;0.86141;0.86153;0.86147;0;T;True;2
1621260953000;11562053;0.86141;0.86153;0.86147;0;T;True;2
1621260954000;11562054;0.86141;0.86153;0.86147;0;T;True;2
1621260955000;11562058;0.86138;0.8615;0.86144;3;T;True;2
1621260956000;11562060;0.86138;0.8615;0.86144;1;T;True;2
1621260957000;11562061;0.86138;0.8615;0.86144;0;T;True;2
1621260958000;11562066;0.86139;0.86151;0.86145;4;T;True;2
1621260959000;11562070;0.8614;0.86152;0.86146;3;T;True;2
1621260960000;11562072;0.86139;0.86151;0.86145;1;T;True;2
1621260961000;11562075;0.86137;0.86149;0.86143;2;T;True;2
1621260962000;11562077;0.86136;0.86148;0.86142;1;T;True;2
1621260963000;11562078;0.86136;0.86148;0.86142;0;T;True;2
1621260964000;11562083;0.86136;0.86148;0.86142;4;T;True;2
1621260965000;11562087;0.86133;0.86145;0.86139;3;T;True;2
1621260966000;11562090;0.86131;0.86143;0.86137;2;T;True;2
1621260967000;11562091;0.86131;0.86143;0.86137;0;T;True;2
1621260968000;11562096;0.86131;0.86143;0.86137;4;T;True;2
1621260969000;11562098;0.86132;0.86144;0.86138;1;T;True;2
1621260970000;11562099;0.86132;0.86144;0.86138;0;T;True;2
1621260971000;11562100;0.86132;0.86144;0.86138;0;T;True;2
1621260972000;11562102;0.86131;0.86143;0.86137;1;T;True;2
1621260973000;11562104;0.86129;0.86141;0.86135;1;T;True;2
1621260974000;11562105;0.86129;0.86141;0.86135;0;T;True;2
1621260975000;11562106;0.86129;0.86141;0.86135;0;T;True;2
1621260976000;11562107;0.86129;0.86141;0.86135;0;T;True;2
1621260977000;11562108;0.86129;0.86141;0.86135;0;T;True;2
1621260978000;11562110;0.86129;0.86141;0.86135;1;T;True;2
1621260979000;11562112;0.86128;0.8614;0.86134;1;T;True;2
1621260980000;11562114;0.86127;0.86139;0.86133;1;T;True;2
1621260981000;11562115;0.86127;0.86139;0.86133;0;T;True;2
1621260982000;11562116;0.86127;0.86139;0.86133;0;T;True;2
1621260983000;11562117;0.86127;0.86139;0.86133;0;T;True;2
1621260984000;11562118;0.86127;0.86139;0.86133;0;T;True;2
1621260985000;11562119;0.86127;0.86139;0.86133;0;T;True;2
1621260986000;11562121;0.86126;0.86138;0.86132;1;T;True;2
1621260987000;11562123;0.86127;0.86139;0.86133;1;T;True;2
1621260988000;11562124;0.86127;0.86139;0.86133;0;T;True;2
1621260989000;11562125;0.86127;0.86139;0.86133;0;T;True;2
1621260990000;11562126;0.86127;0.86139;0.86133;0;T;True;2
1621260991000;11562127;0.86127;0.86139;0.86133;0;T;True;2
1621260992000;11562128;0.86127;0.86139;0.86133;0;T;True;2
1621260993000;11562129;0.86127;0.86139;0.86133;0;T;True;2
1621260994000;11562130;0.86127;0.86139;0.86133;0;T;True;2
1621260995000;11562131;0.86127;0.86139;0.86133;0;T;True;2
1621260996000;11562132;0.86127;0.86139;0.86133;0;T;True;2
1621260997000;11562133;0.86127;0.86139;0.86133;0;T;True;2
1621260998000;11562134;0.86127;0.86139;0.86133;0;T;True;2
1621260999000;11562135;0.86127;0.86139;0.86133;0;T;True;2
1621261000000;11562139;0.8613;0.86142;0.86136;3;T;True;2
1621261001000;11562142;0.86131;0.86143;0.86137;2;T;True;2
1621261002000;11562143;0.86131;0.86143;0.86137;0;T;True;2
1621261003000;11562145;0.86132;0.86144;0.86138;1;T;True;2
1621261004000;11562153;0.86133;0.86145;0.86139;7;T;True;2
1621261005000;11562156;0.86131;0.86143;0.86137;2;T;True;2
1621261006000;11562157;0.86131;0.86143;0.86137;0;T;True;2
1621261007000;11562160;0.86133;0.86145;0.86139;2;T;True;2
1621261008000;11562162;0.86132;0.86144;0.86138;1;T;True;2
1621261009000;11562164;0.86133;0.86145;0.86139;1;T;True;2
1621261010000;11562166;0.86132;0.86144;0.86138;1;T;True;2
1621261011000;11562167;0.86132;0.86144;0.86138;0;T;True;2
1621261012000;11562169;0.86131;0.86143;0.86137;1;T;True;2
1621261013000;11562172;0.86131;0.86143;0.86137;2;T;True;2
1621261014000;11562174;0.86132;0.86144;0.86138;1;T;True;2
1621261015000;11562175;0.86132;0.86144;0.86138;0;T;True;2
1621261016000;11562176;0.86132;0.86144;0.86138;0;T;True;2
1621261017000;11562178;0.86131;0.86143;0.86137;1;T;True;2
1621261018000;11562180;0.86131;0.86143;0.86137;1;T;True;2
1621261019000;11562182;0.86131;0.86143;0.86137;1;T;True;2
1621261020000;11562184;0.86131;0.86143;0.86137;1;T;True;2
1621261021000;11562187;0.86127;0.86139;0.86133;2;T;True;2
1621261022000;11562188;0.86127;0.86139;0.86133;0;T;True;2
1621261023000;11562194;0.86119;0.86131;0.86125;5;T;True;2
1621261024000;11562195;0.86119;0.86131;0.86125;0;T;True;2
1621261025000;11562198;0.86119;0.86131;0.86125;2;T;True;2
1621261026000;11562199;0.86119;0.86131;0.86125;0;T;True;2
1621261027000;11562206;0.86119;0.86131;0.86125;6;T;True;2
1621261028000;11562208;0.86119;0.86131;0.86125;1;T;True;2
1621261029000;11562210;0.86119;0.86131;0.86125;1;T;True;2
1621261030000;11562211;0.86119;0.86131;0.86125;0;T;True;2
1621261031000;11562212;0.86119;0.86131;0.86125;0;T;True;2
1621261032000;11562218;0.86113;0.86125;0.86119;5;T;True;2
1621261033000;11562219;0.86113;0.86125;0.86119;0;T;True;2
1621261034000;11562220;0.86113;0.86125;0.86119;0;T;True;2
1621261035000;11562221;0.86113;0.86125;0.86119;0;T;True;2
1621261036000;11562223;0.8611;0.86122;0.86116;1;T;True;2
1621261037000;11562230;0.86115;0.86127;0.86121;6;T;True;2
1621261038000;11562234;0.86117;0.86129;0.86123;3;T;True;2
1621261039000;11562237;0.86119;0.86131;0.86125;2;T;True;2
1621261040000;11562238;0.86119;0.86131;0.86125;0;T;True;2
1621261041000;11562241;0.86121;0.86133;0.86127;2;T;True;2
1621261042000;11562242;0.86121;0.86133;0.86127;0;T;True;2
1621261043000;11562244;0.86121;0.86133;0.86127;1;T;True;2
1621261044000;11562245;0.86121;0.86133;0.86127;0;T;True;2
1621261045000;11562248;0.86122;0.86134;0.86128;2;T;True;2
1621261046000;11562250;0.86121;0.86133;0.86127;1;T;True;2
1621261047000;11562251;0.86121;0.86133;0.86127;0;T;True;2
1621261048000;11562254;0.86123;0.86135;0.86129;2;T;True;2
1621261049000;11562256;0.86124;0.86136;0.8613;1;T;True;2
1621261050000;11562263;0.86128;0.8614;0.86134;6;T;True;2
1621261051000;11562264;0.86128;0.8614;0.86134;0;T;True;2
1621261052000;11562266;0.86128;0.8614;0.86134;1;T;True;2
1621261053000;11562267;0.86128;0.8614;0.86134;0;T;True;2
1621261054000;11562268;0.86128;0.8614;0.86134;0;T;True;2
1621261055000;11562271;0.86127;0.86139;0.86133;2;T;True;2
1621261056000;11562274;0.86125;0.86137;0.86131;2;T;True;2
1621261057000;11562278;0.86123;0.86135;0.86129;3;T;True;2
1621261058000;11562279;0.86123;0.86135;0.86129;0;T;True;2
1621261059000;11562281;0.86121;0.86133;0.86127;1;T;True;2
1621261060000;11562285;0.86123;0.86135;0.86129;3;T;True;2
1621261061000;11562289;0.86125;0.86137;0.86131;3;T;True;2
1621261062000;11562291;0.86125;0.86137;0.86131;1;T;True;2
1621261063000;11562294;0.86125;0.86137;0.86131;2;T;True;2
1621261064000;11562298;0.86122;0.86134;0.86128;3;T;True;2
1621261065000;11562300;0.86122;0.86134;0.86128;1;T;True;2
1621261066000;11562301;0.86122;0.86134;0.86128;0;T;True;2
1621261067000;11562313;0.86119;0.86131;0.86125;11;T;True;2
1621261068000;11562319;0.86117;0.86129;0.86123;5;T;True;2
1621261069000;11562326;0.86121;0.86133;0.86127;6;T;True;2
1621261070000;11562328;0.86121;0.86133;0.86127;1;T;True;2
1621261071000;11562330;0.86121;0.86133;0.86127;1;T;True;2
1621261072000;11562334;0.86121;0.86133;0.86127;3;T;True;2
1621261073000;11562337;0.86119;0.86131;0.86125;2;T;True;2
1621261074000;11562344;0.86115;0.86127;0.86121;6;T;True;2
1621261075000;11562349;0.86113;0.86125;0.86119;4;T;True;2
1621261076000;11562352;0.86113;0.86125;0.86119;2;T;True;2
1621261077000;11562354;0.86111;0.86123;0.86117;1;T;True;2
1621261078000;11562356;0.8611;0.86122;0.86116;1;T;True;2
1621261079000;11562361;0.8611;0.86122;0.86116;4;T;True;2
1621261080000;11562364;0.8611;0.86122;0.86116;2;T;True;2
1621261081000;11562369;0.86107;0.86119;0.86113;4;T;True;2
1621261082000;11562372;0.86109;0.86121;0.86115;2;T;True;2
1621261083000;11562375;0.86109;0.86121;0.86115;2;T;True;2
1621261084000;11562376;0.86109;0.86121;0.86115;0;T;True;2
1621261085000;11562378;0.86108;0.8612;0.86114;1;T;True;2
1621261086000;11562380;0.86109;0.86121;0.86115;1;T;True;2
1621261087000;11562382;0.86107;0.86119;0.86113;1;T;True;2
1621261088000;11562384;0.86109;0.86121;0.86115;1;T;True;2
1621261089000;11562385;0.86109;0.86121;0.86115;0;T;True;2
1621261090000;11562386;0.86109;0.86121;0.86115;0;T;True;2
1621261091000;11562388;0.86107;0.86119;0.86113;1;T;True;2
1621261092000;11562391;0.86107;0.86119;0.86113;2;T;True;2
1621261093000;11562393;0.86106;0.86118;0.86112;1;T;True;2
1621261094000;11562394;0.86106;0.86118;0.86112;0;T;True;2
1621261095000;11562395;0.86106;0.86118;0.86112;0;T;True;2
1621261096000;11562396;0.86106;0.86118;0.86112;0;T;True;2
1621261097000;11562397;0.86106;0.86118;0.86112;0;T;True;2
1621261098000;11562399;0.86105;0.86117;0.86111;1;T;True;2
1621261099000;11562400;0.86105;0.86117;0.86111;0;T;True;2
1621261100000;11562402;0.86104;0.86116;0.8611;1;T;True;2
1621261101000;11562405;0.86101;0.86113;0.86107;2;T;True;2
1621261102000;11562409;0.86101;0.86113;0.86107;3;T;True;2
1621261103000;11562416;0.86101;0.86113;0.86107;6;T;True;2
1621261104000;11562423;0.86101;0.86113;0.86107;6;T;True;2
1621261105000;11562424;0.86101;0.86113;0.86107;0;T;True;2
1621261106000;11562427;0.86102;0.86114;0.86108;2;T;True;2
1621261107000;11562428;0.86102;0.86114;0.86108;0;T;True;2
1621261108000;11562429;0.86102;0.86114;0.86108;0;T;True;2
1621261109000;11562431;0.86103;0.86115;0.86109;1;T;True;2
1621261110000;11562434;0.86103;0.86115;0.86109;2;T;True;2
1621261111000;11562435;0.86103;0.86115;0.86109;0;T;True;2
1621261112000;11562436;0.86103;0.86115;0.86109;0;T;True;2
1621261113000;11562437;0.86103;0.86115;0.86109;0;T;True;2
1621261114000;11562440;0.86103;0.86115;0.86109;2;T;True;2
1621261115000;11562441;0.86103;0.86115;0.86109;0;T;True;2
1621261116000;11562444;0.86102;0.86114;0.86108;2;T;True;2
1621261117000;11562446;0.86101;0.86113;0.86107;1;T;True;2
1621261118000;11562448;0.86101;0.86113;0.86107;1;T;True;2
1621261119000;11562450;0.86101;0.86113;0.86107;1;T;True;2
1621261120000;11562453;0.86101;0.86113;0.86107;2;T;True;2
1621261121000;11562455;0.86101;0.86113;0.86107;1;T;True;2
1621261122000;11562456;0.86101;0.86113;0.86107;0;T;True;2
1621261123000;11562459;0.86101;0.86113;0.86107;2;T;True;2
1621261124000;11562460;0.86101;0.86113;0.86107;0;T;True;2
1621261125000;11562462;0.86101;0.86113;0.86107;1;T;True;2
1621261126000;11562464;0.86101;0.86113;0.86107;1;T;True;2
1621261127000;11562466;0.86101;0.86113;0.86107;1;T;True;2
1621261128000;11562470;0.86101;0.86113;0.86107;3;T;True;2
1621261129000;11562471;0.86101;0.86113;0.86107;0;T;True;2
1621261130000;11562477;0.86099;0.86111;0.86105;5;T;True;2
1621261131000;11562480;0.86101;0.86113;0.86107;2;T;True;2
1621261132000;11562481;0.86101;0.86113;0.86107;0;T;True;2
1621261133000;11562484;0.86099;0.86111;0.86105;2;T;True;2
1621261134000;11562486;0.861;0.86112;0.86106;1;T;True;2
1621261135000;11562487;0.861;0.86112;0.86106;0;T;True;2
1621261136000;11562488;0.861;0.86112;0.86106;0;T;True;2
1621261137000;11562495;0.86101;0.86113;0.86107;6;T;True;2
1621261138000;11562497;0.861;0.86112;0.86106;1;T;True;2
1621261139000;11562499;0.86099;0.86111;0.86105;1;T;True;2
1621261140000;11562500;0.86099;0.86111;0.86105;0;T;True;2
1621261141000;11562501;0.86099;0.86111;0.86105;0;T;True;2
1621261142000;11562504;0.86101;0.86113;0.86107;2;T;True;2
1621261143000;11562505;0.86101;0.86113;0.86107;0;T;True;2
1621261144000;11562506;0.86101;0.86113;0.86107;0;T;True;2
1621261145000;11562520;0.8611;0.86122;0.86116;13;T;True;2
1621261146000;11562524;0.86111;0.86123;0.86117;3;T;True;2
1621261147000;11562525;0.86111;0.86123;0.86117;0;T;True;2
1621261148000;11562527;0.86113;0.86125;0.86119;1;T;True;2
1621261149000;11562532;0.86119;0.86131;0.86125;4;T;True;2
1621261150000;11562537;0.86119;0.86131;0.86125;4;T;True;2
1621261151000;11562541;0.86118;0.8613;0.86124;3;T;True;2
1621261152000;11562543;0.86117;0.86129;0.86123;1;T;True;2
1621261153000;11562546;0.86115;0.86127;0.86121;2;T;True;2
1621261154000;11562548;0.86114;0.86126;0.8612;1;T;True;2
1621261155000;11562549;0.86114;0.86126;0.8612;0;T;True;2
1621261156000;11562552;0.86115;0.86127;0.86121;2;T;True;2
1621261157000;11562554;0.86115;0.86127;0.86121;1;T;True;2
1621261158000;11562556;0.86114;0.86126;0.8612;1;T;True;2
1621261159000;11562560;0.86112;0.86124;0.86118;3;T;True;2
1621261160000;11562563;0.86111;0.86123;0.86117;2;T;True;2
1621261161000;11562566;0.86111;0.86123;0.86117;2;T;True;2
1621261162000;11562568;0.86109;0.86121;0.86115;1;T;True;2
1621261163000;11562571;0.86111;0.86123;0.86117;2;T;True;2
1621261164000;11562572;0.86111;0.86123;0.86117;0;T;True;2
1621261165000;11562573;0.86111;0.86123;0.86117;0;T;True;2
1621261166000;11562575;0.86111;0.86123;0.86117;1;T;True;2
1621261167000;11562576;0.86111;0.86123;0.86117;0;T;True;2
1621261168000;11562577;0.86111;0.86123;0.86117;0;T;True;2
1621261169000;11562578;0.86111;0.86123;0.86117;0;T;True;2
1621261170000;11562579;0.86111;0.86123;0.86117;0;T;True;2
1621261171000;11562580;0.86111;0.86123;0.86117;0;T;True;2
1621261172000;11562582;0.86112;0.86124;0.86118;1;T;True;2
1621261173000;11562583;0.86112;0.86124;0.86118;0;T;True;2
1621261174000;11562584;0.86112;0.86124;0.86118;0;T;True;2
1621261175000;11562585;0.86112;0.86124;0.86118;0;T;True;2
1621261176000;11562587;0.86111;0.86123;0.86117;1;T;True;2
1621261177000;11562588;0.86111;0.86123;0.86117;0;T;True;2
1621261178000;11562591;0.86108;0.8612;0.86114;2;T;True;2
1621261179000;11562592;0.86108;0.8612;0.86114;0;T;True;2
1621261180000;11562593;0.86108;0.8612;0.86114;0;T;True;2
1621261181000;11562594;0.86108;0.8612;0.86114;0;T;True;2
1621261182000;11562597;0.86107;0.86119;0.86113;2;T;True;2
1621261183000;11562598;0.86107;0.86119;0.86113;0;T;True;2
1621261184000;11562599;0.86107;0.86119;0.86113;0;T;True;2
1621261185000;11562602;0.86105;0.86117;0.86111;2;T;True;2
1621261186000;11562603;0.86105;0.86117;0.86111;0;T;True;2
1621261187000;11562604;0.86105;0.86117;0.86111;0;T;True;2
1621261188000;11562605;0.86105;0.86117;0.86111;0;T;True;2
1621261189000;11562608;0.86103;0.86115;0.86109;2;T;True;2
1621261190000;11562609;0.86103;0.86115;0.86109;0;T;True;2
1621261191000;11562610;0.86103;0.86115;0.86109;0;T;True;2
1621261192000;11562612;0.86103;0.86115;0.86109;1;T;True;2
1621261193000;11562616;0.86104;0.86116;0.8611;3;T;True;2
1621261194000;11562617;0.86104;0.86116;0.8611;0;T;True;2
1621261195000;11562618;0.86104;0.86116;0.8611;0;T;True;2
1621261196000;11562622;0.86105;0.86117;0.86111;3;T;True;2
1621261197000;11562625;0.86105;0.86117;0.86111;2;T;True;2
1621261198000;11562626;0.86105;0.86117;0.86111;0;T;True;2
1621261199000;11562628;0.86105;0.86117;0.86111;1;T;True;2
1621261200000;11562631;0.86105;0.86117;0.86111;2;T;True;2
1621261201000;11562639;0.86106;0.86118;0.86112;7;T;True;2
1621261202000;11562641;0.86108;0.8612;0.86114;1;T;True;2
1621261203000;11562645;0.86109;0.86121;0.86115;3;T;True;2
1621261204000;11562648;0.86111;0.86123;0.86117;2;T;True;2
1621261205000;11562652;0.86111;0.86123;0.86117;3;T;True;2
1621261206000;11562654;0.86111;0.86123;0.86117;1;T;True;2
1621261207000;11562656;0.86111;0.86123;0.86117;1;T;True;2
1621261208000;11562658;0.86113;0.86125;0.86119;1;T;True;2
1621261209000;11562661;0.86115;0.86127;0.86121;2;T;True;2
1621261210000;11562664;0.86117;0.86129;0.86123;2;T;True;2
1621261211000;11562665;0.86117;0.86129;0.86123;0;T;True;2
1621261212000;11562667;0.86116;0.86128;0.86122;1;T;True;2
1621261213000;11562668;0.86116;0.86128;0.86122;0;T;True;2
1621261214000;11562669;0.86116;0.86128;0.86122;0;T;True;2
1621261215000;11562670;0.86116;0.86128;0.86122;0;T;True;2
1621261216000;11562672;0.86117;0.86129;0.86123;1;T;True;2
1621261217000;11562673;0.86117;0.86129;0.86123;0;T;True;2
1621261218000;11562674;0.86117;0.86129;0.86123;0;T;True;2
1621261219000;11562675;0.86117;0.86129;0.86123;0;T;True;2
1621261220000;11562677;0.86116;0.86128;0.86122;1;T;True;2
1621261221000;11562678;0.86116;0.86128;0.86122;0;T;True;2
1621261222000;11562681;0.86116;0.86128;0.86122;2;T;True;2
1621261223000;11562687;0.8612;0.86132;0.86126;5;T;True;2
1621261224000;11562688;0.8612;0.86132;0.86126;0;T;True;2
1621261225000;11562691;0.86118;0.8613;0.86124;2;T;True;2
1621261226000;11562694;0.86121;0.86133;0.86127;2;T;True;2
1621261227000;11562699;0.86121;0.86133;0.86127;4;T;True;2
1621261228000;11562700;0.86121;0.86133;0.86127;0;T;True;2
1621261229000;11562702;0.86119;0.86131;0.86125;1;T;True;2
1621261230000;11562707;0.86117;0.86129;0.86123;4;T;True;2
1621261231000;11562710;0.86117;0.86129;0.86123;2;T;True;2
1621261232000;11562711;0.86117;0.86129;0.86123;0;T;True;2
1621261233000;11562718;0.86116;0.86128;0.86122;6;T;True;2
1621261234000;11562720;0.86117;0.86129;0.86123;1;T;True;2
1621261235000;11562721;0.86117;0.86129;0.86123;0;T;True;2
1621261236000;11562724;0.86117;0.86129;0.86123;2;T;True;2
1621261237000;11562725;0.86117;0.86129;0.86123;0;T;True;2
1621261238000;11562727;0.86119;0.86131;0.86125;1;T;True;2
1621261239000;11562728;0.86119;0.86131;0.86125;0;T;True;2
1621261240000;11562729;0.86119;0.86131;0.86125;0;T;True;2
1621261241000;11562730;0.86119;0.86131;0.86125;0;T;True;2
1621261242000;11562732;0.86117;0.86129;0.86123;1;T;True;2
1621261243000;11562733;0.86117;0.86129;0.86123;0;T;True;2
1621261244000;11562734;0.86117;0.86129;0.86123;0;T;True;2
1621261245000;11562737;0.86115;0.86127;0.86121;2;T;True;2
1621261246000;11562738;0.86115;0.86127;0.86121;0;T;True;2
1621261247000;11562739;0.86115;0.86127;0.86121;0;T;True;2
1621261248000;11562741;0.86114;0.86126;0.8612;1;T;True;2
1621261249000;11562742;0.86114;0.86126;0.8612;0;T;True;2
1621261250000;11562743;0.86114;0.86126;0.8612;0;T;True;2
1621261251000;11562744;0.86114;0.86126;0.8612;0;T;True;2
1621261252000;11562745;0.86114;0.86126;0.8612;0;T;True;2
1621261253000;11562746;0.86114;0.86126;0.8612;0;T;True;2
1621261254000;11562747;0.86114;0.86126;0.8612;0;T;True;2
1621261255000;11562748;0.86114;0.86126;0.8612;0;T;True;2
1621261256000;11562749;0.86114;0.86126;0.8612;0;T;True;2
1621261257000;11562750;0.86114;0.86126;0.8612;0;T;True;2
1621261258000;11562751;0.86114;0.86126;0.8612;0;T;True;2
1621261259000;11562752;0.86114;0.86126;0.8612;0;T;True;2
1621261260000;11562754;0.86113;0.86125;0.86119;1;T;True;2
1621261261000;11562757;0.86113;0.86125;0.86119;2;T;True;2
1621261262000;11562758;0.86113;0.86125;0.86119;0;T;True;2
1621261263000;11562760;0.86113;0.86125;0.86119;1;T;True;2
1621261264000;11562761;0.86113;0.86125;0.86119;0;T;True;2
1621261265000;11562762;0.86113;0.86125;0.86119;0;T;True;2
1621261266000;11562763;0.86113;0.86125;0.86119;0;T;True;2
1621261267000;11562764;0.86113;0.86125;0.86119;0;T;True;2
1621261268000;11562765;0.86113;0.86125;0.86119;0;T;True;2
1621261269000;11562766;0.86113;0.86125;0.86119;0;T;True;2
1621261270000;11562767;0.86113;0.86125;0.86119;0;T;True;2
1621261271000;11562769;0.86113;0.86125;0.86119;1;T;True;2
1621261272000;11562770;0.86113;0.86125;0.86119;0;T;True;2
1621261273000;11562771;0.86113;0.86125;0.86119;0;T;True;2
1621261274000;11562772;0.86113;0.86125;0.86119;0;T;True;2
1621261275000;11562773;0.86113;0.86125;0.86119;0;T;True;2
1621261276000;11562774;0.86113;0.86125;0.86119;0;T;True;2
1621261277000;11562776;0.86115;0.86127;0.86121;1;T;True;2
1621261278000;11562783;0.86115;0.86127;0.86121;6;T;True;2
1621261279000;11562784;0.86115;0.86127;0.86121;0;T;True;2
1621261280000;11562786;0.86116;0.86128;0.86122;1;T;True;2
1621261281000;11562788;0.86115;0.86127;0.86121;1;T;True;2
1621261282000;11562789;0.86115;0.86127;0.86121;0;T;True;2
1621261283000;11562790;0.86115;0.86127;0.86121;0;T;True;2
1621261284000;11562791;0.86115;0.86127;0.86121;0;T;True;2
1621261285000;11562795;0.86117;0.86129;0.86123;3;T;True;2
1621261286000;11562796;0.86117;0.86129;0.86123;0;T;True;2
1621261287000;11562799;0.86117;0.86129;0.86123;2;T;True;2
1621261288000;11562802;0.86117;0.86129;0.86123;2;T;True;2
1621261289000;11562804;0.86116;0.86128;0.86122;1;T;True;2
1621261290000;11562806;0.86117;0.86129;0.86123;1;T;True;2
1621261291000;11562807;0.86117;0.86129;0.86123;0;T;True;2
1621261292000;11562808;0.86117;0.86129;0.86123;0;T;True;2
1621261293000;11562811;0.86115;0.86127;0.86121;2;T;True;2
1621261294000;11562813;0.86116;0.86128;0.86122;1;T;True;2
1621261295000;11562816;0.86115;0.86127;0.86121;2;T;True;2
1621261296000;11562818;0.86113;0.86125;0.86119;1;T;True;2
1621261297000;11562819;0.86113;0.86125;0.86119;0;T;True;2
1621261298000;11562820;0.86113;0.86125;0.86119;0;T;True;2
1621261299000;11562826;0.86111;0.86123;0.86117;5;T;True;2
1621261300000;11562830;0.86111;0.86123;0.86117;3;T;True;2
1621261301000;11562831;0.86111;0.86123;0.86117;0;T;True;2
1621261302000;11562837;0.86113;0.86125;0.86119;5;T;True;2
1621261303000;11562840;0.86112;0.86124;0.86118;2;T;True;2
1621261304000;11562843;0.86113;0.86125;0.86119;2;T;True;2
1621261305000;11562844;0.86113;0.86125;0.86119;0;T;True;2
1621261306000;11562846;0.86113;0.86125;0.86119;1;T;True;2
1621261307000;11562848;0.86113;0.86125;0.86119;1;T;True;2
1621261308000;11562854;0.86115;0.86127;0.86121;5;T;True;2
1621261309000;11562855;0.86115;0.86127;0.86121;0;T;True;2
1621261310000;11562856;0.86115;0.86127;0.86121;0;T;True;2
1621261311000;11562860;0.86115;0.86127;0.86121;3;T;True;2
1621261312000;11562863;0.86115;0.86127;0.86121;2;T;True;2
1621261313000;11562866;0.86115;0.86127;0.86121;2;T;True;2
1621261314000;11562868;0.86116;0.86128;0.86122;1;T;True;2
1621261315000;11562869;0.86116;0.86128;0.86122;0;T;True;2
1621261316000;11562871;0.86115;0.86127;0.86121;1;T;True;2
1621261317000;11562873;0.86115;0.86127;0.86121;1;T;True;2
1621261318000;11562876;0.86115;0.86127;0.86121;2;T;True;2
1621261319000;11562877;0.86115;0.86127;0.86121;0;T;True;2
1621261320000;11562878;0.86115;0.86127;0.86121;0;T;True;2
1621261321000;11562880;0.86115;0.86127;0.86121;1;T;True;2
1621261322000;11562883;0.86114;0.86126;0.8612;2;T;True;2
1621261323000;11562885;0.86114;0.86126;0.8612;1;T;True;2
1621261324000;11562892;0.86111;0.86123;0.86117;6;T;True;2
1621261325000;11562897;0.86111;0.86123;0.86117;4;T;True;2
1621261326000;11562898;0.86111;0.86123;0.86117;0;T;True;2
1621261327000;11562903;0.86111;0.86123;0.86117;4;T;True;2
1621261328000;11562904;0.86111;0.86123;0.86117;0;T;True;2
1621261329000;11562906;0.86111;0.86123;0.86117;1;T;True;2
1621261330000;11562911;0.8611;0.86122;0.86116;4;T;True;2
1621261331000;11562913;0.86111;0.86123;0.86117;1;T;True;2
1621261332000;11562917;0.86111;0.86123;0.86117;3;T;True;2
1621261333000;11562918;0.86111;0.86123;0.86117;0;T;True;2
1621261334000;11562919;0.86111;0.86123;0.86117;0;T;True;2
1621261335000;11562920;0.86111;0.86123;0.86117;0;T;True;2
1621261336000;11562922;0.8611;0.86122;0.86116;1;T;True;2
1621261337000;11562925;0.86111;0.86123;0.86117;2;T;True;2
1621261338000;11562928;0.86111;0.86123;0.86117;2;T;True;2
1621261339000;11562930;0.86111;0.86123;0.86117;1;T;True;2
1621261340000;11562932;0.86111;0.86123;0.86117;1;T;True;2
1621261341000;11562934;0.86111;0.86123;0.86117;1;T;True;2
1621261342000;11562937;0.86111;0.86123;0.86117;2;T;True;2
1621261343000;11562939;0.86111;0.86123;0.86117;1;T;True;2
1621261344000;11562941;0.86112;0.86124;0.86118;1;T;True;2
1621261345000;11562944;0.86113;0.86125;0.86119;2;T;True;2
1621261346000;11562954;0.86117;0.86129;0.86123;9;T;True;2
1621261347000;11562956;0.86117;0.86129;0.86123;1;T;True;2
1621261348000;11562960;0.86118;0.8613;0.86124;3;T;True;2
1621261349000;11562962;0.86117;0.86129;0.86123;1;T;True;2
1621261350000;11562965;0.86118;0.8613;0.86124;2;T;True;2
1621261351000;11562967;0.86119;0.86131;0.86125;1;T;True;2
1621261352000;11562968;0.86119;0.86131;0.86125;0;T;True;2
1621261353000;11562971;0.86119;0.86131;0.86125;2;T;True;2
1621261354000;11562976;0.86121;0.86133;0.86127;4;T;True;2
1621261355000;11562978;0.86121;0.86133;0.86127;1;T;True;2
1621261356000;11562979;0.86121;0.86133;0.86127;0;T;True;2
1621261357000;11562980;0.86121;0.86133;0.86127;0;T;True;2
1621261358000;11562981;0.86121;0.86133;0.86127;0;T;True;2
1621261359000;11562982;0.86121;0.86133;0.86127;0;T;True;2
1621261360000;11562984;0.86123;0.86135;0.86129;1;T;True;2
1621261361000;11562991;0.86123;0.86135;0.86129;6;T;True;2
1621261362000;11562997;0.86125;0.86137;0.86131;5;T;True;2
1621261363000;11562998;0.86125;0.86137;0.86131;0;T;True;2
1621261364000;11563000;0.86126;0.86138;0.86132;1;T;True;2
1621261365000;11563001;0.86126;0.86138;0.86132;0;T;True;2
1621261366000;11563005;0.86129;0.86141;0.86135;3;T;True;2
1621261367000;11563006;0.86129;0.86141;0.86135;0;T;True;2
1621261368000;11563007;0.86129;0.86141;0.86135;0;T;True;2
1621261369000;11563009;0.86128;0.8614;0.86134;1;T;True;2
1621261370000;11563011;0.86127;0.86139;0.86133;1;T;True;2
1621261371000;11563012;0.86127;0.86139;0.86133;0;T;True;2
1621261372000;11563013;0.86127;0.86139;0.86133;0;T;True;2
1621261373000;11563014;0.86127;0.86139;0.86133;0;T;True;2
1621261374000;11563016;0.86128;0.8614;0.86134;1;T;True;2
1621261375000;11563019;0.86127;0.86139;0.86133;2;T;True;2
1621261376000;11563020;0.86127;0.86139;0.86133;0;T;True;2
1621261377000;11563022;0.86128;0.8614;0.86134;1;T;True;2
1621261378000;11563024;0.86127;0.86139;0.86133;1;T;True;2
1621261379000;11563025;0.86127;0.86139;0.86133;0;T;True;2
1621261380000;11563028;0.86129;0.86141;0.86135;2;T;True;2
1621261381000;11563029;0.86129;0.86141;0.86135;0;T;True;2
1621261382000;11563031;0.86127;0.86139;0.86133;1;T;True;2
1621261383000;11563032;0.86127;0.86139;0.86133;0;T;True;2
1621261384000;11563033;0.86127;0.86139;0.86133;0;T;True;2
1621261385000;11563034;0.86127;0.86139;0.86133;0;T;True;2
1621261386000;11563037;0.86125;0.86137;0.86131;2;T;True;2
1621261387000;11563038;0.86125;0.86137;0.86131;0;T;True;2
1621261388000;11563039;0.86125;0.86137;0.86131;0;T;True;2
1621261389000;11563041;0.86122;0.86134;0.86128;1;T;True;2
1621261390000;11563043;0.86121;0.86133;0.86127;1;T;True;2
1621261391000;11563045;0.86121;0.86133;0.86127;1;T;True;2
1621261392000;11563047;0.86121;0.86133;0.86127;1;T;True;2
1621261393000;11563048;0.86121;0.86133;0.86127;0;T;True;2
1621261394000;11563052;0.86121;0.86133;0.86127;3;T;True;2
1621261395000;11563057;0.86121;0.86133;0.86127;4;T;True;2
1621261396000;11563060;0.86121;0.86133;0.86127;2;T;True;2
1621261397000;11563061;0.86121;0.86133;0.86127;0;T;True;2
1621261398000;11563068;0.86121;0.86133;0.86127;6;T;True;2
1621261399000;11563070;0.86121;0.86133;0.86127;1;T;True;2
1621261400000;11563072;0.86121;0.86133;0.86127;1;T;True;2
1621261401000;11563075;0.86121;0.86133;0.86127;2;T;True;2
1621261402000;11563077;0.86121;0.86133;0.86127;1;T;True;2
1621261403000;11563080;0.86119;0.86131;0.86125;2;T;True;2
1621261404000;11563083;0.86119;0.86131;0.86125;2;T;True;2
1621261405000;11563086;0.86119;0.86131;0.86125;2;T;True;2
1621261406000;11563088;0.86119;0.86131;0.86125;1;T;True;2
1621261407000;11563091;0.86117;0.86129;0.86123;2;T;True;2
1621261408000;11563099;0.86113;0.86125;0.86119;7;T;True;2
1621261409000;11563103;0.86115;0.86127;0.86121;3;T;True;2
1621261410000;11563107;0.86115;0.86127;0.86121;3;T;True;2
1621261411000;11563108;0.86115;0.86127;0.86121;0;T;True;2
1621261412000;11563109;0.86115;0.86127;0.86121;0;T;True;2
1621261413000;11563110;0.86115;0.86127;0.86121;0;T;True;2
1621261414000;11563111;0.86115;0.86127;0.86121;0;T;True;2
1621261415000;11563112;0.86115;0.86127;0.86121;0;T;True;2
1621261416000;11563113;0.86115;0.86127;0.86121;0;T;True;2
1621261417000;11563114;0.86115;0.86127;0.86121;0;T;True;2
1621261418000;11563115;0.86115;0.86127;0.86121;0;T;True;2
1621261419000;11563116;0.86115;0.86127;0.86121;0;T;True;2
1621261420000;11563117;0.86115;0.86127;0.86121;0;T;True;2
1621261421000;11563118;0.86115;0.86127;0.86121;0;T;True;2
1621261422000;11563119;0.86115;0.86127;0.86121;0;T;True;2
1621261423000;11563121;0.86114;0.86126;0.8612;1;T;True;2
1621261424000;11563122;0.86114;0.86126;0.8612;0;T;True;2
1621261425000;11563124;0.86115;0.86127;0.86121;1;T;True;2
1621261426000;11563125;0.86115;0.86127;0.86121;0;T;True;2
1621261427000;11563126;0.86115;0.86127;0.86121;0;T;True;2
1621261428000;11563127;0.86115;0.86127;0.86121;0;T;True;2
1621261429000;11563129;0.86114;0.86126;0.8612;1;T;True;2
1621261430000;11563130;0.86114;0.86126;0.8612;0;T;True;2
1621261431000;11563133;0.86114;0.86126;0.8612;2;T;True;2
1621261432000;11563134;0.86114;0.86126;0.8612;0;T;True;2
1621261433000;11563136;0.86113;0.86125;0.86119;1;T;True;2
1621261434000;11563137;0.86113;0.86125;0.86119;0;T;True;2
1621261435000;11563138;0.86113;0.86125;0.86119;0;T;True;2
1621261436000;11563139;0.86113;0.86125;0.86119;0;T;True;2
1621261437000;11563140;0.86113;0.86125;0.86119;0;T;True;2
1621261438000;11563141;0.86113;0.86125;0.86119;0;T;True;2
1621261439000;11563142;0.86113;0.86125;0.86119;0;T;True;2
1621261440000;11563144;0.86113;0.86125;0.86119;1;T;True;2
1621261441000;11563146;0.86113;0.86125;0.86119;1;T;True;2
1621261442000;11563147;0.86113;0.86125;0.86119;0;T;True;2
1621261443000;11563148;0.86113;0.86125;0.86119;0;T;True;2
1621261444000;11563149;0.86113;0.86125;0.86119;0;T;True;2
1621261445000;11563152;0.86113;0.86125;0.86119;2;T;True;2
1621261446000;11563156;0.86114;0.86126;0.8612;3;T;True;2
1621261447000;11563157;0.86114;0.86126;0.8612;0;T;True;2
1621261448000;11563160;0.86114;0.86126;0.8612;2;T;True;2
1621261449000;11563162;0.86113;0.86125;0.86119;1;T;True;2
1621261450000;11563168;0.86115;0.86127;0.86121;5;T;True;2
1621261451000;11563171;0.86115;0.86127;0.86121;2;T;True;2
1621261452000;11563173;0.86115;0.86127;0.86121;1;T;True;2
1621261453000;11563175;0.86115;0.86127;0.86121;1;T;True;2
1621261454000;11563178;0.86115;0.86127;0.86121;2;T;True;2
1621261455000;11563179;0.86115;0.86127;0.86121;0;T;True;2
1621261456000;11563180;0.86115;0.86127;0.86121;0;T;True;2
1621261457000;11563181;0.86115;0.86127;0.86121;0;T;True;2
1621261458000;11563182;0.86115;0.86127;0.86121;0;T;True;2
1621261459000;11563186;0.86114;0.86126;0.8612;3;T;True;2
1621261460000;11563188;0.86113;0.86125;0.86119;1;T;True;2
1621261461000;11563189;0.86113;0.86125;0.86119;0;T;True;2
1621261462000;11563191;0.86113;0.86125;0.86119;1;T;True;2
1621261463000;11563192;0.86113;0.86125;0.86119;0;T;True;2
1621261464000;11563197;0.86113;0.86125;0.86119;4;T;True;2
1621261465000;11563200;0.86109;0.86121;0.86115;2;T;True;2
1621261466000;11563203;0.86109;0.86121;0.86115;2;T;True;2
1621261467000;11563209;0.86109;0.86121;0.86115;5;T;True;2
1621261468000;11563211;0.86109;0.86121;0.86115;1;T;True;2
1621261469000;11563221;0.86111;0.86123;0.86117;9;T;True;2
1621261470000;11563223;0.8611;0.86122;0.86116;1;T;True;2
1621261471000;11563227;0.86111;0.86123;0.86117;3;T;True;2
1621261472000;11563228;0.86111;0.86123;0.86117;0;T;True;2
1621261473000;11563235;0.86107;0.86119;0.86113;6;T;True;2
1621261474000;11563236;0.86107;0.86119;0.86113;0;T;True;2
1621261475000;11563237;0.86107;0.86119;0.86113;0;T;True;2
1621261476000;11563238;0.86107;0.86119;0.86113;0;T;True;2
1621261477000;11563239;0.86107;0.86119;0.86113;0;T;True;2
1621261478000;11563244;0.86107;0.86119;0.86113;4;T;True;2
1621261479000;11563248;0.86108;0.8612;0.86114;3;T;True;2
1621261480000;11563250;0.86108;0.8612;0.86114;1;T;True;2
1621261481000;11563251;0.86108;0.8612;0.86114;0;T;True;2
1621261482000;11563256;0.86109;0.86121;0.86115;4;T;True;2
1621261483000;11563259;0.86109;0.86121;0.86115;2;T;True;2
1621261484000;11563260;0.86109;0.86121;0.86115;0;T;True;2
1621261485000;11563262;0.86109;0.86121;0.86115;1;T;True;2
1621261486000;11563264;0.86109;0.86121;0.86115;1;T;True;2
1621261487000;11563267;0.86109;0.86121;0.86115;2;T;True;2
1621261488000;11563268;0.86109;0.86121;0.86115;0;T;True;2
1621261489000;11563269;0.86109;0.86121;0.86115;0;T;True;2
1621261490000;11563270;0.86109;0.86121;0.86115;0;T;True;2
1621261491000;11563271;0.86109;0.86121;0.86115;0;T;True;2
1621261492000;11563272;0.86109;0.86121;0.86115;0;T;True;2
1621261493000;11563273;0.86109;0.86121;0.86115;0;T;True;2
1621261494000;11563274;0.86109;0.86121;0.86115;0;T;True;2
1621261495000;11563278;0.86108;0.8612;0.86114;3;T;True;2
1621261496000;11563281;0.86107;0.86119;0.86113;2;T;True;2
1621261497000;11563284;0.86105;0.86117;0.86111;2;T;True;2
1621261498000;11563287;0.86106;0.86118;0.86112;2;T;True;2
1621261499000;11563288;0.86106;0.86118;0.86112;0;T;True;2
1621261500000;11563289;0.86106;0.86118;0.86112;0;T;True;2
1621261501000;11563293;0.86105;0.86117;0.86111;3;T;True;2
1621261502000;11563298;0.86101;0.86113;0.86107;4;T;True;2
1621261503000;11563299;0.86101;0.86113;0.86107;0;T;True;2
1621261504000;11563301;0.86101;0.86113;0.86107;1;T;True;2
1621261505000;11563302;0.86101;0.86113;0.86107;0;T;True;2
1621261506000;11563304;0.86102;0.86114;0.86108;1;T;True;2
1621261507000;11563306;0.86103;0.86115;0.86109;1;T;True;2
1621261508000;11563307;0.86103;0.86115;0.86109;0;T;True;2
1621261509000;11563308;0.86103;0.86115;0.86109;0;T;True;2
1621261510000;11563309;0.86103;0.86115;0.86109;0;T;True;2
1621261511000;11563310;0.86103;0.86115;0.86109;0;T;True;2
1621261512000;11563315;0.861;0.86112;0.86106;4;T;True;2
1621261513000;11563319;0.861;0.86112;0.86106;3;T;True;2
1621261514000;11563324;0.86096;0.86108;0.86102;4;T;True;2
1621261515000;11563328;0.86099;0.86111;0.86105;3;T;True;2
1621261516000;11563330;0.86099;0.86111;0.86105;1;T;True;2
1621261517000;11563334;0.86099;0.86111;0.86105;3;T;True;2
1621261518000;11563336;0.86099;0.86111;0.86105;1;T;True;2
1621261519000;11563344;0.86093;0.86105;0.86099;7;T;True;2
1621261520000;11563346;0.86093;0.86105;0.86099;1;T;True;2
1621261521000;11563347;0.86093;0.86105;0.86099;0;T;True;2
1621261522000;11563348;0.86093;0.86105;0.86099;0;T;True;2
1621261523000;11563350;0.86095;0.86107;0.86101;1;T;True;2
1621261524000;11563353;0.86095;0.86107;0.86101;2;T;True;2
1621261525000;11563356;0.86097;0.86109;0.86103;2;T;True;2
1621261526000;11563359;0.86097;0.86109;0.86103;2;T;True;2
1621261527000;11563363;0.86096;0.86108;0.86102;3;T;True;2
1621261528000;11563364;0.86096;0.86108;0.86102;0;T;True;2
1621261529000;11563368;0.86096;0.86108;0.86102;3;T;True;2
1621261530000;11563369;0.86096;0.86108;0.86102;0;T;True;2
1621261531000;11563371;0.86097;0.86109;0.86103;1;T;True;2
1621261532000;11563373;0.86097;0.86109;0.86103;1;T;True;2
1621261533000;11563377;0.86093;0.86105;0.86099;3;T;True;2
1621261534000;11563378;0.86093;0.86105;0.86099;0;T;True;2
1621261535000;11563386;0.86092;0.86104;0.86098;7;T;True;2
1621261536000;11563390;0.86091;0.86103;0.86097;3;T;True;2
1621261537000;11563393;0.86091;0.86103;0.86097;2;T;True;2
1621261538000;11563395;0.86091;0.86103;0.86097;1;T;True;2
1621261539000;11563396;0.86091;0.86103;0.86097;0;T;True;2
1621261540000;11563401;0.86089;0.86101;0.86095;4;T;True;2
1621261541000;11563404;0.86089;0.86101;0.86095;2;T;True;2
1621261542000;11563405;0.86089;0.86101;0.86095;0;T;True;2
1621261543000;11563413;0.86089;0.86101;0.86095;7;T;True;2
1621261544000;11563415;0.8609;0.86102;0.86096;1;T;True;2
1621261545000;11563417;0.86091;0.86103;0.86097;1;T;True;2
1621261546000;11563421;0.86093;0.86105;0.86099;3;T;True;2
1621261547000;11563422;0.86093;0.86105;0.86099;0;T;True;2
1621261548000;11563426;0.86091;0.86103;0.86097;3;T;True;2
1621261549000;11563429;0.86089;0.86101;0.86095;2;T;True;2
1621261550000;11563433;0.86089;0.86101;0.86095;3;T;True;2
1621261551000;11563435;0.86091;0.86103;0.86097;1;T;True;2
1621261552000;11563437;0.8609;0.86102;0.86096;1;T;True;2
1621261553000;11563439;0.86091;0.86103;0.86097;1;T;True;2
1621261554000;11563440;0.86091;0.86103;0.86097;0;T;True;2
1621261555000;11563442;0.86091;0.86103;0.86097;1;T;True;2
1621261556000;11563445;0.86089;0.86101;0.86095;2;T;True;2
1621261557000;11563446;0.86089;0.86101;0.86095;0;T;True;2
1621261558000;11563447;0.86089;0.86101;0.86095;0;T;True;2
1621261559000;11563449;0.86091;0.86103;0.86097;1;T;True;2
1621261560000;11563452;0.86093;0.86105;0.86099;2;T;True;2
1621261561000;11563458;0.86089;0.86101;0.86095;5;T;True;2
1621261562000;11563460;0.86091;0.86103;0.86097;1;T;True;2
1621261563000;11563464;0.86089;0.86101;0.86095;3;T;True;2
1621261564000;11563465;0.86089;0.86101;0.86095;0;T;True;2
1621261565000;11563468;0.86089;0.86101;0.86095;2;T;True;2
1621261566000;11563469;0.86089;0.86101;0.86095;0;T;True;2
1621261567000;11563470;0.86089;0.86101;0.86095;0;T;True;2
1621261568000;11563471;0.86089;0.86101;0.86095;0;T;True;2
1621261569000;11563474;0.86089;0.86101;0.86095;2;T;True;2
1621261570000;11563475;0.86089;0.86101;0.86095;0;T;True;2
1621261571000;11563476;0.86089;0.86101;0.86095;0;T;True;2
1621261572000;11563479;0.86089;0.86101;0.86095;2;T;True;2
1621261573000;11563480;0.86089;0.86101;0.86095;0;T;True;2
1621261574000;11563481;0.86089;0.86101;0.86095;0;T;True;2
1621261575000;11563482;0.86089;0.86101;0.86095;0;T;True;2
1621261576000;11563488;0.86087;0.86099;0.86093;5;T;True;2
1621261577000;11563489;0.86087;0.86099;0.86093;0;T;True;2
1621261578000;11563492;0.86087;0.86099;0.86093;2;T;True;2
1621261579000;11563497;0.86087;0.86099;0.86093;4;T;True;2
1621261580000;11563498;0.86087;0.86099;0.86093;0;T;True;2
1621261581000;11563499;0.86087;0.86099;0.86093;0;T;True;2
1621261582000;11563501;0.86089;0.86101;0.86095;1;T;True;2
1621261583000;11563504;0.86089;0.86101;0.86095;2;T;True;2
1621261584000;11563506;0.8609;0.86102;0.86096;1;T;True;2
1621261585000;11563507;0.8609;0.86102;0.86096;0;T;True;2
1621261586000;11563513;0.86088;0.861;0.86094;5;T;True;2
1621261587000;11563516;0.86087;0.86099;0.86093;2;T;True;2
1621261588000;11563518;0.86086;0.86098;0.86092;1;T;True;2
