ts;n;bid;ask;value;volume;phase;round;active_id
1621222062000;11489647;0.86127;0.86139;0.86133;0;T;True;2
1621222063000;11489648;0.86127;0.86139;0.86133;0;T;True;2
1621222064000;11489649;0.86127;0.86139;0.86133;0;T;True;2
1621222065000;11489650;0.86127;0.86139;0.86133;0;T;True;2
1621222066000;11489651;0.86127;0.86139;0.86133;0;T;True;2
1621222067000;11489652;0.86127;0.86139;0.86133;0;T;True;2
1621222068000;11489653;0.86127;0.86139;0.86133;0;T;True;2
1621222069000;11489654;0.86127;0.86139;0.86133;0;T;True;2
1621222070000;11489655;0.86127;0.86139;0.86133;0;T;True;2
1621222071000;11489658;0.86129;0.86141;0.86135;2;T;True;2
1621222072000;11489659;0.86129;0.86141;0.86135;0;T;True;2
1621222073000;11489660;0.86129;0.86141;0.86135;0;T;True;2
1621222074000;11489661;0.86129;0.86141;0.86135;0;T;True;2
1621222075000;11489662;0.86129;0.86141;0.86135;0;T;True;2
1621222076000;11489664;0.86129;0.86141;0.86135;1;T;True;2
1621222077000;11489665;0.86129;0.86141;0.86135;0;T;True;2
1621222078000;11489668;0.86129;0.86141;0.86135;2;T;True;2
1621222079000;11489669;0.86129;0.86141;0.86135;0;T;True;2
1621222080000;11489672;0.86129;0.86141;0.86135;2;T;True;2
1621222081000;11489673;0.86129;0.86141;0.86135;0;T;True;2
1621222082000;11489674;0.86129;0.86141;0.86135;0;T;True;2
1621222083000;11489676;0.86129;0.86141;0.86135;1;T;True;2
1621222084000;11489677;0.86129;0.86141;0.86135;0;T;True;2
1621222085000;11489678;0.86129;0.86141;0.86135;0;T;True;2
1621222086000;11489679;0.86129;0.86141;0.86135;0;T;True;2
1621222087000;11489680;0.86129;0.86141;0.86135;0;T;True;2
1621222088000;11489681;0.86129;0.86141;0.86135;0;T;True;2
1621222089000;11489682;0.86129;0.86141;0.86135;0;T;True;2
1621222090000;11489683;0.86129;0.86141;0.86135;0;T;True;2
1621222091000;11489684;0.86129;0.86141;0.86135;0;T;True;2
1621222092000;11489685;0.86129;0.86141;0.86135;0;T;True;2
1621222093000;11489686;0.86129;0.86141;0.86135;0;T;True;2
1621222094000;11489687;0.86129;0.86141;0.86135;0;T;True;2
1621222095000;11489688;0.86129;0.86141;0.86135;0;T;True;2
1621222096000;11489689;0.86129;0.86141;0.86135;0;T;True;2
1621222097000;11489690;0.86129;0.86141;0.86135;0;T;True;2
1621222098000;11489691;0.86129;0.86141;0.86135;0;T;True;2
1621222099000;11489692;0.86129;0.86141;0.86135;0;T;True;2
1621222100000;11489693;0.86129;0.86141;0.86135;0;T;True;2
1621222101000;11489694;0.86129;0.86141;0.86135;0;T;True;2
1621222102000;11489695;0.86129;0.86141;0.86135;0;T;True;2
1621222103000;11489696;0.86129;0.86141;0.86135;0;T;True;2
1621222104000;11489698;0.86129;0.86141;0.86135;1;T;True;2
1621222105000;11489700;0.86129;0.86141;0.86135;1;T;True;2
1621222106000;11489701;0.86129;0.86141;0.86135;0;T;True;2
1621222107000;11489702;0.86129;0.86141;0.86135;0;T;True;2
1621222108000;11489703;0.86129;0.86141;0.86135;0;T;True;2
1621222109000;11489704;0.86129;0.86141;0.86135;0;T;True;2
1621222110000;11489705;0.86129;0.86141;0.86135;0;T;True;2
1621222111000;11489706;0.86129;0.86141;0.86135;0;T;True;2
1621222112000;11489707;0.86129;0.86141;0.86135;0;T;True;2
1621222113000;11489708;0.86129;0.86141;0.86135;0;T;True;2
1621222114000;11489709;0.86129;0.86141;0.86135;0;T;True;2
1621222115000;11489710;0.86129;0.86141;0.86135;0;T;True;2
1621222116000;11489711;0.86129;0.86141;0.86135;0;T;True;2
1621222117000;11489712;0.86129;0.86141;0.86135;0;T;True;2
1621222118000;11489713;0.86129;0.86141;0.86135;0;T;True;2
1621222119000;11489714;0.86129;0.86141;0.86135;0;T;True;2
1621222120000;11489715;0.86129;0.86141;0.86135;0;T;True;2
1621222121000;11489716;0.86129;0.86141;0.86135;0;T;True;2
1621222122000;11489717;0.86129;0.86141;0.86135;0;T;True;2
1621222123000;11489718;0.86129;0.86141;0.86135;0;T;True;2
1621222124000;11489719;0.86129;0.86141;0.86135;0;T;True;2
1621222125000;11489720;0.86129;0.86141;0.86135;0;T;True;2
1621222126000;11489722;0.86129;0.86141;0.86135;1;T;True;2
1621222127000;11489723;0.86129;0.86141;0.86135;0;T;True;2
1621222128000;11489724;0.86129;0.86141;0.86135;0;T;True;2
1621222129000;11489725;0.86129;0.86141;0.86135;0;T;True;2
1621222130000;11489726;0.86129;0.86141;0.86135;0;T;True;2
1621222131000;11489727;0.86129;0.86141;0.86135;0;T;True;2
1621222132000;11489728;0.86129;0.86141;0.86135;0;T;True;2
1621222133000;11489729;0.86129;0.86141;0.86135;0;T;True;2
1621222134000;11489730;0.86129;0.86141;0.86135;0;T;True;2
1621222135000;11489732;0.86129;0.86141;0.86135;1;T;True;2
1621222136000;11489733;0.86129;0.86141;0.86135;0;T;True;2
1621222137000;11489734;0.86129;0.86141;0.86135;0;T;True;2
1621222138000;11489735;0.86129;0.86141;0.86135;0;T;True;2
1621222139000;11489736;0.86129;0.86141;0.86135;0;T;True;2
1621222140000;11489737;0.86129;0.86141;0.86135;0;T;True;2
1621222141000;11489738;0.86129;0.86141;0.86135;0;T;True;2
1621222142000;11489743;0.86127;0.86139;0.86133;4;T;True;2
1621222143000;11489748;0.86126;0.86138;0.86132;4;T;True;2
1621222144000;11489749;0.86126;0.86138;0.86132;0;T;True;2
1621222145000;11489751;0.86126;0.86138;0.86132;1;T;True;2
1621222146000;11489752;0.86126;0.86138;0.86132;0;T;True;2
1621222147000;11489753;0.86126;0.86138;0.86132;0;T;True;2
1621222148000;11489754;0.86126;0.86138;0.86132;0;T;True;2
1621222149000;11489755;0.86126;0.86138;0.86132;0;T;True;2
1621222150000;11489757;0.86126;0.86138;0.86132;1;T;True;2
1621222151000;11489758;0.86126;0.86138;0.86132;0;T;True;2
1621222152000;11489760;0.86127;0.86139;0.86133;1;T;True;2
1621222153000;11489763;0.86127;0.86139;0.86133;2;T;True;2
1621222154000;11489764;0.86127;0.86139;0.86133;0;T;True;2
1621222155000;11489765;0.86127;0.86139;0.86133;0;T;True;2
1621222156000;11489766;0.86127;0.86139;0.86133;0;T;True;2
1621222157000;11489767;0.86127;0.86139;0.86133;0;T;True;2
1621222158000;11489768;0.86127;0.86139;0.86133;0;T;True;2
1621222159000;11489769;0.86127;0.86139;0.86133;0;T;True;2
1621222160000;11489771;0.86127;0.86139;0.86133;1;T;True;2
1621222161000;11489772;0.86127;0.86139;0.86133;0;T;True;2
1621222162000;11489775;0.86128;0.8614;0.86134;2;T;True;2
1621222163000;11489776;0.86128;0.8614;0.86134;0;T;True;2
1621222164000;11489777;0.86128;0.8614;0.86134;0;T;True;2
1621222165000;11489778;0.86128;0.8614;0.86134;0;T;True;2
1621222166000;11489779;0.86128;0.8614;0.86134;0;T;True;2
1621222167000;11489781;0.86129;0.86141;0.86135;1;T;True;2
1621222168000;11489784;0.86127;0.86139;0.86133;2;T;True;2
1621222169000;11489785;0.86127;0.86139;0.86133;0;T;True;2
1621222170000;11489786;0.86127;0.86139;0.86133;0;T;True;2
1621222171000;11489787;0.86127;0.86139;0.86133;0;T;True;2
1621222172000;11489788;0.86127;0.86139;0.86133;0;T;True;2
1621222173000;11489789;0.86127;0.86139;0.86133;0;T;True;2
1621222174000;11489790;0.86127;0.86139;0.86133;0;T;True;2
1621222175000;11489791;0.86127;0.86139;0.86133;0;T;True;2
1621222176000;11489794;0.86127;0.86139;0.86133;2;T;True;2
1621222177000;11489795;0.86127;0.86139;0.86133;0;T;True;2
1621222178000;11489797;0.86128;0.8614;0.86134;1;T;True;2
1621222179000;11489798;0.86128;0.8614;0.86134;0;T;True;2
1621222180000;11489799;0.86128;0.8614;0.86134;0;T;True;2
1621222181000;11489800;0.86128;0.8614;0.86134;0;T;True;2
1621222182000;11489802;0.86128;0.8614;0.86134;1;T;True;2
1621222183000;11489803;0.86128;0.8614;0.86134;0;T;True;2
1621222184000;11489805;0.86127;0.86139;0.86133;1;T;True;2
1621222185000;11489806;0.86127;0.86139;0.86133;0;T;True;2
1621222186000;11489807;0.86127;0.86139;0.86133;0;T;True;2
1621222187000;11489808;0.86127;0.86139;0.86133;0;T;True;2
1621222188000;11489809;0.86127;0.86139;0.86133;0;T;True;2
1621222189000;11489810;0.86127;0.86139;0.86133;0;T;True;2
1621222190000;11489811;0.86127;0.86139;0.86133;0;T;True;2
1621222191000;11489812;0.86127;0.86139;0.86133;0;T;True;2
1621222192000;11489813;0.86127;0.86139;0.86133;0;T;True;2
1621222193000;11489814;0.86127;0.86139;0.86133;0;T;True;2
1621222194000;11489815;0.86127;0.86139;0.86133;0;T;True;2
1621222195000;11489816;0.86127;0.86139;0.86133;0;T;True;2
1621222196000;11489817;0.86127;0.86139;0.86133;0;T;True;2
1621222197000;11489818;0.86127;0.86139;0.86133;0;T;True;2
1621222198000;11489819;0.86127;0.86139;0.86133;0;T;True;2
1621222199000;11489820;0.86127;0.86139;0.86133;0;T;True;2
1621222200000;11489821;0.86127;0.86139;0.86133;0;T;True;2
1621222201000;11489822;0.86127;0.86139;0.86133;0;T;True;2
1621222202000;11489823;0.86127;0.86139;0.86133;0;T;True;2
1621222203000;11489824;0.86127;0.86139;0.86133;0;T;True;2
1621222204000;11489825;0.86127;0.86139;0.86133;0;T;True;2
1621222205000;11489826;0.86127;0.86139;0.86133;0;T;True;2
1621222206000;11489827;0.86127;0.86139;0.86133;0;T;True;2
1621222207000;11489828;0.86127;0.86139;0.86133;0;T;True;2
1621222208000;11489829;0.86127;0.86139;0.86133;0;T;True;2
1621222209000;11489830;0.86127;0.86139;0.86133;0;T;True;2
1621222210000;11489831;0.86127;0.86139;0.86133;0;T;True;2
1621222211000;11489834;0.86129;0.86141;0.86135;2;T;True;2
1621222212000;11489835;0.86129;0.86141;0.86135;0;T;True;2
1621222213000;11489837;0.86129;0.86141;0.86135;1;T;True;2
1621222214000;11489839;0.86129;0.86141;0.86135;1;T;True;2
1621222215000;11489842;0.86125;0.86137;0.86131;2;T;True;2
1621222216000;11489843;0.86125;0.86137;0.86131;0;T;True;2
1621222217000;11489844;0.86125;0.86137;0.86131;0;T;True;2
1621222218000;11489845;0.86125;0.86137;0.86131;0;T;True;2
1621222219000;11489846;0.86125;0.86137;0.86131;0;T;True;2
1621222220000;11489847;0.86125;0.86137;0.86131;0;T;True;2
1621222221000;11489848;0.86125;0.86137;0.86131;0;T;True;2
1621222222000;11489850;0.86126;0.86138;0.86132;1;T;True;2
1621222223000;11489851;0.86126;0.86138;0.86132;0;T;True;2
1621222224000;11489852;0.86126;0.86138;0.86132;0;T;True;2
1621222225000;11489853;0.86126;0.86138;0.86132;0;T;True;2
1621222226000;11489854;0.86126;0.86138;0.86132;0;T;True;2
1621222227000;11489855;0.86126;0.86138;0.86132;0;T;True;2
1621222228000;11489856;0.86126;0.86138;0.86132;0;T;True;2
1621222229000;11489860;0.86127;0.86139;0.86133;3;T;True;2
1621222230000;11489861;0.86127;0.86139;0.86133;0;T;True;2
1621222231000;11489862;0.86127;0.86139;0.86133;0;T;True;2
1621222232000;11489863;0.86127;0.86139;0.86133;0;T;True;2
1621222233000;11489864;0.86127;0.86139;0.86133;0;T;True;2
1621222234000;11489865;0.86127;0.86139;0.86133;0;T;True;2
1621222235000;11489866;0.86127;0.86139;0.86133;0;T;True;2
1621222236000;11489867;0.86127;0.86139;0.86133;0;T;True;2
1621222237000;11489868;0.86127;0.86139;0.86133;0;T;True;2
1621222238000;11489869;0.86127;0.86139;0.86133;0;T;True;2
1621222239000;11489870;0.86127;0.86139;0.86133;0;T;True;2
1621222240000;11489871;0.86127;0.86139;0.86133;0;T;True;2
1621222241000;11489872;0.86127;0.86139;0.86133;0;T;True;2
1621222242000;11489873;0.86127;0.86139;0.86133;0;T;True;2
1621222243000;11489874;0.86127;0.86139;0.86133;0;T;True;2
1621222244000;11489875;0.86127;0.86139;0.86133;0;T;True;2
1621222245000;11489876;0.86127;0.86139;0.86133;0;T;True;2
1621222246000;11489877;0.86127;0.86139;0.86133;0;T;True;2
1621222247000;11489878;0.86127;0.86139;0.86133;0;T;True;2
1621222248000;11489879;0.86127;0.86139;0.86133;0;T;True;2
1621222249000;11489880;0.86127;0.86139;0.86133;0;T;True;2
1621222250000;11489882;0.86128;0.8614;0.86134;1;T;True;2
1621222251000;11489883;0.86128;0.8614;0.86134;0;T;True;2
1621222252000;11489885;0.86129;0.86141;0.86135;1;T;True;2
1621222253000;11489886;0.86129;0.86141;0.86135;0;T;True;2
1621222254000;11489887;0.86129;0.86141;0.86135;0;T;True;2
1621222255000;11489888;0.86129;0.86141;0.86135;0;T;True;2
1621222256000;11489890;0.8613;0.86142;0.86136;1;T;True;2
1621222257000;11489892;0.8613;0.86142;0.86136;1;T;True;2
1621222258000;11489893;0.8613;0.86142;0.86136;0;T;True;2
1621222259000;11489894;0.8613;0.86142;0.86136;0;T;True;2
1621222260000;11489895;0.8613;0.86142;0.86136;0;T;True;2
1621222261000;11489897;0.86131;0.86143;0.86137;1;T;True;2
1621222262000;11489898;0.86131;0.86143;0.86137;0;T;True;2
1621222263000;11489899;0.86131;0.86143;0.86137;0;T;True;2
1621222264000;11489900;0.86131;0.86143;0.86137;0;T;True;2
1621222265000;11489901;0.86131;0.86143;0.86137;0;T;True;2
1621222266000;11489902;0.86131;0.86143;0.86137;0;T;True;2
1621222267000;11489903;0.86131;0.86143;0.86137;0;T;True;2
1621222268000;11489904;0.86131;0.86143;0.86137;0;T;True;2
1621222269000;11489905;0.86131;0.86143;0.86137;0;T;True;2
1621222270000;11489912;0.86133;0.86145;0.86139;6;T;True;2
1621222271000;11489915;0.86133;0.86145;0.86139;2;T;True;2
1621222272000;11489916;0.86133;0.86145;0.86139;0;T;True;2
1621222273000;11489917;0.86133;0.86145;0.86139;0;T;True;2
1621222274000;11489918;0.86133;0.86145;0.86139;0;T;True;2
1621222275000;11489919;0.86133;0.86145;0.86139;0;T;True;2
1621222276000;11489920;0.86133;0.86145;0.86139;0;T;True;2
1621222277000;11489921;0.86133;0.86145;0.86139;0;T;True;2
1621222278000;11489922;0.86133;0.86145;0.86139;0;T;True;2
1621222279000;11489923;0.86133;0.86145;0.86139;0;T;True;2
1621222280000;11489924;0.86133;0.86145;0.86139;0;T;True;2
1621222281000;11489925;0.86133;0.86145;0.86139;0;T;True;2
1621222282000;11489926;0.86133;0.86145;0.86139;0;T;True;2
1621222283000;11489927;0.86133;0.86145;0.86139;0;T;True;2
1621222284000;11489928;0.86133;0.86145;0.86139;0;T;True;2
1621222285000;11489929;0.86133;0.86145;0.86139;0;T;True;2
1621222286000;11489930;0.86133;0.86145;0.86139;0;T;True;2
1621222287000;11489931;0.86133;0.86145;0.86139;0;T;True;2
1621222288000;11489932;0.86133;0.86145;0.86139;0;T;True;2
1621222289000;11489933;0.86133;0.86145;0.86139;0;T;True;2
1621222290000;11489934;0.86133;0.86145;0.86139;0;T;True;2
1621222291000;11489935;0.86133;0.86145;0.86139;0;T;True;2
1621222292000;11489937;0.86133;0.86145;0.86139;1;T;True;2
1621222293000;11489938;0.86133;0.86145;0.86139;0;T;True;2
1621222294000;11489940;0.86133;0.86145;0.86139;1;T;True;2
1621222295000;11489941;0.86133;0.86145;0.86139;0;T;True;2
1621222296000;11489942;0.86133;0.86145;0.86139;0;T;True;2
1621222297000;11489943;0.86133;0.86145;0.86139;0;T;True;2
1621222298000;11489944;0.86133;0.86145;0.86139;0;T;True;2
1621222299000;11489945;0.86133;0.86145;0.86139;0;T;True;2
1621222300000;11489946;0.86133;0.86145;0.86139;0;T;True;2
1621222301000;11489947;0.86133;0.86145;0.86139;0;T;True;2
1621222302000;11489948;0.86133;0.86145;0.86139;0;T;True;2
1621222303000;11489950;0.86133;0.86145;0.86139;1;T;True;2
1621222304000;11489951;0.86133;0.86145;0.86139;0;T;True;2
1621222305000;11489952;0.86133;0.86145;0.86139;0;T;True;2
1621222306000;11489953;0.86133;0.86145;0.86139;0;T;True;2
1621222307000;11489954;0.86133;0.86145;0.86139;0;T;True;2
1621222308000;11489955;0.86133;0.86145;0.86139;0;T;True;2
1621222309000;11489957;0.86134;0.86146;0.8614;1;T;True;2
1621222310000;11489958;0.86134;0.86146;0.8614;0;T;True;2
1621222311000;11489960;0.86135;0.86147;0.86141;1;T;True;2
1621222312000;11489961;0.86135;0.86147;0.86141;0;T;True;2
1621222313000;11489962;0.86135;0.86147;0.86141;0;T;True;2
1621222314000;11489963;0.86135;0.86147;0.86141;0;T;True;2
1621222315000;11489964;0.86135;0.86147;0.86141;0;T;True;2
1621222316000;11489965;0.86135;0.86147;0.86141;0;T;True;2
1621222317000;11489969;0.86133;0.86145;0.86139;3;T;True;2
1621222318000;11489970;0.86133;0.86145;0.86139;0;T;True;2
1621222319000;11489971;0.86133;0.86145;0.86139;0;T;True;2
1621222320000;11489972;0.86133;0.86145;0.86139;0;T;True;2
1621222321000;11489973;0.86133;0.86145;0.86139;0;T;True;2
1621222322000;11489977;0.86132;0.86144;0.86138;3;T;True;2
1621222323000;11489978;0.86132;0.86144;0.86138;0;T;True;2
1621222324000;11489980;0.86131;0.86143;0.86137;1;T;True;2
1621222325000;11489981;0.86131;0.86143;0.86137;0;T;True;2
1621222326000;11489982;0.86131;0.86143;0.86137;0;T;True;2
1621222327000;11489983;0.86131;0.86143;0.86137;0;T;True;2
1621222328000;11489984;0.86131;0.86143;0.86137;0;T;True;2
1621222329000;11489985;0.86131;0.86143;0.86137;0;T;True;2
1621222330000;11489986;0.86131;0.86143;0.86137;0;T;True;2
1621222331000;11489987;0.86131;0.86143;0.86137;0;T;True;2
1621222332000;11489988;0.86131;0.86143;0.86137;0;T;True;2
1621222333000;11489989;0.86131;0.86143;0.86137;0;T;True;2
1621222334000;11489990;0.86131;0.86143;0.86137;0;T;True;2
1621222335000;11489991;0.86131;0.86143;0.86137;0;T;True;2
1621222336000;11489992;0.86131;0.86143;0.86137;0;T;True;2
1621222337000;11489993;0.86131;0.86143;0.86137;0;T;True;2
1621222338000;11489995;0.86131;0.86143;0.86137;1;T;True;2
1621222339000;11489996;0.86131;0.86143;0.86137;0;T;True;2
1621222340000;11489999;0.86131;0.86143;0.86137;2;T;True;2
1621222341000;11490000;0.86131;0.86143;0.86137;0;T;True;2
1621222342000;11490001;0.86131;0.86143;0.86137;0;T;True;2
1621222343000;11490002;0.86131;0.86143;0.86137;0;T;True;2
1621222344000;11490003;0.86131;0.86143;0.86137;0;T;True;2
1621222345000;11490004;0.86131;0.86143;0.86137;0;T;True;2
1621222346000;11490005;0.86131;0.86143;0.86137;0;T;True;2
1621222347000;11490007;0.86131;0.86143;0.86137;1;T;True;2
1621222348000;11490008;0.86131;0.86143;0.86137;0;T;True;2
1621222349000;11490009;0.86131;0.86143;0.86137;0;T;True;2
1621222350000;11490010;0.86131;0.86143;0.86137;0;T;True;2
1621222351000;11490011;0.86131;0.86143;0.86137;0;T;True;2
1621222352000;11490012;0.86131;0.86143;0.86137;0;T;True;2
1621222353000;11490013;0.86131;0.86143;0.86137;0;T;True;2
1621222354000;11490014;0.86131;0.86143;0.86137;0;T;True;2
1621222355000;11490015;0.86131;0.86143;0.86137;0;T;True;2
1621222356000;11490016;0.86131;0.86143;0.86137;0;T;True;2
1621222357000;11490017;0.86131;0.86143;0.86137;0;T;True;2
1621222358000;11490018;0.86131;0.86143;0.86137;0;T;True;2
1621222359000;11490019;0.86131;0.86143;0.86137;0;T;True;2
1621222360000;11490020;0.86131;0.86143;0.86137;0;T;True;2
1621222361000;11490021;0.86131;0.86143;0.86137;0;T;True;2
1621222362000;11490022;0.86131;0.86143;0.86137;0;T;True;2
1621222363000;11490023;0.86131;0.86143;0.86137;0;T;True;2
1621222364000;11490024;0.86131;0.86143;0.86137;0;T;True;2
1621222365000;11490025;0.86131;0.86143;0.86137;0;T;True;2
1621222366000;11490026;0.86131;0.86143;0.86137;0;T;True;2
1621222367000;11490027;0.86131;0.86143;0.86137;0;T;True;2
1621222368000;11490028;0.86131;0.86143;0.86137;0;T;True;2
1621222369000;11490029;0.86131;0.86143;0.86137;0;T;True;2
1621222370000;11490030;0.86131;0.86143;0.86137;0;T;True;2
1621222371000;11490031;0.86131;0.86143;0.86137;0;T;True;2
1621222372000;11490032;0.86131;0.86143;0.86137;0;T;True;2
1621222373000;11490033;0.86131;0.86143;0.86137;0;T;True;2
1621222374000;11490034;0.86131;0.86143;0.86137;0;T;True;2
1621222375000;11490036;0.86131;0.86143;0.86137;1;T;True;2
1621222376000;11490038;0.86131;0.86143;0.86137;1;T;True;2
1621222377000;11490039;0.86131;0.86143;0.86137;0;T;True;2
1621222378000;11490040;0.86131;0.86143;0.86137;0;T;True;2
1621222379000;11490041;0.86131;0.86143;0.86137;0;T;True;2
1621222380000;11490042;0.86131;0.86143;0.86137;0;T;True;2
1621222381000;11490043;0.86131;0.86143;0.86137;0;T;True;2
1621222382000;11490044;0.86131;0.86143;0.86137;0;T;True;2
1621222383000;11490045;0.86131;0.86143;0.86137;0;T;True;2
1621222384000;11490046;0.86131;0.86143;0.86137;0;T;True;2
1621222385000;11490048;0.8613;0.86142;0.86136;1;T;True;2
1621222386000;11490049;0.8613;0.86142;0.86136;0;T;True;2
1621222387000;11490050;0.8613;0.86142;0.86136;0;T;True;2
1621222388000;11490054;0.86129;0.86141;0.86135;3;T;True;2
1621222389000;11490055;0.86129;0.86141;0.86135;0;T;True;2
1621222390000;11490057;0.86129;0.86141;0.86135;1;T;True;2
1621222391000;11490059;0.86129;0.86141;0.86135;1;T;True;2
1621222392000;11490060;0.86129;0.86141;0.86135;0;T;True;2
1621222393000;11490061;0.86129;0.86141;0.86135;0;T;True;2
1621222394000;11490063;0.86129;0.86141;0.86135;1;T;True;2
1621222395000;11490067;0.86129;0.86141;0.86135;3;T;True;2
1621222396000;11490068;0.86129;0.86141;0.86135;0;T;True;2
1621222397000;11490070;0.86129;0.86141;0.86135;1;T;True;2
1621222398000;11490071;0.86129;0.86141;0.86135;0;T;True;2
1621222399000;11490073;0.86129;0.86141;0.86135;1;T;True;2
1621222400000;11490074;0.86129;0.86141;0.86135;0;T;True;2
1621222401000;11490076;0.86129;0.86141;0.86135;1;T;True;2
1621222402000;11490077;0.86129;0.86141;0.86135;0;T;True;2
1621222403000;11490078;0.86129;0.86141;0.86135;0;T;True;2
1621222404000;11490079;0.86129;0.86141;0.86135;0;T;True;2
1621222405000;11490080;0.86129;0.86141;0.86135;0;T;True;2
1621222406000;11490081;0.86129;0.86141;0.86135;0;T;True;2
1621222407000;11490084;0.86128;0.8614;0.86134;2;T;True;2
1621222408000;11490086;0.86126;0.86138;0.86132;1;T;True;2
1621222409000;11490087;0.86126;0.86138;0.86132;0;T;True;2
1621222410000;11490088;0.86126;0.86138;0.86132;0;T;True;2
1621222411000;11490089;0.86126;0.86138;0.86132;0;T;True;2
1621222412000;11490090;0.86126;0.86138;0.86132;0;T;True;2
1621222413000;11490091;0.86126;0.86138;0.86132;0;T;True;2
1621222414000;11490092;0.86126;0.86138;0.86132;0;T;True;2
1621222415000;11490093;0.86126;0.86138;0.86132;0;T;True;2
1621222416000;11490094;0.86126;0.86138;0.86132;0;T;True;2
1621222417000;11490097;0.86127;0.86139;0.86133;2;T;True;2
1621222418000;11490098;0.86127;0.86139;0.86133;0;T;True;2
1621222419000;11490099;0.86127;0.86139;0.86133;0;T;True;2
1621222420000;11490101;0.86127;0.86139;0.86133;1;T;True;2
1621222421000;11490102;0.86127;0.86139;0.86133;0;T;True;2
1621222422000;11490104;0.86127;0.86139;0.86133;1;T;True;2
1621222423000;11490105;0.86127;0.86139;0.86133;0;T;True;2
1621222424000;11490106;0.86127;0.86139;0.86133;0;T;True;2
1621222425000;11490107;0.86127;0.86139;0.86133;0;T;True;2
1621222426000;11490108;0.86127;0.86139;0.86133;0;T;True;2
1621222427000;11490110;0.86127;0.86139;0.86133;1;T;True;2
1621222428000;11490115;0.86125;0.86137;0.86131;4;T;True;2
1621222429000;11490116;0.86125;0.86137;0.86131;0;T;True;2
1621222430000;11490117;0.86125;0.86137;0.86131;0;T;True;2
1621222431000;11490118;0.86125;0.86137;0.86131;0;T;True;2
1621222432000;11490119;0.86125;0.86137;0.86131;0;T;True;2
1621222433000;11490120;0.86125;0.86137;0.86131;0;T;True;2
1621222434000;11490123;0.86125;0.86137;0.86131;2;T;True;2
1621222435000;11490124;0.86125;0.86137;0.86131;0;T;True;2
1621222436000;11490128;0.86125;0.86137;0.86131;3;T;True;2
1621222437000;11490129;0.86125;0.86137;0.86131;0;T;True;2
1621222438000;11490130;0.86125;0.86137;0.86131;0;T;True;2
1621222439000;11490131;0.86125;0.86137;0.86131;0;T;True;2
1621222440000;11490132;0.86125;0.86137;0.86131;0;T;True;2
1621222441000;11490133;0.86125;0.86137;0.86131;0;T;True;2
1621222442000;11490135;0.86125;0.86137;0.86131;1;T;True;2
1621222443000;11490136;0.86125;0.86137;0.86131;0;T;True;2
1621222444000;11490139;0.86126;0.86138;0.86132;2;T;True;2
1621222445000;11490141;0.86126;0.86138;0.86132;1;T;True;2
1621222446000;11490142;0.86126;0.86138;0.86132;0;T;True;2
1621222447000;11490145;0.86125;0.86137;0.86131;2;T;True;2
1621222448000;11490146;0.86125;0.86137;0.86131;0;T;True;2
1621222449000;11490147;0.86125;0.86137;0.86131;0;T;True;2
1621222450000;11490148;0.86125;0.86137;0.86131;0;T;True;2
1621222451000;11490149;0.86125;0.86137;0.86131;0;T;True;2
1621222452000;11490150;0.86125;0.86137;0.86131;0;T;True;2
1621222453000;11490151;0.86125;0.86137;0.86131;0;T;True;2
1621222454000;11490152;0.86125;0.86137;0.86131;0;T;True;2
1621222455000;11490153;0.86125;0.86137;0.86131;0;T;True;2
1621222456000;11490155;0.86125;0.86137;0.86131;1;T;True;2
1621222457000;11490156;0.86125;0.86137;0.86131;0;T;True;2
1621222458000;11490158;0.86125;0.86137;0.86131;1;T;True;2
1621222459000;11490161;0.86125;0.86137;0.86131;2;T;True;2
1621222460000;11490162;0.86125;0.86137;0.86131;0;T;True;2
1621222461000;11490164;0.86125;0.86137;0.86131;1;T;True;2
1621222462000;11490165;0.86125;0.86137;0.86131;0;T;True;2
1621222463000;11490167;0.86125;0.86137;0.86131;1;T;True;2
1621222464000;11490168;0.86125;0.86137;0.86131;0;T;True;2
1621222465000;11490169;0.86125;0.86137;0.86131;0;T;True;2
1621222466000;11490171;0.86125;0.86137;0.86131;1;T;True;2
1621222467000;11490173;0.86125;0.86137;0.86131;1;T;True;2
1621222468000;11490174;0.86125;0.86137;0.86131;0;T;True;2
1621222469000;11490175;0.86125;0.86137;0.86131;0;T;True;2
1621222470000;11490178;0.86125;0.86137;0.86131;2;T;True;2
1621222471000;11490179;0.86125;0.86137;0.86131;0;T;True;2
1621222472000;11490180;0.86125;0.86137;0.86131;0;T;True;2
1621222473000;11490181;0.86125;0.86137;0.86131;0;T;True;2
1621222474000;11490182;0.86125;0.86137;0.86131;0;T;True;2
1621222475000;11490183;0.86125;0.86137;0.86131;0;T;True;2
1621222476000;11490184;0.86125;0.86137;0.86131;0;T;True;2
1621222477000;11490185;0.86125;0.86137;0.86131;0;T;True;2
1621222478000;11490186;0.86125;0.86137;0.86131;0;T;True;2
1621222479000;11490190;0.86125;0.86137;0.86131;3;T;True;2
1621222480000;11490192;0.86125;0.86137;0.86131;1;T;True;2
1621222481000;11490198;0.86128;0.8614;0.86134;5;T;True;2
1621222482000;11490200;0.86127;0.86139;0.86133;1;T;True;2
1621222483000;11490201;0.86127;0.86139;0.86133;0;T;True;2
1621222484000;11490202;0.86127;0.86139;0.86133;0;T;True;2
1621222485000;11490204;0.86127;0.86139;0.86133;1;T;True;2
1621222486000;11490205;0.86127;0.86139;0.86133;0;T;True;2
1621222487000;11490208;0.86125;0.86137;0.86131;2;T;True;2
1621222488000;11490209;0.86125;0.86137;0.86131;0;T;True;2
1621222489000;11490210;0.86125;0.86137;0.86131;0;T;True;2
1621222490000;11490211;0.86125;0.86137;0.86131;0;T;True;2
1621222491000;11490212;0.86125;0.86137;0.86131;0;T;True;2
1621222492000;11490213;0.86125;0.86137;0.86131;0;T;True;2
1621222493000;11490214;0.86125;0.86137;0.86131;0;T;True;2
1621222494000;11490215;0.86125;0.86137;0.86131;0;T;True;2
1621222495000;11490216;0.86125;0.86137;0.86131;0;T;True;2
1621222496000;11490220;0.86124;0.86136;0.8613;3;T;True;2
1621222497000;11490221;0.86124;0.86136;0.8613;0;T;True;2
1621222498000;11490223;0.86125;0.86137;0.86131;1;T;True;2
1621222499000;11490231;0.86125;0.86137;0.86131;7;T;True;2
1621222500000;11490236;0.86123;0.86135;0.86129;4;T;True;2
1621222501000;11490239;0.86125;0.86137;0.86131;2;T;True;2
1621222502000;11490240;0.86125;0.86137;0.86131;0;T;True;2
1621222503000;11490241;0.86125;0.86137;0.86131;0;T;True;2
1621222504000;11490242;0.86125;0.86137;0.86131;0;T;True;2
1621222505000;11490243;0.86125;0.86137;0.86131;0;T;True;2
1621222506000;11490244;0.86125;0.86137;0.86131;0;T;True;2
1621222507000;11490245;0.86125;0.86137;0.86131;0;T;True;2
1621222508000;11490246;0.86125;0.86137;0.86131;0;T;True;2
1621222509000;11490247;0.86125;0.86137;0.86131;0;T;True;2
1621222510000;11490248;0.86125;0.86137;0.86131;0;T;True;2
1621222511000;11490250;0.86125;0.86137;0.86131;1;T;True;2
1621222512000;11490251;0.86125;0.86137;0.86131;0;T;True;2
1621222513000;11490252;0.86125;0.86137;0.86131;0;T;True;2
1621222514000;11490253;0.86125;0.86137;0.86131;0;T;True;2
1621222515000;11490254;0.86125;0.86137;0.86131;0;T;True;2
1621222516000;11490255;0.86125;0.86137;0.86131;0;T;True;2
1621222517000;11490256;0.86125;0.86137;0.86131;0;T;True;2
1621222518000;11490257;0.86125;0.86137;0.86131;0;T;True;2
1621222519000;11490258;0.86125;0.86137;0.86131;0;T;True;2
1621222520000;11490259;0.86125;0.86137;0.86131;0;T;True;2
1621222521000;11490262;0.86125;0.86137;0.86131;2;T;True;2
1621222522000;11490263;0.86125;0.86137;0.86131;0;T;True;2
1621222523000;11490264;0.86125;0.86137;0.86131;0;T;True;2
1621222524000;11490265;0.86125;0.86137;0.86131;0;T;True;2
1621222525000;11490266;0.86125;0.86137;0.86131;0;T;True;2
1621222526000;11490267;0.86125;0.86137;0.86131;0;T;True;2
1621222527000;11490268;0.86125;0.86137;0.86131;0;T;True;2
1621222528000;11490269;0.86125;0.86137;0.86131;0;T;True;2
1621222529000;11490270;0.86125;0.86137;0.86131;0;T;True;2
1621222530000;11490271;0.86125;0.86137;0.86131;0;T;True;2
1621222531000;11490272;0.86125;0.86137;0.86131;0;T;True;2
1621222532000;11490273;0.86125;0.86137;0.86131;0;T;True;2
1621222533000;11490274;0.86125;0.86137;0.86131;0;T;True;2
1621222534000;11490275;0.86125;0.86137;0.86131;0;T;True;2
1621222535000;11490276;0.86125;0.86137;0.86131;0;T;True;2
1621222536000;11490277;0.86125;0.86137;0.86131;0;T;True;2
1621222537000;11490278;0.86125;0.86137;0.86131;0;T;True;2
1621222538000;11490279;0.86125;0.86137;0.86131;0;T;True;2
1621222539000;11490280;0.86125;0.86137;0.86131;0;T;True;2
1621222540000;11490281;0.86125;0.86137;0.86131;0;T;True;2
1621222541000;11490282;0.86125;0.86137;0.86131;0;T;True;2
1621222542000;11490283;0.86125;0.86137;0.86131;0;T;True;2
1621222543000;11490284;0.86125;0.86137;0.86131;0;T;True;2
1621222544000;11490285;0.86125;0.86137;0.86131;0;T;True;2
1621222545000;11490286;0.86125;0.86137;0.86131;0;T;True;2
1621222546000;11490288;0.86125;0.86137;0.86131;1;T;True;2
1621222547000;11490289;0.86125;0.86137;0.86131;0;T;True;2
1621222548000;11490290;0.86125;0.86137;0.86131;0;T;True;2
1621222549000;11490291;0.86125;0.86137;0.86131;0;T;True;2
1621222550000;11490292;0.86125;0.86137;0.86131;0;T;True;2
1621222551000;11490293;0.86125;0.86137;0.86131;0;T;True;2
1621222552000;11490296;0.86126;0.86138;0.86132;2;T;True;2
1621222553000;11490297;0.86126;0.86138;0.86132;0;T;True;2
1621222554000;11490298;0.86126;0.86138;0.86132;0;T;True;2
1621222555000;11490299;0.86126;0.86138;0.86132;0;T;True;2
1621222556000;11490300;0.86126;0.86138;0.86132;0;T;True;2
1621222557000;11490301;0.86126;0.86138;0.86132;0;T;True;2
1621222558000;11490302;0.86126;0.86138;0.86132;0;T;True;2
1621222559000;11490303;0.86126;0.86138;0.86132;0;T;True;2
1621222560000;11490304;0.86126;0.86138;0.86132;0;T;True;2
1621222561000;11490306;0.86125;0.86137;0.86131;1;T;True;2
1621222562000;11490307;0.86125;0.86137;0.86131;0;T;True;2
1621222563000;11490308;0.86125;0.86137;0.86131;0;T;True;2
1621222564000;11490310;0.86125;0.86137;0.86131;1;T;True;2
1621222565000;11490311;0.86125;0.86137;0.86131;0;T;True;2
1621222566000;11490313;0.86126;0.86138;0.86132;1;T;True;2
1621222567000;11490314;0.86126;0.86138;0.86132;0;T;True;2
1621222568000;11490315;0.86126;0.86138;0.86132;0;T;True;2
1621222569000;11490316;0.86126;0.86138;0.86132;0;T;True;2
1621222570000;11490318;0.86125;0.86137;0.86131;1;T;True;2
1621222571000;11490319;0.86125;0.86137;0.86131;0;T;True;2
1621222572000;11490320;0.86125;0.86137;0.86131;0;T;True;2
1621222573000;11490321;0.86125;0.86137;0.86131;0;T;True;2
1621222574000;11490322;0.86125;0.86137;0.86131;0;T;True;2
1621222575000;11490323;0.86125;0.86137;0.86131;0;T;True;2
1621222576000;11490324;0.86125;0.86137;0.86131;0;T;True;2
1621222577000;11490328;0.86125;0.86137;0.86131;3;T;True;2
1621222578000;11490329;0.86125;0.86137;0.86131;0;T;True;2
1621222579000;11490330;0.86125;0.86137;0.86131;0;T;True;2
1621222580000;11490331;0.86125;0.86137;0.86131;0;T;True;2
1621222581000;11490332;0.86125;0.86137;0.86131;0;T;True;2
1621222582000;11490333;0.86125;0.86137;0.86131;0;T;True;2
1621222583000;11490334;0.86125;0.86137;0.86131;0;T;True;2
1621222584000;11490335;0.86125;0.86137;0.86131;0;T;True;2
1621222585000;11490336;0.86125;0.86137;0.86131;0;T;True;2
1621222586000;11490340;0.86124;0.86136;0.8613;3;T;True;2
1621222587000;11490341;0.86124;0.86136;0.8613;0;T;True;2
1621222588000;11490342;0.86124;0.86136;0.8613;0;T;True;2
1621222589000;11490343;0.86124;0.86136;0.8613;0;T;True;2
1621222590000;11490344;0.86124;0.86136;0.8613;0;T;True;2
1621222591000;11490345;0.86124;0.86136;0.8613;0;T;True;2
1621222592000;11490346;0.86124;0.86136;0.8613;0;T;True;2
1621222593000;11490347;0.86124;0.86136;0.8613;0;T;True;2
1621222594000;11490348;0.86124;0.86136;0.8613;0;T;True;2
1621222595000;11490349;0.86124;0.86136;0.8613;0;T;True;2
1621222596000;11490350;0.86124;0.86136;0.8613;0;T;True;2
1621222597000;11490351;0.86124;0.86136;0.8613;0;T;True;2
1621222598000;11490352;0.86124;0.86136;0.8613;0;T;True;2
1621222599000;11490355;0.86125;0.86137;0.86131;2;T;True;2
1621222600000;11490356;0.86125;0.86137;0.86131;0;T;True;2
1621222601000;11490357;0.86125;0.86137;0.86131;0;T;True;2
1621222602000;11490358;0.86125;0.86137;0.86131;0;T;True;2
1621222603000;11490359;0.86125;0.86137;0.86131;0;T;True;2
1621222604000;11490360;0.86125;0.86137;0.86131;0;T;True;2
1621222605000;11490361;0.86125;0.86137;0.86131;0;T;True;2
1621222606000;11490364;0.86124;0.86136;0.8613;2;T;True;2
1621222607000;11490365;0.86124;0.86136;0.8613;0;T;True;2
1621222608000;11490366;0.86124;0.86136;0.8613;0;T;True;2
1621222609000;11490367;0.86124;0.86136;0.8613;0;T;True;2
1621222610000;11490368;0.86124;0.86136;0.8613;0;T;True;2
1621222611000;11490369;0.86124;0.86136;0.8613;0;T;True;2
1621222612000;11490370;0.86124;0.86136;0.8613;0;T;True;2
1621222613000;11490371;0.86124;0.86136;0.8613;0;T;True;2
1621222614000;11490372;0.86124;0.86136;0.8613;0;T;True;2
1621222615000;11490373;0.86124;0.86136;0.8613;0;T;True;2
1621222616000;11490374;0.86124;0.86136;0.8613;0;T;True;2
1621222617000;11490375;0.86124;0.86136;0.8613;0;T;True;2
1621222618000;11490376;0.86124;0.86136;0.8613;0;T;True;2
1621222619000;11490377;0.86124;0.86136;0.8613;0;T;True;2
1621222620000;11490378;0.86124;0.86136;0.8613;0;T;True;2
1621222621000;11490380;0.86123;0.86135;0.86129;1;T;True;2
1621222622000;11490381;0.86123;0.86135;0.86129;0;T;True;2
1621222623000;11490382;0.86123;0.86135;0.86129;0;T;True;2
1621222624000;11490383;0.86123;0.86135;0.86129;0;T;True;2
1621222625000;11490384;0.86123;0.86135;0.86129;0;T;True;2
1621222626000;11490385;0.86123;0.86135;0.86129;0;T;True;2
1621222627000;11490386;0.86123;0.86135;0.86129;0;T;True;2
1621222628000;11490387;0.86123;0.86135;0.86129;0;T;True;2
1621222629000;11490388;0.86123;0.86135;0.86129;0;T;True;2
1621222630000;11490389;0.86123;0.86135;0.86129;0;T;True;2
1621222631000;11490392;0.86123;0.86135;0.86129;2;T;True;2
1621222632000;11490395;0.86128;0.8614;0.86134;2;T;True;2
1621222633000;11490396;0.86128;0.8614;0.86134;0;T;True;2
1621222634000;11490397;0.86128;0.8614;0.86134;0;T;True;2
1621222635000;11490398;0.86128;0.8614;0.86134;0;T;True;2
1621222636000;11490399;0.86128;0.8614;0.86134;0;T;True;2
1621222637000;11490400;0.86128;0.8614;0.86134;0;T;True;2
1621222638000;11490401;0.86128;0.8614;0.86134;0;T;True;2
1621222639000;11490403;0.86128;0.8614;0.86134;1;T;True;2
1621222640000;11490404;0.86128;0.8614;0.86134;0;T;True;2
1621222641000;11490405;0.86128;0.8614;0.86134;0;T;True;2
1621222642000;11490406;0.86128;0.8614;0.86134;0;T;True;2
1621222643000;11490407;0.86128;0.8614;0.86134;0;T;True;2
1621222644000;11490408;0.86128;0.8614;0.86134;0;T;True;2
1621222645000;11490409;0.86128;0.8614;0.86134;0;T;True;2
1621222646000;11490410;0.86128;0.8614;0.86134;0;T;True;2
1621222647000;11490411;0.86128;0.8614;0.86134;0;T;True;2
1621222648000;11490412;0.86128;0.8614;0.86134;0;T;True;2
1621222649000;11490413;0.86128;0.8614;0.86134;0;T;True;2
1621222650000;11490415;0.86127;0.86139;0.86133;1;T;True;2
1621222651000;11490416;0.86127;0.86139;0.86133;0;T;True;2
1621222652000;11490417;0.86127;0.86139;0.86133;0;T;True;2
1621222653000;11490418;0.86127;0.86139;0.86133;0;T;True;2
1621222654000;11490419;0.86127;0.86139;0.86133;0;T;True;2
1621222655000;11490420;0.86127;0.86139;0.86133;0;T;True;2
1621222656000;11490421;0.86127;0.86139;0.86133;0;T;True;2
1621222657000;11490422;0.86127;0.86139;0.86133;0;T;True;2
1621222658000;11490423;0.86127;0.86139;0.86133;0;T;True;2
1621222659000;11490424;0.86127;0.86139;0.86133;0;T;True;2
1621222660000;11490425;0.86127;0.86139;0.86133;0;T;True;2
1621222661000;11490426;0.86127;0.86139;0.86133;0;T;True;2
1621222662000;11490427;0.86127;0.86139;0.86133;0;T;True;2
1621222663000;11490428;0.86127;0.86139;0.86133;0;T;True;2
1621222664000;11490429;0.86127;0.86139;0.86133;0;T;True;2
1621222665000;11490430;0.86127;0.86139;0.86133;0;T;True;2
1621222666000;11490431;0.86127;0.86139;0.86133;0;T;True;2
1621222667000;11490432;0.86127;0.86139;0.86133;0;T;True;2
1621222668000;11490433;0.86127;0.86139;0.86133;0;T;True;2
1621222669000;11490435;0.86127;0.86139;0.86133;1;T;True;2
1621222670000;11490436;0.86127;0.86139;0.86133;0;T;True;2
1621222671000;11490438;0.86127;0.86139;0.86133;1;T;True;2
1621222672000;11490439;0.86127;0.86139;0.86133;0;T;True;2
1621222673000;11490441;0.86128;0.8614;0.86134;1;T;True;2
1621222674000;11490442;0.86128;0.8614;0.86134;0;T;True;2
1621222675000;11490443;0.86128;0.8614;0.86134;0;T;True;2
1621222676000;11490444;0.86128;0.8614;0.86134;0;T;True;2
1621222677000;11490445;0.86128;0.8614;0.86134;0;T;True;2
1621222678000;11490446;0.86128;0.8614;0.86134;0;T;True;2
1621222679000;11490447;0.86128;0.8614;0.86134;0;T;True;2
1621222680000;11490448;0.86128;0.8614;0.86134;0;T;True;2
1621222681000;11490449;0.86128;0.8614;0.86134;0;T;True;2
1621222682000;11490450;0.86128;0.8614;0.86134;0;T;True;2
1621222683000;11490451;0.86128;0.8614;0.86134;0;T;True;2
1621222684000;11490452;0.86128;0.8614;0.86134;0;T;True;2
1621222685000;11490453;0.86128;0.8614;0.86134;0;T;True;2
1621222686000;11490454;0.86128;0.8614;0.86134;0;T;True;2
1621222687000;11490455;0.86128;0.8614;0.86134;0;T;True;2
1621222688000;11490456;0.86128;0.8614;0.86134;0;T;True;2
1621222689000;11490457;0.86128;0.8614;0.86134;0;T;True;2
1621222690000;11490458;0.86128;0.8614;0.86134;0;T;True;2
1621222691000;11490459;0.86128;0.8614;0.86134;0;T;True;2
1621222692000;11490460;0.86128;0.8614;0.86134;0;T;True;2
1621222693000;11490461;0.86128;0.8614;0.86134;0;T;True;2
1621222694000;11490462;0.86128;0.8614;0.86134;0;T;True;2
1621222695000;11490463;0.86128;0.8614;0.86134;0;T;True;2
1621222696000;11490464;0.86128;0.8614;0.86134;0;T;True;2
1621222697000;11490465;0.86128;0.8614;0.86134;0;T;True;2
1621222698000;11490466;0.86128;0.8614;0.86134;0;T;True;2
1621222699000;11490467;0.86128;0.8614;0.86134;0;T;True;2
1621222700000;11490469;0.86129;0.86141;0.86135;1;T;True;2
1621222701000;11490470;0.86129;0.86141;0.86135;0;T;True;2
1621222702000;11490471;0.86129;0.86141;0.86135;0;T;True;2
1621222703000;11490472;0.86129;0.86141;0.86135;0;T;True;2
1621222704000;11490473;0.86129;0.86141;0.86135;0;T;True;2
1621222705000;11490474;0.86129;0.86141;0.86135;0;T;True;2
1621222706000;11490475;0.86129;0.86141;0.86135;0;T;True;2
1621222707000;11490476;0.86129;0.86141;0.86135;0;T;True;2
1621222708000;11490477;0.86129;0.86141;0.86135;0;T;True;2
1621222709000;11490479;0.86128;0.8614;0.86134;1;T;True;2
1621222710000;11490480;0.86128;0.8614;0.86134;0;T;True;2
1621222711000;11490481;0.86128;0.8614;0.86134;0;T;True;2
1621222712000;11490482;0.86128;0.8614;0.86134;0;T;True;2
1621222713000;11490484;0.8613;0.86142;0.86136;1;T;True;2
1621222714000;11490485;0.8613;0.86142;0.86136;0;T;True;2
1621222715000;11490486;0.8613;0.86142;0.86136;0;T;True;2
1621222716000;11490487;0.8613;0.86142;0.86136;0;T;True;2
1621222717000;11490488;0.8613;0.86142;0.86136;0;T;True;2
1621222718000;11490489;0.8613;0.86142;0.86136;0;T;True;2
1621222719000;11490490;0.8613;0.86142;0.86136;0;T;True;2
1621222720000;11490491;0.8613;0.86142;0.86136;0;T;True;2
1621222721000;11490492;0.8613;0.86142;0.86136;0;T;True;2
1621222722000;11490493;0.8613;0.86142;0.86136;0;T;True;2
1621222723000;11490494;0.8613;0.86142;0.86136;0;T;True;2
1621222724000;11490495;0.8613;0.86142;0.86136;0;T;True;2
1621222725000;11490496;0.8613;0.86142;0.86136;0;T;True;2
1621222726000;11490497;0.8613;0.86142;0.86136;0;T;True;2
1621222727000;11490498;0.8613;0.86142;0.86136;0;T;True;2
1621222728000;11490499;0.8613;0.86142;0.86136;0;T;True;2
1621222729000;11490500;0.8613;0.86142;0.86136;0;T;True;2
1621222730000;11490501;0.8613;0.86142;0.86136;0;T;True;2
1621222731000;11490502;0.8613;0.86142;0.86136;0;T;True;2
1621222732000;11490503;0.8613;0.86142;0.86136;0;T;True;2
1621222733000;11490504;0.8613;0.86142;0.86136;0;T;True;2
1621222734000;11490505;0.8613;0.86142;0.86136;0;T;True;2
1621222735000;11490506;0.8613;0.86142;0.86136;0;T;True;2
1621222736000;11490507;0.8613;0.86142;0.86136;0;T;True;2
1621222737000;11490508;0.8613;0.86142;0.86136;0;T;True;2
1621222738000;11490509;0.8613;0.86142;0.86136;0;T;True;2
1621222739000;11490510;0.8613;0.86142;0.86136;0;T;True;2
1621222740000;11490511;0.8613;0.86142;0.86136;0;T;True;2
1621222741000;11490512;0.8613;0.86142;0.86136;0;T;True;2
1621222742000;11490513;0.8613;0.86142;0.86136;0;T;True;2
1621222743000;11490514;0.8613;0.86142;0.86136;0;T;True;2
1621222744000;11490515;0.8613;0.86142;0.86136;0;T;True;2
1621222745000;11490516;0.8613;0.86142;0.86136;0;T;True;2
1621222746000;11490517;0.8613;0.86142;0.86136;0;T;True;2
1621222747000;11490518;0.8613;0.86142;0.86136;0;T;True;2
1621222748000;11490519;0.8613;0.86142;0.86136;0;T;True;2
1621222749000;11490520;0.8613;0.86142;0.86136;0;T;True;2
1621222750000;11490521;0.8613;0.86142;0.86136;0;T;True;2
1621222751000;11490522;0.8613;0.86142;0.86136;0;T;True;2
1621222752000;11490523;0.8613;0.86142;0.86136;0;T;True;2
1621222753000;11490524;0.8613;0.86142;0.86136;0;T;True;2
1621222754000;11490525;0.8613;0.86142;0.86136;0;T;True;2
1621222755000;11490526;0.8613;0.86142;0.86136;0;T;True;2
1621222756000;11490527;0.8613;0.86142;0.86136;0;T;True;2
1621222757000;11490528;0.8613;0.86142;0.86136;0;T;True;2
1621222758000;11490529;0.8613;0.86142;0.86136;0;T;True;2
1621222759000;11490530;0.8613;0.86142;0.86136;0;T;True;2
1621222760000;11490531;0.8613;0.86142;0.86136;0;T;True;2
1621222761000;11490532;0.8613;0.86142;0.86136;0;T;True;2
1621222762000;11490533;0.8613;0.86142;0.86136;0;T;True;2
1621222763000;11490534;0.8613;0.86142;0.86136;0;T;True;2
1621222764000;11490535;0.8613;0.86142;0.86136;0;T;True;2
1621222765000;11490536;0.8613;0.86142;0.86136;0;T;True;2
1621222766000;11490537;0.8613;0.86142;0.86136;0;T;True;2
1621222767000;11490538;0.8613;0.86142;0.86136;0;T;True;2
1621222768000;11490540;0.86129;0.86141;0.86135;1;T;True;2
1621222769000;11490541;0.86129;0.86141;0.86135;0;T;True;2
1621222770000;11490542;0.86129;0.86141;0.86135;0;T;True;2
1621222771000;11490543;0.86129;0.86141;0.86135;0;T;True;2
1621222772000;11490544;0.86129;0.86141;0.86135;0;T;True;2
1621222773000;11490545;0.86129;0.86141;0.86135;0;T;True;2
1621222774000;11490546;0.86129;0.86141;0.86135;0;T;True;2
1621222775000;11490547;0.86129;0.86141;0.86135;0;T;True;2
1621222776000;11490548;0.86129;0.86141;0.86135;0;T;True;2
1621222777000;11490549;0.86129;0.86141;0.86135;0;T;True;2
1621222778000;11490550;0.86129;0.86141;0.86135;0;T;True;2
1621222779000;11490551;0.86129;0.86141;0.86135;0;T;True;2
1621222780000;11490552;0.86129;0.86141;0.86135;0;T;True;2
1621222781000;11490554;0.86129;0.86141;0.86135;1;T;True;2
1621222782000;11490555;0.86129;0.86141;0.86135;0;T;True;2
1621222783000;11490556;0.86129;0.86141;0.86135;0;T;True;2
1621222784000;11490557;0.86129;0.86141;0.86135;0;T;True;2
1621222785000;11490559;0.86129;0.86141;0.86135;1;T;True;2
1621222786000;11490560;0.86129;0.86141;0.86135;0;T;True;2
1621222787000;11490563;0.86129;0.86141;0.86135;2;T;True;2
1621222788000;11490564;0.86129;0.86141;0.86135;0;T;True;2
1621222789000;11490565;0.86129;0.86141;0.86135;0;T;True;2
1621222790000;11490566;0.86129;0.86141;0.86135;0;T;True;2
1621222791000;11490567;0.86129;0.86141;0.86135;0;T;True;2
1621222792000;11490568;0.86129;0.86141;0.86135;0;T;True;2
1621222793000;11490569;0.86129;0.86141;0.86135;0;T;True;2
1621222794000;11490570;0.86129;0.86141;0.86135;0;T;True;2
1621222795000;11490571;0.86129;0.86141;0.86135;0;T;True;2
1621222796000;11490573;0.86129;0.86141;0.86135;1;T;True;2
1621222797000;11490574;0.86129;0.86141;0.86135;0;T;True;2
1621222798000;11490575;0.86129;0.86141;0.86135;0;T;True;2
1621222799000;11490576;0.86129;0.86141;0.86135;0;T;True;2
1621222800000;11490580;0.86125;0.86137;0.86131;3;T;True;2
1621222801000;11490581;0.86125;0.86137;0.86131;0;T;True;2
1621222802000;11490582;0.86125;0.86137;0.86131;0;T;True;2
1621222803000;11490583;0.86125;0.86137;0.86131;0;T;True;2
1621222804000;11490585;0.86125;0.86137;0.86131;1;T;True;2
1621222805000;11490586;0.86125;0.86137;0.86131;0;T;True;2
1621222806000;11490587;0.86125;0.86137;0.86131;0;T;True;2
1621222807000;11490588;0.86125;0.86137;0.86131;0;T;True;2
1621222808000;11490589;0.86125;0.86137;0.86131;0;T;True;2
1621222809000;11490591;0.86125;0.86137;0.86131;1;T;True;2
1621222810000;11490592;0.86125;0.86137;0.86131;0;T;True;2
1621222811000;11490593;0.86125;0.86137;0.86131;0;T;True;2
1621222812000;11490594;0.86125;0.86137;0.86131;0;T;True;2
1621222813000;11490595;0.86125;0.86137;0.86131;0;T;True;2
1621222814000;11490598;0.86125;0.86137;0.86131;2;T;True;2
1621222815000;11490600;0.86125;0.86137;0.86131;1;T;True;2
1621222816000;11490601;0.86125;0.86137;0.86131;0;T;True;2
1621222817000;11490602;0.86125;0.86137;0.86131;0;T;True;2
1621222818000;11490603;0.86125;0.86137;0.86131;0;T;True;2
1621222819000;11490604;0.86125;0.86137;0.86131;0;T;True;2
1621222820000;11490605;0.86125;0.86137;0.86131;0;T;True;2
1621222821000;11490606;0.86125;0.86137;0.86131;0;T;True;2
1621222822000;11490607;0.86125;0.86137;0.86131;0;T;True;2
1621222823000;11490608;0.86125;0.86137;0.86131;0;T;True;2
1621222824000;11490609;0.86125;0.86137;0.86131;0;T;True;2
1621222825000;11490610;0.86125;0.86137;0.86131;0;T;True;2
1621222826000;11490611;0.86125;0.86137;0.86131;0;T;True;2
1621222827000;11490612;0.86125;0.86137;0.86131;0;T;True;2
1621222828000;11490613;0.86125;0.86137;0.86131;0;T;True;2
1621222829000;11490614;0.86125;0.86137;0.86131;0;T;True;2
1621222830000;11490615;0.86125;0.86137;0.86131;0;T;True;2
1621222831000;11490616;0.86125;0.86137;0.86131;0;T;True;2
1621222832000;11490617;0.86125;0.86137;0.86131;0;T;True;2
1621222833000;11490618;0.86125;0.86137;0.86131;0;T;True;2
1621222834000;11490619;0.86125;0.86137;0.86131;0;T;True;2
1621222835000;11490620;0.86125;0.86137;0.86131;0;T;True;2
1621222836000;11490621;0.86125;0.86137;0.86131;0;T;True;2
1621222837000;11490622;0.86125;0.86137;0.86131;0;T;True;2
1621222838000;11490623;0.86125;0.86137;0.86131;0;T;True;2
1621222839000;11490624;0.86125;0.86137;0.86131;0;T;True;2
1621222840000;11490625;0.86125;0.86137;0.86131;0;T;True;2
1621222841000;11490626;0.86125;0.86137;0.86131;0;T;True;2
1621222842000;11490627;0.86125;0.86137;0.86131;0;T;True;2
1621222843000;11490628;0.86125;0.86137;0.86131;0;T;True;2
1621222844000;11490629;0.86125;0.86137;0.86131;0;T;True;2
1621222845000;11490630;0.86125;0.86137;0.86131;0;T;True;2
1621222846000;11490631;0.86125;0.86137;0.86131;0;T;True;2
1621222847000;11490632;0.86125;0.86137;0.86131;0;T;True;2
1621222848000;11490633;0.86125;0.86137;0.86131;0;T;True;2
1621222849000;11490634;0.86125;0.86137;0.86131;0;T;True;2
1621222850000;11490635;0.86125;0.86137;0.86131;0;T;True;2
1621222851000;11490636;0.86125;0.86137;0.86131;0;T;True;2
1621222852000;11490637;0.86125;0.86137;0.86131;0;T;True;2
1621222853000;11490638;0.86125;0.86137;0.86131;0;T;True;2
1621222854000;11490639;0.86125;0.86137;0.86131;0;T;True;2
1621222855000;11490641;0.86124;0.86136;0.8613;1;T;True;2
1621222856000;11490642;0.86124;0.86136;0.8613;0;T;True;2
1621222857000;11490643;0.86124;0.86136;0.8613;0;T;True;2
1621222858000;11490644;0.86124;0.86136;0.8613;0;T;True;2
1621222859000;11490647;0.86122;0.86134;0.86128;2;T;True;2
1621222860000;11490648;0.86122;0.86134;0.86128;0;T;True;2
1621222861000;11490650;0.86121;0.86133;0.86127;1;T;True;2
1621222862000;11490651;0.86121;0.86133;0.86127;0;T;True;2
1621222863000;11490652;0.86121;0.86133;0.86127;0;T;True;2
1621222864000;11490655;0.86121;0.86133;0.86127;2;T;True;2
1621222865000;11490656;0.86121;0.86133;0.86127;0;T;True;2
1621222866000;11490660;0.86122;0.86134;0.86128;3;T;True;2
1621222867000;11490661;0.86122;0.86134;0.86128;0;T;True;2
1621222868000;11490662;0.86122;0.86134;0.86128;0;T;True;2
1621222869000;11490664;0.86123;0.86135;0.86129;1;T;True;2
1621222870000;11490665;0.86123;0.86135;0.86129;0;T;True;2
1621222871000;11490666;0.86123;0.86135;0.86129;0;T;True;2
1621222872000;11490667;0.86123;0.86135;0.86129;0;T;True;2
1621222873000;11490668;0.86123;0.86135;0.86129;0;T;True;2
1621222874000;11490669;0.86123;0.86135;0.86129;0;T;True;2
1621222875000;11490674;0.86123;0.86135;0.86129;4;T;True;2
1621222876000;11490675;0.86123;0.86135;0.86129;0;T;True;2
1621222877000;11490676;0.86123;0.86135;0.86129;0;T;True;2
1621222878000;11490677;0.86123;0.86135;0.86129;0;T;True;2
1621222879000;11490678;0.86123;0.86135;0.86129;0;T;True;2
1621222880000;11490679;0.86123;0.86135;0.86129;0;T;True;2
1621222881000;11490680;0.86123;0.86135;0.86129;0;T;True;2
1621222882000;11490681;0.86123;0.86135;0.86129;0;T;True;2
1621222883000;11490682;0.86123;0.86135;0.86129;0;T;True;2
1621222884000;11490684;0.86123;0.86135;0.86129;1;T;True;2
1621222885000;11490685;0.86123;0.86135;0.86129;0;T;True;2
1621222886000;11490687;0.86123;0.86135;0.86129;1;T;True;2
1621222887000;11490688;0.86123;0.86135;0.86129;0;T;True;2
1621222888000;11490689;0.86123;0.86135;0.86129;0;T;True;2
1621222889000;11490690;0.86123;0.86135;0.86129;0;T;True;2
1621222890000;11490691;0.86123;0.86135;0.86129;0;T;True;2
1621222891000;11490692;0.86123;0.86135;0.86129;0;T;True;2
1621222892000;11490693;0.86123;0.86135;0.86129;0;T;True;2
1621222893000;11490695;0.86123;0.86135;0.86129;1;T;True;2
1621222894000;11490696;0.86123;0.86135;0.86129;0;T;True;2
1621222895000;11490697;0.86123;0.86135;0.86129;0;T;True;2
1621222896000;11490698;0.86123;0.86135;0.86129;0;T;True;2
1621222897000;11490699;0.86123;0.86135;0.86129;0;T;True;2
1621222898000;11490700;0.86123;0.86135;0.86129;0;T;True;2
1621222899000;11490701;0.86123;0.86135;0.86129;0;T;True;2
1621222900000;11490702;0.86123;0.86135;0.86129;0;T;True;2
1621222901000;11490703;0.86123;0.86135;0.86129;0;T;True;2
1621222902000;11490704;0.86123;0.86135;0.86129;0;T;True;2
1621222903000;11490705;0.86123;0.86135;0.86129;0;T;True;2
1621222904000;11490706;0.86123;0.86135;0.86129;0;T;True;2
1621222905000;11490707;0.86123;0.86135;0.86129;0;T;True;2
1621222906000;11490709;0.86123;0.86135;0.86129;1;T;True;2
1621222907000;11490710;0.86123;0.86135;0.86129;0;T;True;2
1621222908000;11490713;0.86125;0.86137;0.86131;2;T;True;2
1621222909000;11490714;0.86125;0.86137;0.86131;0;T;True;2
1621222910000;11490715;0.86125;0.86137;0.86131;0;T;True;2
1621222911000;11490716;0.86125;0.86137;0.86131;0;T;True;2
1621222912000;11490717;0.86125;0.86137;0.86131;0;T;True;2
1621222913000;11490718;0.86125;0.86137;0.86131;0;T;True;2
1621222914000;11490719;0.86125;0.86137;0.86131;0;T;True;2
1621222915000;11490722;0.86126;0.86138;0.86132;2;T;True;2
1621222916000;11490724;0.86126;0.86138;0.86132;1;T;True;2
1621222917000;11490725;0.86126;0.86138;0.86132;0;T;True;2
1621222918000;11490726;0.86126;0.86138;0.86132;0;T;True;2
1621222919000;11490727;0.86126;0.86138;0.86132;0;T;True;2
1621222920000;11490728;0.86126;0.86138;0.86132;0;T;True;2
1621222921000;11490729;0.86126;0.86138;0.86132;0;T;True;2
1621222922000;11490730;0.86126;0.86138;0.86132;0;T;True;2
1621222923000;11490731;0.86126;0.86138;0.86132;0;T;True;2
1621222924000;11490732;0.86126;0.86138;0.86132;0;T;True;2
1621222925000;11490734;0.86126;0.86138;0.86132;1;T;True;2
1621222926000;11490737;0.86126;0.86138;0.86132;2;T;True;2
1621222927000;11490738;0.86126;0.86138;0.86132;0;T;True;2
1621222928000;11490739;0.86126;0.86138;0.86132;0;T;True;2
1621222929000;11490740;0.86126;0.86138;0.86132;0;T;True;2
1621222930000;11490741;0.86126;0.86138;0.86132;0;T;True;2
1621222931000;11490742;0.86126;0.86138;0.86132;0;T;True;2
1621222932000;11490743;0.86126;0.86138;0.86132;0;T;True;2
1621222933000;11490744;0.86126;0.86138;0.86132;0;T;True;2
1621222934000;11490745;0.86126;0.86138;0.86132;0;T;True;2
1621222935000;11490746;0.86126;0.86138;0.86132;0;T;True;2
1621222936000;11490747;0.86126;0.86138;0.86132;0;T;True;2
1621222937000;11490748;0.86126;0.86138;0.86132;0;T;True;2
1621222938000;11490749;0.86126;0.86138;0.86132;0;T;True;2
1621222939000;11490750;0.86126;0.86138;0.86132;0;T;True;2
1621222940000;11490751;0.86126;0.86138;0.86132;0;T;True;2
1621222941000;11490752;0.86126;0.86138;0.86132;0;T;True;2
1621222942000;11490753;0.86126;0.86138;0.86132;0;T;True;2
1621222943000;11490754;0.86126;0.86138;0.86132;0;T;True;2
1621222944000;11490755;0.86126;0.86138;0.86132;0;T;True;2
1621222945000;11490756;0.86126;0.86138;0.86132;0;T;True;2
1621222946000;11490757;0.86126;0.86138;0.86132;0;T;True;2
1621222947000;11490758;0.86126;0.86138;0.86132;0;T;True;2
1621222948000;11490759;0.86126;0.86138;0.86132;0;T;True;2
1621222949000;11490760;0.86126;0.86138;0.86132;0;T;True;2
1621222950000;11490762;0.86126;0.86138;0.86132;1;T;True;2
1621222951000;11490763;0.86126;0.86138;0.86132;0;T;True;2
1621222952000;11490764;0.86126;0.86138;0.86132;0;T;True;2
1621222953000;11490765;0.86126;0.86138;0.86132;0;T;True;2
1621222954000;11490766;0.86126;0.86138;0.86132;0;T;True;2
1621222955000;11490767;0.86126;0.86138;0.86132;0;T;True;2
1621222956000;11490768;0.86126;0.86138;0.86132;0;T;True;2
1621222957000;11490769;0.86126;0.86138;0.86132;0;T;True;2
1621222958000;11490770;0.86126;0.86138;0.86132;0;T;True;2
1621222959000;11490771;0.86126;0.86138;0.86132;0;T;True;2
1621222960000;11490772;0.86126;0.86138;0.86132;0;T;True;2
1621222961000;11490774;0.86126;0.86138;0.86132;1;T;True;2
1621222962000;11490775;0.86126;0.86138;0.86132;0;T;True;2
1621222963000;11490776;0.86126;0.86138;0.86132;0;T;True;2
1621222964000;11490777;0.86126;0.86138;0.86132;0;T;True;2
1621222965000;11490778;0.86126;0.86138;0.86132;0;T;True;2
1621222966000;11490779;0.86126;0.86138;0.86132;0;T;True;2
1621222967000;11490780;0.86126;0.86138;0.86132;0;T;True;2
1621222968000;11490781;0.86126;0.86138;0.86132;0;T;True;2
1621222969000;11490782;0.86126;0.86138;0.86132;0;T;True;2
1621222970000;11490784;0.86126;0.86138;0.86132;1;T;True;2
1621222971000;11490785;0.86126;0.86138;0.86132;0;T;True;2
1621222972000;11490787;0.86126;0.86138;0.86132;1;T;True;2
1621222973000;11490788;0.86126;0.86138;0.86132;0;T;True;2
1621222974000;11490790;0.86126;0.86138;0.86132;1;T;True;2
1621222975000;11490791;0.86126;0.86138;0.86132;0;T;True;2
1621222976000;11490792;0.86126;0.86138;0.86132;0;T;True;2
1621222977000;11490793;0.86126;0.86138;0.86132;0;T;True;2
1621222978000;11490794;0.86126;0.86138;0.86132;0;T;True;2
1621222979000;11490795;0.86126;0.86138;0.86132;0;T;True;2
1621222980000;11490796;0.86126;0.86138;0.86132;0;T;True;2
1621222981000;11490797;0.86126;0.86138;0.86132;0;T;True;2
1621222982000;11490798;0.86126;0.86138;0.86132;0;T;True;2
1621222983000;11490799;0.86126;0.86138;0.86132;0;T;True;2
1621222984000;11490800;0.86126;0.86138;0.86132;0;T;True;2
1621222985000;11490801;0.86126;0.86138;0.86132;0;T;True;2
1621222986000;11490802;0.86126;0.86138;0.86132;0;T;True;2
1621222987000;11490803;0.86126;0.86138;0.86132;0;T;True;2
1621222988000;11490804;0.86126;0.86138;0.86132;0;T;True;2
1621222989000;11490805;0.86126;0.86138;0.86132;0;T;True;2
1621222990000;11490806;0.86126;0.86138;0.86132;0;T;True;2
1621222991000;11490807;0.86126;0.86138;0.86132;0;T;True;2
1621222992000;11490808;0.86126;0.86138;0.86132;0;T;True;2
1621222993000;11490809;0.86126;0.86138;0.86132;0;T;True;2
1621222994000;11490810;0.86126;0.86138;0.86132;0;T;True;2
1621222995000;11490811;0.86126;0.86138;0.86132;0;T;True;2
1621222996000;11490812;0.86126;0.86138;0.86132;0;T;True;2
1621222997000;11490813;0.86126;0.86138;0.86132;0;T;True;2
1621222998000;11490814;0.86126;0.86138;0.86132;0;T;True;2
1621222999000;11490815;0.86126;0.86138;0.86132;0;T;True;2
1621223000000;11490816;0.86126;0.86138;0.86132;0;T;True;2
1621223001000;11490817;0.86126;0.86138;0.86132;0;T;True;2
1621223002000;11490818;0.86126;0.86138;0.86132;0;T;True;2
1621223003000;11490819;0.86126;0.86138;0.86132;0;T;True;2
1621223004000;11490825;0.86123;0.86135;0.86129;5;T;True;2
1621223005000;11490826;0.86123;0.86135;0.86129;0;T;True;2
1621223006000;11490827;0.86123;0.86135;0.86129;0;T;True;2
1621223007000;11490829;0.86123;0.86135;0.86129;1;T;True;2
1621223008000;11490830;0.86123;0.86135;0.86129;0;T;True;2
1621223009000;11490831;0.86123;0.86135;0.86129;0;T;True;2
1621223010000;11490832;0.86123;0.86135;0.86129;0;T;True;2
1621223011000;11490834;0.86121;0.86133;0.86127;1;T;True;2
1621223012000;11490835;0.86121;0.86133;0.86127;0;T;True;2
1621223013000;11490836;0.86121;0.86133;0.86127;0;T;True;2
1621223014000;11490837;0.86121;0.86133;0.86127;0;T;True;2
1621223015000;11490838;0.86121;0.86133;0.86127;0;T;True;2
1621223016000;11490839;0.86121;0.86133;0.86127;0;T;True;2
1621223017000;11490840;0.86121;0.86133;0.86127;0;T;True;2
1621223018000;11490841;0.86121;0.86133;0.86127;0;T;True;2
1621223019000;11490842;0.86121;0.86133;0.86127;0;T;True;2
1621223020000;11490843;0.86121;0.86133;0.86127;0;T;True;2
1621223021000;11490844;0.86121;0.86133;0.86127;0;T;True;2
1621223022000;11490845;0.86121;0.86133;0.86127;0;T;True;2
1621223023000;11490846;0.86121;0.86133;0.86127;0;T;True;2
1621223024000;11490847;0.86121;0.86133;0.86127;0;T;True;2
1621223025000;11490848;0.86121;0.86133;0.86127;0;T;True;2
1621223026000;11490849;0.86121;0.86133;0.86127;0;T;True;2
1621223027000;11490850;0.86121;0.86133;0.86127;0;T;True;2
1621223028000;11490851;0.86121;0.86133;0.86127;0;T;True;2
1621223029000;11490852;0.86121;0.86133;0.86127;0;T;True;2
1621223030000;11490853;0.86121;0.86133;0.86127;0;T;True;2
1621223031000;11490855;0.8612;0.86132;0.86126;1;T;True;2
1621223032000;11490856;0.8612;0.86132;0.86126;0;T;True;2
1621223033000;11490857;0.8612;0.86132;0.86126;0;T;True;2
1621223034000;11490858;0.8612;0.86132;0.86126;0;T;True;2
1621223035000;11490859;0.8612;0.86132;0.86126;0;T;True;2
1621223036000;11490860;0.8612;0.86132;0.86126;0;T;True;2
1621223037000;11490861;0.8612;0.86132;0.86126;0;T;True;2
1621223038000;11490862;0.8612;0.86132;0.86126;0;T;True;2
1621223039000;11490863;0.8612;0.86132;0.86126;0;T;True;2
1621223040000;11490864;0.8612;0.86132;0.86126;0;T;True;2
1621223041000;11490865;0.8612;0.86132;0.86126;0;T;True;2
1621223042000;11490866;0.8612;0.86132;0.86126;0;T;True;2
1621223043000;11490867;0.8612;0.86132;0.86126;0;T;True;2
1621223044000;11490868;0.8612;0.86132;0.86126;0;T;True;2
1621223045000;11490869;0.8612;0.86132;0.86126;0;T;True;2
1621223046000;11490870;0.8612;0.86132;0.86126;0;T;True;2
1621223047000;11490871;0.8612;0.86132;0.86126;0;T;True;2
1621223048000;11490872;0.8612;0.86132;0.86126;0;T;True;2
1621223049000;11490873;0.8612;0.86132;0.86126;0;T;True;2
1621223050000;11490874;0.8612;0.86132;0.86126;0;T;True;2
1621223051000;11490875;0.8612;0.86132;0.86126;0;T;True;2
1621223052000;11490876;0.8612;0.86132;0.86126;0;T;True;2
1621223053000;11490877;0.8612;0.86132;0.86126;0;T;True;2
1621223054000;11490878;0.8612;0.86132;0.86126;0;T;True;2
1621223055000;11490879;0.8612;0.86132;0.86126;0;T;True;2
1621223056000;11490880;0.8612;0.86132;0.86126;0;T;True;2
1621223057000;11490881;0.8612;0.86132;0.86126;0;T;True;2
1621223058000;11490882;0.8612;0.86132;0.86126;0;T;True;2
1621223059000;11490883;0.8612;0.86132;0.86126;0;T;True;2
1621223060000;11490884;0.8612;0.86132;0.86126;0;T;True;2
1621223061000;11490885;0.8612;0.86132;0.86126;0;T;True;2
1621223062000;11490886;0.8612;0.86132;0.86126;0;T;True;2
1621223063000;11490887;0.8612;0.86132;0.86126;0;T;True;2
1621223064000;11490888;0.8612;0.86132;0.86126;0;T;True;2
1621223065000;11490889;0.8612;0.86132;0.86126;0;T;True;2
1621223066000;11490890;0.8612;0.86132;0.86126;0;T;True;2
1621223067000;11490891;0.8612;0.86132;0.86126;0;T;True;2
1621223068000;11490892;0.8612;0.86132;0.86126;0;T;True;2
1621223069000;11490893;0.8612;0.86132;0.86126;0;T;True;2
1621223070000;11490894;0.8612;0.86132;0.86126;0;T;True;2
1621223071000;11490895;0.8612;0.86132;0.86126;0;T;True;2
1621223072000;11490896;0.8612;0.86132;0.86126;0;T;True;2
1621223073000;11490897;0.8612;0.86132;0.86126;0;T;True;2
1621223074000;11490898;0.8612;0.86132;0.86126;0;T;True;2
1621223075000;11490899;0.8612;0.86132;0.86126;0;T;True;2
1621223076000;11490900;0.8612;0.86132;0.86126;0;T;True;2
1621223077000;11490901;0.8612;0.86132;0.86126;0;T;True;2
1621223078000;11490902;0.8612;0.86132;0.86126;0;T;True;2
1621223079000;11490903;0.8612;0.86132;0.86126;0;T;True;2
1621223080000;11490904;0.8612;0.86132;0.86126;0;T;True;2
1621223081000;11490905;0.8612;0.86132;0.86126;0;T;True;2
1621223082000;11490906;0.8612;0.86132;0.86126;0;T;True;2
1621223083000;11490907;0.8612;0.86132;0.86126;0;T;True;2
1621223084000;11490908;0.8612;0.86132;0.86126;0;T;True;2
1621223085000;11490909;0.8612;0.86132;0.86126;0;T;True;2
1621223086000;11490910;0.8612;0.86132;0.86126;0;T;True;2
1621223087000;11490911;0.8612;0.86132;0.86126;0;T;True;2
1621223088000;11490912;0.8612;0.86132;0.86126;0;T;True;2
1621223089000;11490913;0.8612;0.86132;0.86126;0;T;True;2
1621223090000;11490914;0.8612;0.86132;0.86126;0;T;True;2
1621223091000;11490915;0.8612;0.86132;0.86126;0;T;True;2
1621223092000;11490916;0.8612;0.86132;0.86126;0;T;True;2
1621223093000;11490921;0.86115;0.86127;0.86121;4;T;True;2
1621223094000;11490922;0.86115;0.86127;0.86121;0;T;True;2
1621223095000;11490923;0.86115;0.86127;0.86121;0;T;True;2
1621223096000;11490924;0.86115;0.86127;0.86121;0;T;True;2
1621223097000;11490925;0.86115;0.86127;0.86121;0;T;True;2
1621223098000;11490926;0.86115;0.86127;0.86121;0;T;True;2
1621223099000;11490927;0.86115;0.86127;0.86121;0;T;True;2
1621223100000;11490928;0.86115;0.86127;0.86121;0;T;True;2
1621223101000;11490930;0.86115;0.86127;0.86121;1;T;True;2
1621223102000;11490931;0.86115;0.86127;0.86121;0;T;True;2
1621223103000;11490933;0.86115;0.86127;0.86121;1;T;True;2
1621223104000;11490934;0.86115;0.86127;0.86121;0;T;True;2
1621223105000;11490936;0.86115;0.86127;0.86121;1;T;True;2
1621223106000;11490939;0.86117;0.86129;0.86123;2;T;True;2
1621223107000;11490940;0.86117;0.86129;0.86123;0;T;True;2
1621223108000;11490941;0.86117;0.86129;0.86123;0;T;True;2
1621223109000;11490942;0.86117;0.86129;0.86123;0;T;True;2
1621223110000;11490943;0.86117;0.86129;0.86123;0;T;True;2
1621223111000;11490946;0.86119;0.86131;0.86125;2;T;True;2
1621223112000;11490947;0.86119;0.86131;0.86125;0;T;True;2
1621223113000;11490948;0.86119;0.86131;0.86125;0;T;True;2
1621223114000;11490949;0.86119;0.86131;0.86125;0;T;True;2
1621223115000;11490950;0.86119;0.86131;0.86125;0;T;True;2
1621223116000;11490951;0.86119;0.86131;0.86125;0;T;True;2
1621223117000;11490952;0.86119;0.86131;0.86125;0;T;True;2
1621223118000;11490953;0.86119;0.86131;0.86125;0;T;True;2
1621223119000;11490954;0.86119;0.86131;0.86125;0;T;True;2
1621223120000;11490955;0.86119;0.86131;0.86125;0;T;True;2
1621223121000;11490957;0.8612;0.86132;0.86126;1;T;True;2
1621223122000;11490958;0.8612;0.86132;0.86126;0;T;True;2
1621223123000;11490959;0.8612;0.86132;0.86126;0;T;True;2
1621223124000;11490960;0.8612;0.86132;0.86126;0;T;True;2
1621223125000;11490961;0.8612;0.86132;0.86126;0;T;True;2
1621223126000;11490962;0.8612;0.86132;0.86126;0;T;True;2
1621223127000;11490963;0.8612;0.86132;0.86126;0;T;True;2
1621223128000;11490964;0.8612;0.86132;0.86126;0;T;True;2
1621223129000;11490965;0.8612;0.86132;0.86126;0;T;True;2
1621223130000;11490966;0.8612;0.86132;0.86126;0;T;True;2
1621223131000;11490967;0.8612;0.86132;0.86126;0;T;True;2
1621223132000;11490968;0.8612;0.86132;0.86126;0;T;True;2
1621223133000;11490969;0.8612;0.86132;0.86126;0;T;True;2
1621223134000;11490970;0.8612;0.86132;0.86126;0;T;True;2
1621223135000;11490971;0.8612;0.86132;0.86126;0;T;True;2
1621223136000;11490972;0.8612;0.86132;0.86126;0;T;True;2
1621223137000;11490973;0.8612;0.86132;0.86126;0;T;True;2
1621223138000;11490974;0.8612;0.86132;0.86126;0;T;True;2
1621223139000;11490975;0.8612;0.86132;0.86126;0;T;True;2
1621223140000;11490976;0.8612;0.86132;0.86126;0;T;True;2
1621223141000;11490977;0.8612;0.86132;0.86126;0;T;True;2
1621223142000;11490978;0.8612;0.86132;0.86126;0;T;True;2
1621223143000;11490979;0.8612;0.86132;0.86126;0;T;True;2
1621223144000;11490980;0.8612;0.86132;0.86126;0;T;True;2
1621223145000;11490981;0.8612;0.86132;0.86126;0;T;True;2
1621223146000;11490982;0.8612;0.86132;0.86126;0;T;True;2
1621223147000;11490983;0.8612;0.86132;0.86126;0;T;True;2
1621223148000;11490984;0.8612;0.86132;0.86126;0;T;True;2
1621223149000;11490985;0.8612;0.86132;0.86126;0;T;True;2
1621223150000;11490986;0.8612;0.86132;0.86126;0;T;True;2
1621223151000;11490987;0.8612;0.86132;0.86126;0;T;True;2
1621223152000;11490988;0.8612;0.86132;0.86126;0;T;True;2
1621223153000;11490989;0.8612;0.86132;0.86126;0;T;True;2
1621223154000;11490990;0.8612;0.86132;0.86126;0;T;True;2
1621223155000;11490991;0.8612;0.86132;0.86126;0;T;True;2
1621223156000;11490992;0.8612;0.86132;0.86126;0;T;True;2
1621223157000;11490993;0.8612;0.86132;0.86126;0;T;True;2
1621223158000;11490994;0.8612;0.86132;0.86126;0;T;True;2
1621223159000;11490995;0.8612;0.86132;0.86126;0;T;True;2
1621223160000;11490996;0.8612;0.86132;0.86126;0;T;True;2
1621223161000;11490997;0.8612;0.86132;0.86126;0;T;True;2
1621223162000;11490998;0.8612;0.86132;0.86126;0;T;True;2
1621223163000;11490999;0.8612;0.86132;0.86126;0;T;True;2
1621223164000;11491000;0.8612;0.86132;0.86126;0;T;True;2
1621223165000;11491002;0.86119;0.86131;0.86125;1;T;True;2
1621223166000;11491004;0.86119;0.86131;0.86125;1;T;True;2
1621223167000;11491005;0.86119;0.86131;0.86125;0;T;True;2
1621223168000;11491006;0.86119;0.86131;0.86125;0;T;True;2
1621223169000;11491007;0.86119;0.86131;0.86125;0;T;True;2
1621223170000;11491008;0.86119;0.86131;0.86125;0;T;True;2
1621223171000;11491009;0.86119;0.86131;0.86125;0;T;True;2
1621223172000;11491011;0.86119;0.86131;0.86125;1;T;True;2
1621223173000;11491012;0.86119;0.86131;0.86125;0;T;True;2
1621223174000;11491013;0.86119;0.86131;0.86125;0;T;True;2
1621223175000;11491014;0.86119;0.86131;0.86125;0;T;True;2
1621223176000;11491015;0.86119;0.86131;0.86125;0;T;True;2
1621223177000;11491016;0.86119;0.86131;0.86125;0;T;True;2
1621223178000;11491017;0.86119;0.86131;0.86125;0;T;True;2
1621223179000;11491018;0.86119;0.86131;0.86125;0;T;True;2
1621223180000;11491019;0.86119;0.86131;0.86125;0;T;True;2
1621223181000;11491020;0.86119;0.86131;0.86125;0;T;True;2
1621223182000;11491021;0.86119;0.86131;0.86125;0;T;True;2
1621223183000;11491022;0.86119;0.86131;0.86125;0;T;True;2
1621223184000;11491023;0.86119;0.86131;0.86125;0;T;True;2
1621223185000;11491024;0.86119;0.86131;0.86125;0;T;True;2
1621223186000;11491025;0.86119;0.86131;0.86125;0;T;True;2
1621223187000;11491027;0.86119;0.86131;0.86125;1;T;True;2
1621223188000;11491028;0.86119;0.86131;0.86125;0;T;True;2
1621223189000;11491033;0.86121;0.86133;0.86127;4;T;True;2
1621223190000;11491034;0.86121;0.86133;0.86127;0;T;True;2
1621223191000;11491035;0.86121;0.86133;0.86127;0;T;True;2
1621223192000;11491036;0.86121;0.86133;0.86127;0;T;True;2
1621223193000;11491038;0.86121;0.86133;0.86127;1;T;True;2
1621223194000;11491039;0.86121;0.86133;0.86127;0;T;True;2
1621223195000;11491040;0.86121;0.86133;0.86127;0;T;True;2
1621223196000;11491043;0.86121;0.86133;0.86127;2;T;True;2
1621223197000;11491044;0.86121;0.86133;0.86127;0;T;True;2
1621223198000;11491047;0.86121;0.86133;0.86127;2;T;True;2
1621223199000;11491048;0.86121;0.86133;0.86127;0;T;True;2
1621223200000;11491049;0.86121;0.86133;0.86127;0;T;True;2
1621223201000;11491050;0.86121;0.86133;0.86127;0;T;True;2
1621223202000;11491051;0.86121;0.86133;0.86127;0;T;True;2
1621223203000;11491052;0.86121;0.86133;0.86127;0;T;True;2
1621223204000;11491054;0.86121;0.86133;0.86127;1;T;True;2
1621223205000;11491055;0.86121;0.86133;0.86127;0;T;True;2
1621223206000;11491056;0.86121;0.86133;0.86127;0;T;True;2
1621223207000;11491057;0.86121;0.86133;0.86127;0;T;True;2
1621223208000;11491058;0.86121;0.86133;0.86127;0;T;True;2
1621223209000;11491059;0.86121;0.86133;0.86127;0;T;True;2
1621223210000;11491060;0.86121;0.86133;0.86127;0;T;True;2
1621223211000;11491061;0.86121;0.86133;0.86127;0;T;True;2
1621223212000;11491062;0.86121;0.86133;0.86127;0;T;True;2
1621223213000;11491063;0.86121;0.86133;0.86127;0;T;True;2
1621223214000;11491064;0.86121;0.86133;0.86127;0;T;True;2
1621223215000;11491065;0.86121;0.86133;0.86127;0;T;True;2
1621223216000;11491066;0.86121;0.86133;0.86127;0;T;True;2
1621223217000;11491067;0.86121;0.86133;0.86127;0;T;True;2
1621223218000;11491068;0.86121;0.86133;0.86127;0;T;True;2
1621223219000;11491069;0.86121;0.86133;0.86127;0;T;True;2
1621223220000;11491070;0.86121;0.86133;0.86127;0;T;True;2
1621223221000;11491071;0.86121;0.86133;0.86127;0;T;True;2
1621223222000;11491072;0.86121;0.86133;0.86127;0;T;True;2
1621223223000;11491073;0.86121;0.86133;0.86127;0;T;True;2
1621223224000;11491074;0.86121;0.86133;0.86127;0;T;True;2
1621223225000;11491075;0.86121;0.86133;0.86127;0;T;True;2
1621223226000;11491076;0.86121;0.86133;0.86127;0;T;True;2
1621223227000;11491077;0.86121;0.86133;0.86127;0;T;True;2
1621223228000;11491078;0.86121;0.86133;0.86127;0;T;True;2
1621223229000;11491079;0.86121;0.86133;0.86127;0;T;True;2
1621223230000;11491080;0.86121;0.86133;0.86127;0;T;True;2
1621223231000;11491081;0.86121;0.86133;0.86127;0;T;True;2
1621223232000;11491082;0.86121;0.86133;0.86127;0;T;True;2
1621223233000;11491084;0.86123;0.86135;0.86129;1;T;True;2
1621223234000;11491087;0.86124;0.86136;0.8613;2;T;True;2
1621223235000;11491088;0.86124;0.86136;0.8613;0;T;True;2
1621223236000;11491089;0.86124;0.86136;0.8613;0;T;True;2
1621223237000;11491090;0.86124;0.86136;0.8613;0;T;True;2
1621223238000;11491092;0.86125;0.86137;0.86131;1;T;True;2
1621223239000;11491094;0.86125;0.86137;0.86131;1;T;True;2
1621223240000;11491095;0.86125;0.86137;0.86131;0;T;True;2
1621223241000;11491096;0.86125;0.86137;0.86131;0;T;True;2
1621223242000;11491098;0.86126;0.86138;0.86132;1;T;True;2
1621223243000;11491099;0.86126;0.86138;0.86132;0;T;True;2
1621223244000;11491100;0.86126;0.86138;0.86132;0;T;True;2
1621223245000;11491101;0.86126;0.86138;0.86132;0;T;True;2
1621223246000;11491102;0.86126;0.86138;0.86132;0;T;True;2
1621223247000;11491103;0.86126;0.86138;0.86132;0;T;True;2
1621223248000;11491104;0.86126;0.86138;0.86132;0;T;True;2
1621223249000;11491105;0.86126;0.86138;0.86132;0;T;True;2
1621223250000;11491106;0.86126;0.86138;0.86132;0;T;True;2
1621223251000;11491108;0.86125;0.86137;0.86131;1;T;True;2
1621223252000;11491109;0.86125;0.86137;0.86131;0;T;True;2
1621223253000;11491111;0.86125;0.86137;0.86131;1;T;True;2
1621223254000;11491112;0.86125;0.86137;0.86131;0;T;True;2
1621223255000;11491113;0.86125;0.86137;0.86131;0;T;True;2
1621223256000;11491114;0.86125;0.86137;0.86131;0;T;True;2
1621223257000;11491115;0.86125;0.86137;0.86131;0;T;True;2
1621223258000;11491116;0.86125;0.86137;0.86131;0;T;True;2
1621223259000;11491117;0.86125;0.86137;0.86131;0;T;True;2
1621223260000;11491118;0.86125;0.86137;0.86131;0;T;True;2
1621223261000;11491120;0.86124;0.86136;0.8613;1;T;True;2
1621223262000;11491121;0.86124;0.86136;0.8613;0;T;True;2
1621223263000;11491122;0.86124;0.86136;0.8613;0;T;True;2
1621223264000;11491123;0.86124;0.86136;0.8613;0;T;True;2
1621223265000;11491124;0.86124;0.86136;0.8613;0;T;True;2
1621223266000;11491125;0.86124;0.86136;0.8613;0;T;True;2
1621223267000;11491126;0.86124;0.86136;0.8613;0;T;True;2
1621223268000;11491127;0.86124;0.86136;0.8613;0;T;True;2
1621223269000;11491130;0.86125;0.86137;0.86131;2;T;True;2
1621223270000;11491131;0.86125;0.86137;0.86131;0;T;True;2
1621223271000;11491132;0.86125;0.86137;0.86131;0;T;True;2
1621223272000;11491133;0.86125;0.86137;0.86131;0;T;True;2
1621223273000;11491134;0.86125;0.86137;0.86131;0;T;True;2
1621223274000;11491135;0.86125;0.86137;0.86131;0;T;True;2
1621223275000;11491136;0.86125;0.86137;0.86131;0;T;True;2
1621223276000;11491137;0.86125;0.86137;0.86131;0;T;True;2
1621223277000;11491138;0.86125;0.86137;0.86131;0;T;True;2
1621223278000;11491139;0.86125;0.86137;0.86131;0;T;True;2
1621223279000;11491140;0.86125;0.86137;0.86131;0;T;True;2
1621223280000;11491141;0.86125;0.86137;0.86131;0;T;True;2
1621223281000;11491142;0.86125;0.86137;0.86131;0;T;True;2
1621223282000;11491143;0.86125;0.86137;0.86131;0;T;True;2
1621223283000;11491144;0.86125;0.86137;0.86131;0;T;True;2
1621223284000;11491145;0.86125;0.86137;0.86131;0;T;True;2
1621223285000;11491146;0.86125;0.86137;0.86131;0;T;True;2
1621223286000;11491147;0.86125;0.86137;0.86131;0;T;True;2
1621223287000;11491148;0.86125;0.86137;0.86131;0;T;True;2
1621223288000;11491149;0.86125;0.86137;0.86131;0;T;True;2
1621223289000;11491150;0.86125;0.86137;0.86131;0;T;True;2
1621223290000;11491151;0.86125;0.86137;0.86131;0;T;True;2
1621223291000;11491152;0.86125;0.86137;0.86131;0;T;True;2
1621223292000;11491153;0.86125;0.86137;0.86131;0;T;True;2
1621223293000;11491154;0.86125;0.86137;0.86131;0;T;True;2
1621223294000;11491155;0.86125;0.86137;0.86131;0;T;True;2
1621223295000;11491156;0.86125;0.86137;0.86131;0;T;True;2
1621223296000;11491157;0.86125;0.86137;0.86131;0;T;True;2
1621223297000;11491158;0.86125;0.86137;0.86131;0;T;True;2
1621223298000;11491159;0.86125;0.86137;0.86131;0;T;True;2
1621223299000;11491160;0.86125;0.86137;0.86131;0;T;True;2
1621223300000;11491161;0.86125;0.86137;0.86131;0;T;True;2
1621223301000;11491162;0.86125;0.86137;0.86131;0;T;True;2
1621223302000;11491163;0.86125;0.86137;0.86131;0;T;True;2
1621223303000;11491164;0.86125;0.86137;0.86131;0;T;True;2
1621223304000;11491169;0.86121;0.86133;0.86127;4;T;True;2
1621223305000;11491170;0.86121;0.86133;0.86127;0;T;True;2
1621223306000;11491173;0.86119;0.86131;0.86125;2;T;True;2
1621223307000;11491177;0.86119;0.86131;0.86125;3;T;True;2
1621223308000;11491178;0.86119;0.86131;0.86125;0;T;True;2
1621223309000;11491179;0.86119;0.86131;0.86125;0;T;True;2
1621223310000;11491180;0.86119;0.86131;0.86125;0;T;True;2
1621223311000;11491181;0.86119;0.86131;0.86125;0;T;True;2
1621223312000;11491182;0.86119;0.86131;0.86125;0;T;True;2
1621223313000;11491183;0.86119;0.86131;0.86125;0;T;True;2
1621223314000;11491184;0.86119;0.86131;0.86125;0;T;True;2
1621223315000;11491185;0.86119;0.86131;0.86125;0;T;True;2
1621223316000;11491187;0.86117;0.86129;0.86123;1;T;True;2
1621223317000;11491189;0.86116;0.86128;0.86122;1;T;True;2
1621223318000;11491190;0.86116;0.86128;0.86122;0;T;True;2
1621223319000;11491191;0.86116;0.86128;0.86122;0;T;True;2
1621223320000;11491192;0.86116;0.86128;0.86122;0;T;True;2
1621223321000;11491193;0.86116;0.86128;0.86122;0;T;True;2
1621223322000;11491194;0.86116;0.86128;0.86122;0;T;True;2
1621223323000;11491195;0.86116;0.86128;0.86122;0;T;True;2
1621223324000;11491196;0.86116;0.86128;0.86122;0;T;True;2
1621223325000;11491197;0.86116;0.86128;0.86122;0;T;True;2
1621223326000;11491198;0.86116;0.86128;0.86122;0;T;True;2
1621223327000;11491199;0.86116;0.86128;0.86122;0;T;True;2
1621223328000;11491203;0.86116;0.86128;0.86122;3;T;True;2
1621223329000;11491205;0.86116;0.86128;0.86122;1;T;True;2
1621223330000;11491209;0.86116;0.86128;0.86122;3;T;True;2
1621223331000;11491210;0.86116;0.86128;0.86122;0;T;True;2
1621223332000;11491211;0.86116;0.86128;0.86122;0;T;True;2
1621223333000;11491213;0.86116;0.86128;0.86122;1;T;True;2
1621223334000;11491216;0.86116;0.86128;0.86122;2;T;True;2
1621223335000;11491217;0.86116;0.86128;0.86122;0;T;True;2
1621223336000;11491218;0.86116;0.86128;0.86122;0;T;True;2
1621223337000;11491219;0.86116;0.86128;0.86122;0;T;True;2
1621223338000;11491220;0.86116;0.86128;0.86122;0;T;True;2
1621223339000;11491221;0.86116;0.86128;0.86122;0;T;True;2
1621223340000;11491222;0.86116;0.86128;0.86122;0;T;True;2
1621223341000;11491223;0.86116;0.86128;0.86122;0;T;True;2
1621223342000;11491224;0.86116;0.86128;0.86122;0;T;True;2
1621223343000;11491226;0.86116;0.86128;0.86122;1;T;True;2
1621223344000;11491227;0.86116;0.86128;0.86122;0;T;True;2
1621223345000;11491228;0.86116;0.86128;0.86122;0;T;True;2
1621223346000;11491229;0.86116;0.86128;0.86122;0;T;True;2
1621223347000;11491230;0.86116;0.86128;0.86122;0;T;True;2
1621223348000;11491231;0.86116;0.86128;0.86122;0;T;True;2
1621223349000;11491232;0.86116;0.86128;0.86122;0;T;True;2
1621223350000;11491233;0.86116;0.86128;0.86122;0;T;True;2
1621223351000;11491234;0.86116;0.86128;0.86122;0;T;True;2
1621223352000;11491235;0.86116;0.86128;0.86122;0;T;True;2
1621223353000;11491238;0.86118;0.8613;0.86124;2;T;True;2
1621223354000;11491242;0.86116;0.86128;0.86122;3;T;True;2
1621223355000;11491243;0.86116;0.86128;0.86122;0;T;True;2
1621223356000;11491244;0.86116;0.86128;0.86122;0;T;True;2
1621223357000;11491245;0.86116;0.86128;0.86122;0;T;True;2
1621223358000;11491246;0.86116;0.86128;0.86122;0;T;True;2
1621223359000;11491249;0.86116;0.86128;0.86122;2;T;True;2
1621223360000;11491250;0.86116;0.86128;0.86122;0;T;True;2
1621223361000;11491251;0.86116;0.86128;0.86122;0;T;True;2
1621223362000;11491252;0.86116;0.86128;0.86122;0;T;True;2
1621223363000;11491254;0.86115;0.86127;0.86121;1;T;True;2
1621223364000;11491255;0.86115;0.86127;0.86121;0;T;True;2
1621223365000;11491256;0.86115;0.86127;0.86121;0;T;True;2
1621223366000;11491257;0.86115;0.86127;0.86121;0;T;True;2
1621223367000;11491258;0.86115;0.86127;0.86121;0;T;True;2
1621223368000;11491259;0.86115;0.86127;0.86121;0;T;True;2
1621223369000;11491260;0.86115;0.86127;0.86121;0;T;True;2
1621223370000;11491261;0.86115;0.86127;0.86121;0;T;True;2
1621223371000;11491262;0.86115;0.86127;0.86121;0;T;True;2
1621223372000;11491263;0.86115;0.86127;0.86121;0;T;True;2
1621223373000;11491265;0.86114;0.86126;0.8612;1;T;True;2
1621223374000;11491270;0.86116;0.86128;0.86122;4;T;True;2
1621223375000;11491271;0.86116;0.86128;0.86122;0;T;True;2
1621223376000;11491272;0.86116;0.86128;0.86122;0;T;True;2
1621223377000;11491273;0.86116;0.86128;0.86122;0;T;True;2
1621223378000;11491274;0.86116;0.86128;0.86122;0;T;True;2
1621223379000;11491275;0.86116;0.86128;0.86122;0;T;True;2
1621223380000;11491278;0.86117;0.86129;0.86123;2;T;True;2
1621223381000;11491279;0.86117;0.86129;0.86123;0;T;True;2
1621223382000;11491281;0.86117;0.86129;0.86123;1;T;True;2
1621223383000;11491283;0.86117;0.86129;0.86123;1;T;True;2
1621223384000;11491284;0.86117;0.86129;0.86123;0;T;True;2
1621223385000;11491285;0.86117;0.86129;0.86123;0;T;True;2
1621223386000;11491286;0.86117;0.86129;0.86123;0;T;True;2
1621223387000;11491287;0.86117;0.86129;0.86123;0;T;True;2
1621223388000;11491288;0.86117;0.86129;0.86123;0;T;True;2
1621223389000;11491289;0.86117;0.86129;0.86123;0;T;True;2
1621223390000;11491290;0.86117;0.86129;0.86123;0;T;True;2
1621223391000;11491291;0.86117;0.86129;0.86123;0;T;True;2
1621223392000;11491293;0.86117;0.86129;0.86123;1;T;True;2
1621223393000;11491294;0.86117;0.86129;0.86123;0;T;True;2
1621223394000;11491295;0.86117;0.86129;0.86123;0;T;True;2
1621223395000;11491296;0.86117;0.86129;0.86123;0;T;True;2
1621223396000;11491297;0.86117;0.86129;0.86123;0;T;True;2
1621223397000;11491298;0.86117;0.86129;0.86123;0;T;True;2
1621223398000;11491299;0.86117;0.86129;0.86123;0;T;True;2
1621223399000;11491300;0.86117;0.86129;0.86123;0;T;True;2
1621223400000;11491301;0.86117;0.86129;0.86123;0;T;True;2
1621223401000;11491303;0.86117;0.86129;0.86123;1;T;True;2
1621223402000;11491304;0.86117;0.86129;0.86123;0;T;True;2
1621223403000;11491305;0.86117;0.86129;0.86123;0;T;True;2
1621223404000;11491306;0.86117;0.86129;0.86123;0;T;True;2
1621223405000;11491307;0.86117;0.86129;0.86123;0;T;True;2
1621223406000;11491308;0.86117;0.86129;0.86123;0;T;True;2
1621223407000;11491309;0.86117;0.86129;0.86123;0;T;True;2
1621223408000;11491310;0.86117;0.86129;0.86123;0;T;True;2
1621223409000;11491311;0.86117;0.86129;0.86123;0;T;True;2
1621223410000;11491312;0.86117;0.86129;0.86123;0;T;True;2
1621223411000;11491313;0.86117;0.86129;0.86123;0;T;True;2
1621223412000;11491314;0.86117;0.86129;0.86123;0;T;True;2
1621223413000;11491315;0.86117;0.86129;0.86123;0;T;True;2
1621223414000;11491316;0.86117;0.86129;0.86123;0;T;True;2
1621223415000;11491317;0.86117;0.86129;0.86123;0;T;True;2
1621223416000;11491318;0.86117;0.86129;0.86123;0;T;True;2
1621223417000;11491319;0.86117;0.86129;0.86123;0;T;True;2
1621223418000;11491320;0.86117;0.86129;0.86123;0;T;True;2
1621223419000;11491321;0.86117;0.86129;0.86123;0;T;True;2
1621223420000;11491322;0.86117;0.86129;0.86123;0;T;True;2
1621223421000;11491324;0.86117;0.86129;0.86123;1;T;True;2
1621223422000;11491325;0.86117;0.86129;0.86123;0;T;True;2
1621223423000;11491328;0.86117;0.86129;0.86123;2;T;True;2
1621223424000;11491329;0.86117;0.86129;0.86123;0;T;True;2
1621223425000;11491330;0.86117;0.86129;0.86123;0;T;True;2
1621223426000;11491331;0.86117;0.86129;0.86123;0;T;True;2
1621223427000;11491332;0.86117;0.86129;0.86123;0;T;True;2
1621223428000;11491334;0.86117;0.86129;0.86123;1;T;True;2
1621223429000;11491335;0.86117;0.86129;0.86123;0;T;True;2
1621223430000;11491336;0.86117;0.86129;0.86123;0;T;True;2
1621223431000;11491337;0.86117;0.86129;0.86123;0;T;True;2
1621223432000;11491339;0.86117;0.86129;0.86123;1;T;True;2
1621223433000;11491340;0.86117;0.86129;0.86123;0;T;True;2
1621223434000;11491341;0.86117;0.86129;0.86123;0;T;True;2
1621223435000;11491342;0.86117;0.86129;0.86123;0;T;True;2
1621223436000;11491344;0.86117;0.86129;0.86123;1;T;True;2
1621223437000;11491348;0.86118;0.8613;0.86124;3;T;True;2
1621223438000;11491349;0.86118;0.8613;0.86124;0;T;True;2
1621223439000;11491350;0.86118;0.8613;0.86124;0;T;True;2
1621223440000;11491351;0.86118;0.8613;0.86124;0;T;True;2
1621223441000;11491352;0.86118;0.8613;0.86124;0;T;True;2
1621223442000;11491353;0.86118;0.8613;0.86124;0;T;True;2
1621223443000;11491354;0.86118;0.8613;0.86124;0;T;True;2
1621223444000;11491355;0.86118;0.8613;0.86124;0;T;True;2
1621223445000;11491356;0.86118;0.8613;0.86124;0;T;True;2
1621223446000;11491357;0.86118;0.8613;0.86124;0;T;True;2
1621223447000;11491358;0.86118;0.8613;0.86124;0;T;True;2
1621223448000;11491359;0.86118;0.8613;0.86124;0;T;True;2
1621223449000;11491360;0.86118;0.8613;0.86124;0;T;True;2
1621223450000;11491361;0.86118;0.8613;0.86124;0;T;True;2
1621223451000;11491362;0.86118;0.8613;0.86124;0;T;True;2
1621223452000;11491363;0.86118;0.8613;0.86124;0;T;True;2
1621223453000;11491364;0.86118;0.8613;0.86124;0;T;True;2
1621223454000;11491365;0.86118;0.8613;0.86124;0;T;True;2
1621223455000;11491366;0.86118;0.8613;0.86124;0;T;True;2
1621223456000;11491367;0.86118;0.8613;0.86124;0;T;True;2
1621223457000;11491368;0.86118;0.8613;0.86124;0;T;True;2
1621223458000;11491376;0.86115;0.86127;0.86121;7;T;True;2
1621223459000;11491377;0.86115;0.86127;0.86121;0;T;True;2
1621223460000;11491378;0.86115;0.86127;0.86121;0;T;True;2
1621223461000;11491379;0.86115;0.86127;0.86121;0;T;True;2
1621223462000;11491380;0.86115;0.86127;0.86121;0;T;True;2
1621223463000;11491381;0.86115;0.86127;0.86121;0;T;True;2
1621223464000;11491384;0.86116;0.86128;0.86122;2;T;True;2
1621223465000;11491385;0.86116;0.86128;0.86122;0;T;True;2
1621223466000;11491386;0.86116;0.86128;0.86122;0;T;True;2
1621223467000;11491389;0.86117;0.86129;0.86123;2;T;True;2
1621223468000;11491390;0.86117;0.86129;0.86123;0;T;True;2
1621223469000;11491391;0.86117;0.86129;0.86123;0;T;True;2
1621223470000;11491392;0.86117;0.86129;0.86123;0;T;True;2
1621223471000;11491394;0.86117;0.86129;0.86123;1;T;True;2
1621223472000;11491395;0.86117;0.86129;0.86123;0;T;True;2
1621223473000;11491396;0.86117;0.86129;0.86123;0;T;True;2
1621223474000;11491397;0.86117;0.86129;0.86123;0;T;True;2
1621223475000;11491398;0.86117;0.86129;0.86123;0;T;True;2
1621223476000;11491401;0.86116;0.86128;0.86122;2;T;True;2
1621223477000;11491402;0.86116;0.86128;0.86122;0;T;True;2
1621223478000;11491403;0.86116;0.86128;0.86122;0;T;True;2
1621223479000;11491404;0.86116;0.86128;0.86122;0;T;True;2
1621223480000;11491405;0.86116;0.86128;0.86122;0;T;True;2
1621223481000;11491406;0.86116;0.86128;0.86122;0;T;True;2
1621223482000;11491407;0.86116;0.86128;0.86122;0;T;True;2
1621223483000;11491408;0.86116;0.86128;0.86122;0;T;True;2
1621223484000;11491409;0.86116;0.86128;0.86122;0;T;True;2
1621223485000;11491410;0.86116;0.86128;0.86122;0;T;True;2
1621223486000;11491413;0.86116;0.86128;0.86122;2;T;True;2
1621223487000;11491414;0.86116;0.86128;0.86122;0;T;True;2
1621223488000;11491415;0.86116;0.86128;0.86122;0;T;True;2
1621223489000;11491416;0.86116;0.86128;0.86122;0;T;True;2
1621223490000;11491418;0.86117;0.86129;0.86123;1;T;True;2
1621223491000;11491419;0.86117;0.86129;0.86123;0;T;True;2
1621223492000;11491420;0.86117;0.86129;0.86123;0;T;True;2
1621223493000;11491421;0.86117;0.86129;0.86123;0;T;True;2
1621223494000;11491422;0.86117;0.86129;0.86123;0;T;True;2
1621223495000;11491423;0.86117;0.86129;0.86123;0;T;True;2
1621223496000;11491424;0.86117;0.86129;0.86123;0;T;True;2
1621223497000;11491425;0.86117;0.86129;0.86123;0;T;True;2
1621223498000;11491426;0.86117;0.86129;0.86123;0;T;True;2
1621223499000;11491427;0.86117;0.86129;0.86123;0;T;True;2
1621223500000;11491428;0.86117;0.86129;0.86123;0;T;True;2
1621223501000;11491429;0.86117;0.86129;0.86123;0;T;True;2
1621223502000;11491430;0.86117;0.86129;0.86123;0;T;True;2
1621223503000;11491431;0.86117;0.86129;0.86123;0;T;True;2
1621223504000;11491432;0.86117;0.86129;0.86123;0;T;True;2
1621223505000;11491433;0.86117;0.86129;0.86123;0;T;True;2
1621223506000;11491435;0.86117;0.86129;0.86123;1;T;True;2
1621223507000;11491436;0.86117;0.86129;0.86123;0;T;True;2
1621223508000;11491437;0.86117;0.86129;0.86123;0;T;True;2
1621223509000;11491438;0.86117;0.86129;0.86123;0;T;True;2
1621223510000;11491439;0.86117;0.86129;0.86123;0;T;True;2
1621223511000;11491440;0.86117;0.86129;0.86123;0;T;True;2
1621223512000;11491441;0.86117;0.86129;0.86123;0;T;True;2
1621223513000;11491442;0.86117;0.86129;0.86123;0;T;True;2
1621223514000;11491443;0.86117;0.86129;0.86123;0;T;True;2
1621223515000;11491444;0.86117;0.86129;0.86123;0;T;True;2
1621223516000;11491445;0.86117;0.86129;0.86123;0;T;True;2
1621223517000;11491446;0.86117;0.86129;0.86123;0;T;True;2
1621223518000;11491447;0.86117;0.86129;0.86123;0;T;True;2
1621223519000;11491448;0.86117;0.86129;0.86123;0;T;True;2
1621223520000;11491449;0.86117;0.86129;0.86123;0;T;True;2
1621223521000;11491450;0.86117;0.86129;0.86123;0;T;True;2
1621223522000;11491451;0.86117;0.86129;0.86123;0;T;True;2
1621223523000;11491452;0.86117;0.86129;0.86123;0;T;True;2
1621223524000;11491458;0.86113;0.86125;0.86119;5;T;True;2
1621223525000;11491460;0.86114;0.86126;0.8612;1;T;True;2
1621223526000;11491461;0.86114;0.86126;0.8612;0;T;True;2
1621223527000;11491462;0.86114;0.86126;0.8612;0;T;True;2
1621223528000;11491466;0.86114;0.86126;0.8612;3;T;True;2
1621223529000;11491467;0.86114;0.86126;0.8612;0;T;True;2
1621223530000;11491468;0.86114;0.86126;0.8612;0;T;True;2
1621223531000;11491469;0.86114;0.86126;0.8612;0;T;True;2
1621223532000;11491470;0.86114;0.86126;0.8612;0;T;True;2
1621223533000;11491471;0.86114;0.86126;0.8612;0;T;True;2
1621223534000;11491472;0.86114;0.86126;0.8612;0;T;True;2
1621223535000;11491473;0.86114;0.86126;0.8612;0;T;True;2
1621223536000;11491475;0.86113;0.86125;0.86119;1;T;True;2
1621223537000;11491476;0.86113;0.86125;0.86119;0;T;True;2
1621223538000;11491477;0.86113;0.86125;0.86119;0;T;True;2
1621223539000;11491478;0.86113;0.86125;0.86119;0;T;True;2
1621223540000;11491479;0.86113;0.86125;0.86119;0;T;True;2
1621223541000;11491480;0.86113;0.86125;0.86119;0;T;True;2
1621223542000;11491482;0.86113;0.86125;0.86119;1;T;True;2
1621223543000;11491483;0.86113;0.86125;0.86119;0;T;True;2
1621223544000;11491484;0.86113;0.86125;0.86119;0;T;True;2
1621223545000;11491485;0.86113;0.86125;0.86119;0;T;True;2
1621223546000;11491487;0.86113;0.86125;0.86119;1;T;True;2
1621223547000;11491488;0.86113;0.86125;0.86119;0;T;True;2
1621223548000;11491489;0.86113;0.86125;0.86119;0;T;True;2
1621223549000;11491490;0.86113;0.86125;0.86119;0;T;True;2
1621223550000;11491491;0.86113;0.86125;0.86119;0;T;True;2
1621223551000;11491492;0.86113;0.86125;0.86119;0;T;True;2
1621223552000;11491493;0.86113;0.86125;0.86119;0;T;True;2
1621223553000;11491494;0.86113;0.86125;0.86119;0;T;True;2
1621223554000;11491495;0.86113;0.86125;0.86119;0;T;True;2
1621223555000;11491496;0.86113;0.86125;0.86119;0;T;True;2
1621223556000;11491497;0.86113;0.86125;0.86119;0;T;True;2
1621223557000;11491498;0.86113;0.86125;0.86119;0;T;True;2
1621223558000;11491499;0.86113;0.86125;0.86119;0;T;True;2
1621223559000;11491500;0.86113;0.86125;0.86119;0;T;True;2
1621223560000;11491501;0.86113;0.86125;0.86119;0;T;True;2
1621223561000;11491502;0.86113;0.86125;0.86119;0;T;True;2
1621223562000;11491504;0.86113;0.86125;0.86119;1;T;True;2
1621223563000;11491507;0.86115;0.86127;0.86121;2;T;True;2
1621223564000;11491510;0.86112;0.86124;0.86118;2;T;True;2
1621223565000;11491512;0.86111;0.86123;0.86117;1;T;True;2
1621223566000;11491513;0.86111;0.86123;0.86117;0;T;True;2
1621223567000;11491514;0.86111;0.86123;0.86117;0;T;True;2
1621223568000;11491515;0.86111;0.86123;0.86117;0;T;True;2
1621223569000;11491516;0.86111;0.86123;0.86117;0;T;True;2
1621223570000;11491517;0.86111;0.86123;0.86117;0;T;True;2
1621223571000;11491518;0.86111;0.86123;0.86117;0;T;True;2
1621223572000;11491520;0.86112;0.86124;0.86118;1;T;True;2
1621223573000;11491521;0.86112;0.86124;0.86118;0;T;True;2
1621223574000;11491522;0.86112;0.86124;0.86118;0;T;True;2
1621223575000;11491523;0.86112;0.86124;0.86118;0;T;True;2
1621223576000;11491525;0.86113;0.86125;0.86119;1;T;True;2
1621223577000;11491526;0.86113;0.86125;0.86119;0;T;True;2
1621223578000;11491527;0.86113;0.86125;0.86119;0;T;True;2
1621223579000;11491528;0.86113;0.86125;0.86119;0;T;True;2
1621223580000;11491529;0.86113;0.86125;0.86119;0;T;True;2
1621223581000;11491530;0.86113;0.86125;0.86119;0;T;True;2
1621223582000;11491531;0.86113;0.86125;0.86119;0;T;True;2
1621223583000;11491532;0.86113;0.86125;0.86119;0;T;True;2
1621223584000;11491533;0.86113;0.86125;0.86119;0;T;True;2
1621223585000;11491534;0.86113;0.86125;0.86119;0;T;True;2
1621223586000;11491535;0.86113;0.86125;0.86119;0;T;True;2
1621223587000;11491536;0.86113;0.86125;0.86119;0;T;True;2
1621223588000;11491537;0.86113;0.86125;0.86119;0;T;True;2
1621223589000;11491538;0.86113;0.86125;0.86119;0;T;True;2
1621223590000;11491539;0.86113;0.86125;0.86119;0;T;True;2
1621223591000;11491540;0.86113;0.86125;0.86119;0;T;True;2
1621223592000;11491541;0.86113;0.86125;0.86119;0;T;True;2
1621223593000;11491542;0.86113;0.86125;0.86119;0;T;True;2
1621223594000;11491543;0.86113;0.86125;0.86119;0;T;True;2
1621223595000;11491544;0.86113;0.86125;0.86119;0;T;True;2
1621223596000;11491545;0.86113;0.86125;0.86119;0;T;True;2
1621223597000;11491546;0.86113;0.86125;0.86119;0;T;True;2
1621223598000;11491547;0.86113;0.86125;0.86119;0;T;True;2
1621223599000;11491548;0.86113;0.86125;0.86119;0;T;True;2
1621223600000;11491549;0.86113;0.86125;0.86119;0;T;True;2
1621223601000;11491550;0.86113;0.86125;0.86119;0;T;True;2
1621223602000;11491551;0.86113;0.86125;0.86119;0;T;True;2
1621223603000;11491552;0.86113;0.86125;0.86119;0;T;True;2
1621223604000;11491553;0.86113;0.86125;0.86119;0;T;True;2
1621223605000;11491555;0.86113;0.86125;0.86119;1;T;True;2
1621223606000;11491556;0.86113;0.86125;0.86119;0;T;True;2
1621223607000;11491557;0.86113;0.86125;0.86119;0;T;True;2
1621223608000;11491558;0.86113;0.86125;0.86119;0;T;True;2
1621223609000;11491559;0.86113;0.86125;0.86119;0;T;True;2
1621223610000;11491560;0.86113;0.86125;0.86119;0;T;True;2
1621223611000;11491561;0.86113;0.86125;0.86119;0;T;True;2
1621223612000;11491562;0.86113;0.86125;0.86119;0;T;True;2
1621223613000;11491563;0.86113;0.86125;0.86119;0;T;True;2
1621223614000;11491564;0.86113;0.86125;0.86119;0;T;True;2
1621223615000;11491565;0.86113;0.86125;0.86119;0;T;True;2
1621223616000;11491566;0.86113;0.86125;0.86119;0;T;True;2
1621223617000;11491567;0.86113;0.86125;0.86119;0;T;True;2
1621223618000;11491569;0.86113;0.86125;0.86119;1;T;True;2
1621223619000;11491573;0.86112;0.86124;0.86118;3;T;True;2
1621223620000;11491578;0.86115;0.86127;0.86121;4;T;True;2
1621223621000;11491579;0.86115;0.86127;0.86121;0;T;True;2
1621223622000;11491580;0.86115;0.86127;0.86121;0;T;True;2
1621223623000;11491581;0.86115;0.86127;0.86121;0;T;True;2
1621223624000;11491582;0.86115;0.86127;0.86121;0;T;True;2
1621223625000;11491583;0.86115;0.86127;0.86121;0;T;True;2
1621223626000;11491584;0.86115;0.86127;0.86121;0;T;True;2
1621223627000;11491585;0.86115;0.86127;0.86121;0;T;True;2
1621223628000;11491586;0.86115;0.86127;0.86121;0;T;True;2
1621223629000;11491587;0.86115;0.86127;0.86121;0;T;True;2
1621223630000;11491588;0.86115;0.86127;0.86121;0;T;True;2
1621223631000;11491589;0.86115;0.86127;0.86121;0;T;True;2
1621223632000;11491590;0.86115;0.86127;0.86121;0;T;True;2
1621223633000;11491591;0.86115;0.86127;0.86121;0;T;True;2
1621223634000;11491593;0.86115;0.86127;0.86121;1;T;True;2
1621223635000;11491594;0.86115;0.86127;0.86121;0;T;True;2
1621223636000;11491595;0.86115;0.86127;0.86121;0;T;True;2
1621223637000;11491596;0.86115;0.86127;0.86121;0;T;True;2
1621223638000;11491597;0.86115;0.86127;0.86121;0;T;True;2
1621223639000;11491598;0.86115;0.86127;0.86121;0;T;True;2
1621223640000;11491599;0.86115;0.86127;0.86121;0;T;True;2
1621223641000;11491600;0.86115;0.86127;0.86121;0;T;True;2
1621223642000;11491601;0.86115;0.86127;0.86121;0;T;True;2
1621223643000;11491602;0.86115;0.86127;0.86121;0;T;True;2
1621223644000;11491603;0.86115;0.86127;0.86121;0;T;True;2
1621223645000;11491604;0.86115;0.86127;0.86121;0;T;True;2
1621223646000;11491605;0.86115;0.86127;0.86121;0;T;True;2
1621223647000;11491607;0.86116;0.86128;0.86122;1;T;True;2
1621223648000;11491608;0.86116;0.86128;0.86122;0;T;True;2
1621223649000;11491609;0.86116;0.86128;0.86122;0;T;True;2
1621223650000;11491610;0.86116;0.86128;0.86122;0;T;True;2
1621223651000;11491611;0.86116;0.86128;0.86122;0;T;True;2
1621223652000;11491612;0.86116;0.86128;0.86122;0;T;True;2
1621223653000;11491613;0.86116;0.86128;0.86122;0;T;True;2
1621223654000;11491616;0.86115;0.86127;0.86121;2;T;True;2
1621223655000;11491621;0.86115;0.86127;0.86121;4;T;True;2
1621223656000;11491622;0.86115;0.86127;0.86121;0;T;True;2
1621223657000;11491623;0.86115;0.86127;0.86121;0;T;True;2
1621223658000;11491624;0.86115;0.86127;0.86121;0;T;True;2
1621223659000;11491625;0.86115;0.86127;0.86121;0;T;True;2
1621223660000;11491626;0.86115;0.86127;0.86121;0;T;True;2
1621223661000;11491627;0.86115;0.86127;0.86121;0;T;True;2
1621223662000;11491629;0.86114;0.86126;0.8612;1;T;True;2
1621223663000;11491630;0.86114;0.86126;0.8612;0;T;True;2
1621223664000;11491631;0.86114;0.86126;0.8612;0;T;True;2
1621223665000;11491632;0.86114;0.86126;0.8612;0;T;True;2
1621223666000;11491633;0.86114;0.86126;0.8612;0;T;True;2
1621223667000;11491634;0.86114;0.86126;0.8612;0;T;True;2
1621223668000;11491635;0.86114;0.86126;0.8612;0;T;True;2
1621223669000;11491636;0.86114;0.86126;0.8612;0;T;True;2
1621223670000;11491637;0.86114;0.86126;0.8612;0;T;True;2
1621223671000;11491639;0.86114;0.86126;0.8612;1;T;True;2
1621223672000;11491640;0.86114;0.86126;0.8612;0;T;True;2
1621223673000;11491641;0.86114;0.86126;0.8612;0;T;True;2
1621223674000;11491642;0.86114;0.86126;0.8612;0;T;True;2
1621223675000;11491643;0.86114;0.86126;0.8612;0;T;True;2
1621223676000;11491644;0.86114;0.86126;0.8612;0;T;True;2
1621223677000;11491646;0.86113;0.86125;0.86119;1;T;True;2
1621223678000;11491647;0.86113;0.86125;0.86119;0;T;True;2
1621223679000;11491648;0.86113;0.86125;0.86119;0;T;True;2
1621223680000;11491649;0.86113;0.86125;0.86119;0;T;True;2
1621223681000;11491650;0.86113;0.86125;0.86119;0;T;True;2
1621223682000;11491651;0.86113;0.86125;0.86119;0;T;True;2
1621223683000;11491652;0.86113;0.86125;0.86119;0;T;True;2
1621223684000;11491653;0.86113;0.86125;0.86119;0;T;True;2
1621223685000;11491654;0.86113;0.86125;0.86119;0;T;True;2
1621223686000;11491655;0.86113;0.86125;0.86119;0;T;True;2
1621223687000;11491656;0.86113;0.86125;0.86119;0;T;True;2
1621223688000;11491657;0.86113;0.86125;0.86119;0;T;True;2
1621223689000;11491658;0.86113;0.86125;0.86119;0;T;True;2
1621223690000;11491659;0.86113;0.86125;0.86119;0;T;True;2
1621223691000;11491660;0.86113;0.86125;0.86119;0;T;True;2
1621223692000;11491661;0.86113;0.86125;0.86119;0;T;True;2
1621223693000;11491662;0.86113;0.86125;0.86119;0;T;True;2
1621223694000;11491663;0.86113;0.86125;0.86119;0;T;True;2
1621223695000;11491664;0.86113;0.86125;0.86119;0;T;True;2
1621223696000;11491665;0.86113;0.86125;0.86119;0;T;True;2
1621223697000;11491666;0.86113;0.86125;0.86119;0;T;True;2
1621223698000;11491667;0.86113;0.86125;0.86119;0;T;True;2
1621223699000;11491668;0.86113;0.86125;0.86119;0;T;True;2
1621223700000;11491669;0.86113;0.86125;0.86119;0;T;True;2
1621223701000;11491670;0.86113;0.86125;0.86119;0;T;True;2
1621223702000;11491671;0.86113;0.86125;0.86119;0;T;True;2
1621223703000;11491673;0.86113;0.86125;0.86119;1;T;True;2
1621223704000;11491675;0.86112;0.86124;0.86118;1;T;True;2
1621223705000;11491678;0.86112;0.86124;0.86118;2;T;True;2
1621223706000;11491679;0.86112;0.86124;0.86118;0;T;True;2
1621223707000;11491680;0.86112;0.86124;0.86118;0;T;True;2
1621223708000;11491681;0.86112;0.86124;0.86118;0;T;True;2
1621223709000;11491683;0.86112;0.86124;0.86118;1;T;True;2
1621223710000;11491685;0.86112;0.86124;0.86118;1;T;True;2
1621223711000;11491686;0.86112;0.86124;0.86118;0;T;True;2
1621223712000;11491687;0.86112;0.86124;0.86118;0;T;True;2
1621223713000;11491688;0.86112;0.86124;0.86118;0;T;True;2
1621223714000;11491689;0.86112;0.86124;0.86118;0;T;True;2
1621223715000;11491690;0.86112;0.86124;0.86118;0;T;True;2
1621223716000;11491691;0.86112;0.86124;0.86118;0;T;True;2
1621223717000;11491692;0.86112;0.86124;0.86118;0;T;True;2
1621223718000;11491693;0.86112;0.86124;0.86118;0;T;True;2
1621223719000;11491695;0.86112;0.86124;0.86118;1;T;True;2
1621223720000;11491702;0.86111;0.86123;0.86117;6;T;True;2
1621223721000;11491703;0.86111;0.86123;0.86117;0;T;True;2
1621223722000;11491705;0.86111;0.86123;0.86117;1;T;True;2
1621223723000;11491707;0.86111;0.86123;0.86117;1;T;True;2
1621223724000;11491708;0.86111;0.86123;0.86117;0;T;True;2
1621223725000;11491710;0.86111;0.86123;0.86117;1;T;True;2
1621223726000;11491711;0.86111;0.86123;0.86117;0;T;True;2
1621223727000;11491712;0.86111;0.86123;0.86117;0;T;True;2
1621223728000;11491713;0.86111;0.86123;0.86117;0;T;True;2
1621223729000;11491714;0.86111;0.86123;0.86117;0;T;True;2
1621223730000;11491715;0.86111;0.86123;0.86117;0;T;True;2
1621223731000;11491716;0.86111;0.86123;0.86117;0;T;True;2
1621223732000;11491717;0.86111;0.86123;0.86117;0;T;True;2
1621223733000;11491718;0.86111;0.86123;0.86117;0;T;True;2
1621223734000;11491719;0.86111;0.86123;0.86117;0;T;True;2
1621223735000;11491720;0.86111;0.86123;0.86117;0;T;True;2
1621223736000;11491721;0.86111;0.86123;0.86117;0;T;True;2
1621223737000;11491722;0.86111;0.86123;0.86117;0;T;True;2
1621223738000;11491723;0.86111;0.86123;0.86117;0;T;True;2
1621223739000;11491724;0.86111;0.86123;0.86117;0;T;True;2
1621223740000;11491725;0.86111;0.86123;0.86117;0;T;True;2
1621223741000;11491726;0.86111;0.86123;0.86117;0;T;True;2
1621223742000;11491735;0.86108;0.8612;0.86114;8;T;True;2
1621223743000;11491737;0.86109;0.86121;0.86115;1;T;True;2
1621223744000;11491738;0.86109;0.86121;0.86115;0;T;True;2
1621223745000;11491740;0.86108;0.8612;0.86114;1;T;True;2
1621223746000;11491741;0.86108;0.8612;0.86114;0;T;True;2
1621223747000;11491743;0.86107;0.86119;0.86113;1;T;True;2
1621223748000;11491744;0.86107;0.86119;0.86113;0;T;True;2
1621223749000;11491745;0.86107;0.86119;0.86113;0;T;True;2
1621223750000;11491748;0.86106;0.86118;0.86112;2;T;True;2
1621223751000;11491749;0.86106;0.86118;0.86112;0;T;True;2
1621223752000;11491754;0.86106;0.86118;0.86112;4;T;True;2
1621223753000;11491755;0.86106;0.86118;0.86112;0;T;True;2
1621223754000;11491756;0.86106;0.86118;0.86112;0;T;True;2
1621223755000;11491757;0.86106;0.86118;0.86112;0;T;True;2
1621223756000;11491758;0.86106;0.86118;0.86112;0;T;True;2
1621223757000;11491759;0.86106;0.86118;0.86112;0;T;True;2
1621223758000;11491760;0.86106;0.86118;0.86112;0;T;True;2
1621223759000;11491761;0.86106;0.86118;0.86112;0;T;True;2
1621223760000;11491762;0.86106;0.86118;0.86112;0;T;True;2
1621223761000;11491773;0.86107;0.86119;0.86113;10;T;True;2
1621223762000;11491775;0.86107;0.86119;0.86113;1;T;True;2
1621223763000;11491777;0.86108;0.8612;0.86114;1;T;True;2
1621223764000;11491778;0.86108;0.8612;0.86114;0;T;True;2
1621223765000;11491779;0.86108;0.8612;0.86114;0;T;True;2
1621223766000;11491780;0.86108;0.8612;0.86114;0;T;True;2
1621223767000;11491781;0.86108;0.8612;0.86114;0;T;True;2
1621223768000;11491784;0.86109;0.86121;0.86115;2;T;True;2
1621223769000;11491785;0.86109;0.86121;0.86115;0;T;True;2
1621223770000;11491786;0.86109;0.86121;0.86115;0;T;True;2
1621223771000;11491787;0.86109;0.86121;0.86115;0;T;True;2
1621223772000;11491788;0.86109;0.86121;0.86115;0;T;True;2
1621223773000;11491789;0.86109;0.86121;0.86115;0;T;True;2
1621223774000;11491790;0.86109;0.86121;0.86115;0;T;True;2
1621223775000;11491791;0.86109;0.86121;0.86115;0;T;True;2
1621223776000;11491792;0.86109;0.86121;0.86115;0;T;True;2
1621223777000;11491794;0.8611;0.86122;0.86116;1;T;True;2
1621223778000;11491795;0.8611;0.86122;0.86116;0;T;True;2
1621223779000;11491798;0.86111;0.86123;0.86117;2;T;True;2
1621223780000;11491802;0.86109;0.86121;0.86115;3;T;True;2
1621223781000;11491803;0.86109;0.86121;0.86115;0;T;True;2
1621223782000;11491804;0.86109;0.86121;0.86115;0;T;True;2
1621223783000;11491805;0.86109;0.86121;0.86115;0;T;True;2
1621223784000;11491806;0.86109;0.86121;0.86115;0;T;True;2
1621223785000;11491807;0.86109;0.86121;0.86115;0;T;True;2
1621223786000;11491808;0.86109;0.86121;0.86115;0;T;True;2
1621223787000;11491809;0.86109;0.86121;0.86115;0;T;True;2
1621223788000;11491810;0.86109;0.86121;0.86115;0;T;True;2
1621223789000;11491811;0.86109;0.86121;0.86115;0;T;True;2
1621223790000;11491812;0.86109;0.86121;0.86115;0;T;True;2
