ts;n;bid;ask;value;volume;phase;round;active_id
1621216662000;11482133;0.86133;0.86145;0.86139;0;T;True;2
1621216663000;11482134;0.86133;0.86145;0.86139;0;T;True;2
1621216664000;11482135;0.86133;0.86145;0.86139;0;T;True;2
1621216665000;11482136;0.86133;0.86145;0.86139;0;T;True;2
1621216666000;11482137;0.86133;0.86145;0.86139;0;T;True;2
1621216667000;11482138;0.86133;0.86145;0.86139;0;T;True;2
1621216668000;11482139;0.86133;0.86145;0.86139;0;T;True;2
1621216669000;11482140;0.86133;0.86145;0.86139;0;T;True;2
1621216670000;11482141;0.86133;0.86145;0.86139;0;T;True;2
1621216671000;11482142;0.86133;0.86145;0.86139;0;T;True;2
1621216672000;11482143;0.86133;0.86145;0.86139;0;T;True;2
1621216673000;11482144;0.86133;0.86145;0.86139;0;T;True;2
1621216674000;11482145;0.86133;0.86145;0.86139;0;T;True;2
1621216675000;11482146;0.86133;0.86145;0.86139;0;T;True;2
1621216676000;11482147;0.86133;0.86145;0.86139;0;T;True;2
1621216677000;11482148;0.86133;0.86145;0.86139;0;T;True;2
1621216678000;11482149;0.86133;0.86145;0.86139;0;T;True;2
1621216679000;11482150;0.86133;0.86145;0.86139;0;T;True;2
1621216680000;11482151;0.86133;0.86145;0.86139;0;T;True;2
1621216681000;11482152;0.86133;0.86145;0.86139;0;T;True;2
1621216682000;11482153;0.86133;0.86145;0.86139;0;T;True;2
1621216683000;11482154;0.86133;0.86145;0.86139;0;T;True;2
1621216684000;11482155;0.86133;0.86145;0.86139;0;T;True;2
1621216685000;11482156;0.86133;0.86145;0.86139;0;T;True;2
1621216686000;11482157;0.86133;0.86145;0.86139;0;T;True;2
1621216687000;11482158;0.86133;0.86145;0.86139;0;T;True;2
1621216688000;11482159;0.86133;0.86145;0.86139;0;T;True;2
1621216689000;11482160;0.86133;0.86145;0.86139;0;T;True;2
1621216690000;11482161;0.86133;0.86145;0.86139;0;T;True;2
1621216691000;11482162;0.86133;0.86145;0.86139;0;T;True;2
1621216692000;11482163;0.86133;0.86145;0.86139;0;T;True;2
1621216693000;11482164;0.86133;0.86145;0.86139;0;T;True;2
1621216694000;11482165;0.86133;0.86145;0.86139;0;T;True;2
1621216695000;11482166;0.86133;0.86145;0.86139;0;T;True;2
1621216696000;11482169;0.86135;0.86147;0.86141;2;T;True;2
1621216697000;11482170;0.86135;0.86147;0.86141;0;T;True;2
1621216698000;11482172;0.86136;0.86148;0.86142;1;T;True;2
1621216699000;11482173;0.86136;0.86148;0.86142;0;T;True;2
1621216700000;11482176;0.86136;0.86148;0.86142;2;T;True;2
1621216701000;11482177;0.86136;0.86148;0.86142;0;T;True;2
1621216702000;11482178;0.86136;0.86148;0.86142;0;T;True;2
1621216703000;11482179;0.86136;0.86148;0.86142;0;T;True;2
1621216704000;11482180;0.86136;0.86148;0.86142;0;T;True;2
1621216705000;11482181;0.86136;0.86148;0.86142;0;T;True;2
1621216706000;11482183;0.86135;0.86147;0.86141;1;T;True;2
1621216707000;11482184;0.86135;0.86147;0.86141;0;T;True;2
1621216708000;11482185;0.86135;0.86147;0.86141;0;T;True;2
1621216709000;11482186;0.86135;0.86147;0.86141;0;T;True;2
1621216710000;11482187;0.86135;0.86147;0.86141;0;T;True;2
1621216711000;11482188;0.86135;0.86147;0.86141;0;T;True;2
1621216712000;11482189;0.86135;0.86147;0.86141;0;T;True;2
1621216713000;11482190;0.86135;0.86147;0.86141;0;T;True;2
1621216714000;11482192;0.86135;0.86147;0.86141;1;T;True;2
1621216715000;11482193;0.86135;0.86147;0.86141;0;T;True;2
1621216716000;11482194;0.86135;0.86147;0.86141;0;T;True;2
1621216717000;11482195;0.86135;0.86147;0.86141;0;T;True;2
1621216718000;11482196;0.86135;0.86147;0.86141;0;T;True;2
1621216719000;11482197;0.86135;0.86147;0.86141;0;T;True;2
1621216720000;11482198;0.86135;0.86147;0.86141;0;T;True;2
1621216721000;11482200;0.86135;0.86147;0.86141;1;T;True;2
1621216722000;11482201;0.86135;0.86147;0.86141;0;T;True;2
1621216723000;11482202;0.86135;0.86147;0.86141;0;T;True;2
1621216724000;11482205;0.86135;0.86147;0.86141;2;T;True;2
1621216725000;11482206;0.86135;0.86147;0.86141;0;T;True;2
1621216726000;11482207;0.86135;0.86147;0.86141;0;T;True;2
1621216727000;11482208;0.86135;0.86147;0.86141;0;T;True;2
1621216728000;11482209;0.86135;0.86147;0.86141;0;T;True;2
1621216729000;11482210;0.86135;0.86147;0.86141;0;T;True;2
1621216730000;11482212;0.86136;0.86148;0.86142;1;T;True;2
1621216731000;11482213;0.86136;0.86148;0.86142;0;T;True;2
1621216732000;11482214;0.86136;0.86148;0.86142;0;T;True;2
1621216733000;11482216;0.86135;0.86147;0.86141;1;T;True;2
1621216734000;11482217;0.86135;0.86147;0.86141;0;T;True;2
1621216735000;11482219;0.86134;0.86146;0.8614;1;T;True;2
1621216736000;11482220;0.86134;0.86146;0.8614;0;T;True;2
1621216737000;11482221;0.86134;0.86146;0.8614;0;T;True;2
1621216738000;11482222;0.86134;0.86146;0.8614;0;T;True;2
1621216739000;11482223;0.86134;0.86146;0.8614;0;T;True;2
1621216740000;11482224;0.86134;0.86146;0.8614;0;T;True;2
1621216741000;11482225;0.86134;0.86146;0.8614;0;T;True;2
1621216742000;11482226;0.86134;0.86146;0.8614;0;T;True;2
1621216743000;11482228;0.86135;0.86147;0.86141;1;T;True;2
1621216744000;11482229;0.86135;0.86147;0.86141;0;T;True;2
1621216745000;11482230;0.86135;0.86147;0.86141;0;T;True;2
1621216746000;11482231;0.86135;0.86147;0.86141;0;T;True;2
1621216747000;11482233;0.86134;0.86146;0.8614;1;T;True;2
1621216748000;11482235;0.86133;0.86145;0.86139;1;T;True;2
1621216749000;11482236;0.86133;0.86145;0.86139;0;T;True;2
1621216750000;11482237;0.86133;0.86145;0.86139;0;T;True;2
1621216751000;11482238;0.86133;0.86145;0.86139;0;T;True;2
1621216752000;11482239;0.86133;0.86145;0.86139;0;T;True;2
1621216753000;11482240;0.86133;0.86145;0.86139;0;T;True;2
1621216754000;11482241;0.86133;0.86145;0.86139;0;T;True;2
1621216755000;11482243;0.86133;0.86145;0.86139;1;T;True;2
1621216756000;11482244;0.86133;0.86145;0.86139;0;T;True;2
1621216757000;11482245;0.86133;0.86145;0.86139;0;T;True;2
1621216758000;11482246;0.86133;0.86145;0.86139;0;T;True;2
1621216759000;11482247;0.86133;0.86145;0.86139;0;T;True;2
1621216760000;11482248;0.86133;0.86145;0.86139;0;T;True;2
1621216761000;11482249;0.86133;0.86145;0.86139;0;T;True;2
1621216762000;11482250;0.86133;0.86145;0.86139;0;T;True;2
1621216763000;11482251;0.86133;0.86145;0.86139;0;T;True;2
1621216764000;11482253;0.86133;0.86145;0.86139;1;T;True;2
1621216765000;11482254;0.86133;0.86145;0.86139;0;T;True;2
1621216766000;11482255;0.86133;0.86145;0.86139;0;T;True;2
1621216767000;11482257;0.86133;0.86145;0.86139;1;T;True;2
1621216768000;11482258;0.86133;0.86145;0.86139;0;T;True;2
1621216769000;11482260;0.86134;0.86146;0.8614;1;T;True;2
1621216770000;11482261;0.86134;0.86146;0.8614;0;T;True;2
1621216771000;11482262;0.86134;0.86146;0.8614;0;T;True;2
1621216772000;11482264;0.86134;0.86146;0.8614;1;T;True;2
1621216773000;11482265;0.86134;0.86146;0.8614;0;T;True;2
1621216774000;11482267;0.86134;0.86146;0.8614;1;T;True;2
1621216775000;11482269;0.86133;0.86145;0.86139;1;T;True;2
1621216776000;11482270;0.86133;0.86145;0.86139;0;T;True;2
1621216777000;11482271;0.86133;0.86145;0.86139;0;T;True;2
1621216778000;11482272;0.86133;0.86145;0.86139;0;T;True;2
1621216779000;11482273;0.86133;0.86145;0.86139;0;T;True;2
1621216780000;11482274;0.86133;0.86145;0.86139;0;T;True;2
1621216781000;11482275;0.86133;0.86145;0.86139;0;T;True;2
1621216782000;11482276;0.86133;0.86145;0.86139;0;T;True;2
1621216783000;11482277;0.86133;0.86145;0.86139;0;T;True;2
1621216784000;11482278;0.86133;0.86145;0.86139;0;T;True;2
1621216785000;11482281;0.86133;0.86145;0.86139;2;T;True;2
1621216786000;11482285;0.86133;0.86145;0.86139;3;T;True;2
1621216787000;11482286;0.86133;0.86145;0.86139;0;T;True;2
1621216788000;11482287;0.86133;0.86145;0.86139;0;T;True;2
1621216789000;11482288;0.86133;0.86145;0.86139;0;T;True;2
1621216790000;11482289;0.86133;0.86145;0.86139;0;T;True;2
1621216791000;11482290;0.86133;0.86145;0.86139;0;T;True;2
1621216792000;11482291;0.86133;0.86145;0.86139;0;T;True;2
1621216793000;11482292;0.86133;0.86145;0.86139;0;T;True;2
1621216794000;11482293;0.86133;0.86145;0.86139;0;T;True;2
1621216795000;11482294;0.86133;0.86145;0.86139;0;T;True;2
1621216796000;11482295;0.86133;0.86145;0.86139;0;T;True;2
1621216797000;11482296;0.86133;0.86145;0.86139;0;T;True;2
1621216798000;11482297;0.86133;0.86145;0.86139;0;T;True;2
1621216799000;11482298;0.86133;0.86145;0.86139;0;T;True;2
1621216800000;11482299;0.86133;0.86145;0.86139;0;T;True;2
1621216801000;11482303;0.86133;0.86145;0.86139;3;T;True;2
1621216802000;11482304;0.86133;0.86145;0.86139;0;T;True;2
1621216803000;11482305;0.86133;0.86145;0.86139;0;T;True;2
1621216804000;11482311;0.86137;0.86149;0.86143;5;T;True;2
1621216805000;11482312;0.86137;0.86149;0.86143;0;T;True;2
1621216806000;11482313;0.86137;0.86149;0.86143;0;T;True;2
1621216807000;11482321;0.86139;0.86151;0.86145;7;T;True;2
1621216808000;11482322;0.86139;0.86151;0.86145;0;T;True;2
1621216809000;11482324;0.86139;0.86151;0.86145;1;T;True;2
1621216810000;11482326;0.86139;0.86151;0.86145;1;T;True;2
1621216811000;11482329;0.86139;0.86151;0.86145;2;T;True;2
1621216812000;11482330;0.86139;0.86151;0.86145;0;T;True;2
1621216813000;11482333;0.8614;0.86152;0.86146;2;T;True;2
1621216814000;11482335;0.86139;0.86151;0.86145;1;T;True;2
1621216815000;11482337;0.86139;0.86151;0.86145;1;T;True;2
1621216816000;11482338;0.86139;0.86151;0.86145;0;T;True;2
1621216817000;11482340;0.86139;0.86151;0.86145;1;T;True;2
1621216818000;11482342;0.86139;0.86151;0.86145;1;T;True;2
1621216819000;11482343;0.86139;0.86151;0.86145;0;T;True;2
1621216820000;11482344;0.86139;0.86151;0.86145;0;T;True;2
1621216821000;11482345;0.86139;0.86151;0.86145;0;T;True;2
1621216822000;11482346;0.86139;0.86151;0.86145;0;T;True;2
1621216823000;11482347;0.86139;0.86151;0.86145;0;T;True;2
1621216824000;11482348;0.86139;0.86151;0.86145;0;T;True;2
1621216825000;11482349;0.86139;0.86151;0.86145;0;T;True;2
1621216826000;11482350;0.86139;0.86151;0.86145;0;T;True;2
1621216827000;11482361;0.86137;0.86149;0.86143;10;T;True;2
1621216828000;11482362;0.86137;0.86149;0.86143;0;T;True;2
1621216829000;11482363;0.86137;0.86149;0.86143;0;T;True;2
1621216830000;11482366;0.86137;0.86149;0.86143;2;T;True;2
1621216831000;11482367;0.86137;0.86149;0.86143;0;T;True;2
1621216832000;11482369;0.86137;0.86149;0.86143;1;T;True;2
1621216833000;11482372;0.86137;0.86149;0.86143;2;T;True;2
1621216834000;11482373;0.86137;0.86149;0.86143;0;T;True;2
1621216835000;11482377;0.86136;0.86148;0.86142;3;T;True;2
1621216836000;11482379;0.86137;0.86149;0.86143;1;T;True;2
1621216837000;11482381;0.86137;0.86149;0.86143;1;T;True;2
1621216838000;11482382;0.86137;0.86149;0.86143;0;T;True;2
1621216839000;11482387;0.8614;0.86152;0.86146;4;T;True;2
1621216840000;11482389;0.86141;0.86153;0.86147;1;T;True;2
1621216841000;11482394;0.86141;0.86153;0.86147;4;T;True;2
1621216842000;11482398;0.86141;0.86153;0.86147;3;T;True;2
1621216843000;11482400;0.86142;0.86154;0.86148;1;T;True;2
1621216844000;11482403;0.86142;0.86154;0.86148;2;T;True;2
1621216845000;11482406;0.86141;0.86153;0.86147;2;T;True;2
1621216846000;11482413;0.86139;0.86151;0.86145;6;T;True;2
1621216847000;11482414;0.86139;0.86151;0.86145;0;T;True;2
1621216848000;11482417;0.86139;0.86151;0.86145;2;T;True;2
1621216849000;11482418;0.86139;0.86151;0.86145;0;T;True;2
1621216850000;11482419;0.86139;0.86151;0.86145;0;T;True;2
1621216851000;11482421;0.86141;0.86153;0.86147;1;T;True;2
1621216852000;11482422;0.86141;0.86153;0.86147;0;T;True;2
1621216853000;11482423;0.86141;0.86153;0.86147;0;T;True;2
1621216854000;11482427;0.8614;0.86152;0.86146;3;T;True;2
1621216855000;11482432;0.86139;0.86151;0.86145;4;T;True;2
1621216856000;11482433;0.86139;0.86151;0.86145;0;T;True;2
1621216857000;11482434;0.86139;0.86151;0.86145;0;T;True;2
1621216858000;11482435;0.86139;0.86151;0.86145;0;T;True;2
1621216859000;11482436;0.86139;0.86151;0.86145;0;T;True;2
1621216860000;11482437;0.86139;0.86151;0.86145;0;T;True;2
1621216861000;11482440;0.86141;0.86153;0.86147;2;T;True;2
1621216862000;11482442;0.8614;0.86152;0.86146;1;T;True;2
1621216863000;11482443;0.8614;0.86152;0.86146;0;T;True;2
1621216864000;11482444;0.8614;0.86152;0.86146;0;T;True;2
1621216865000;11482447;0.8614;0.86152;0.86146;2;T;True;2
1621216866000;11482448;0.8614;0.86152;0.86146;0;T;True;2
1621216867000;11482449;0.8614;0.86152;0.86146;0;T;True;2
1621216868000;11482450;0.8614;0.86152;0.86146;0;T;True;2
1621216869000;11482451;0.8614;0.86152;0.86146;0;T;True;2
1621216870000;11482452;0.8614;0.86152;0.86146;0;T;True;2
1621216871000;11482453;0.8614;0.86152;0.86146;0;T;True;2
1621216872000;11482457;0.86139;0.86151;0.86145;3;T;True;2
1621216873000;11482459;0.86138;0.8615;0.86144;1;T;True;2
1621216874000;11482461;0.86139;0.86151;0.86145;1;T;True;2
1621216875000;11482462;0.86139;0.86151;0.86145;0;T;True;2
1621216876000;11482463;0.86139;0.86151;0.86145;0;T;True;2
1621216877000;11482464;0.86139;0.86151;0.86145;0;T;True;2
1621216878000;11482466;0.86137;0.86149;0.86143;1;T;True;2
1621216879000;11482467;0.86137;0.86149;0.86143;0;T;True;2
1621216880000;11482468;0.86137;0.86149;0.86143;0;T;True;2
1621216881000;11482471;0.86137;0.86149;0.86143;2;T;True;2
1621216882000;11482472;0.86137;0.86149;0.86143;0;T;True;2
1621216883000;11482473;0.86137;0.86149;0.86143;0;T;True;2
1621216884000;11482475;0.86138;0.8615;0.86144;1;T;True;2
1621216885000;11482476;0.86138;0.8615;0.86144;0;T;True;2
1621216886000;11482478;0.86139;0.86151;0.86145;1;T;True;2
1621216887000;11482479;0.86139;0.86151;0.86145;0;T;True;2
1621216888000;11482480;0.86139;0.86151;0.86145;0;T;True;2
1621216889000;11482481;0.86139;0.86151;0.86145;0;T;True;2
1621216890000;11482482;0.86139;0.86151;0.86145;0;T;True;2
1621216891000;11482483;0.86139;0.86151;0.86145;0;T;True;2
1621216892000;11482484;0.86139;0.86151;0.86145;0;T;True;2
1621216893000;11482487;0.86139;0.86151;0.86145;2;T;True;2
1621216894000;11482488;0.86139;0.86151;0.86145;0;T;True;2
1621216895000;11482489;0.86139;0.86151;0.86145;0;T;True;2
1621216896000;11482490;0.86139;0.86151;0.86145;0;T;True;2
1621216897000;11482491;0.86139;0.86151;0.86145;0;T;True;2
1621216898000;11482492;0.86139;0.86151;0.86145;0;T;True;2
1621216899000;11482493;0.86139;0.86151;0.86145;0;T;True;2
1621216900000;11482494;0.86139;0.86151;0.86145;0;T;True;2
1621216901000;11482495;0.86139;0.86151;0.86145;0;T;True;2
1621216902000;11482496;0.86139;0.86151;0.86145;0;T;True;2
1621216903000;11482497;0.86139;0.86151;0.86145;0;T;True;2
1621216904000;11482498;0.86139;0.86151;0.86145;0;T;True;2
1621216905000;11482500;0.86139;0.86151;0.86145;1;T;True;2
1621216906000;11482501;0.86139;0.86151;0.86145;0;T;True;2
1621216907000;11482502;0.86139;0.86151;0.86145;0;T;True;2
1621216908000;11482503;0.86139;0.86151;0.86145;0;T;True;2
1621216909000;11482504;0.86139;0.86151;0.86145;0;T;True;2
1621216910000;11482505;0.86139;0.86151;0.86145;0;T;True;2
1621216911000;11482507;0.86139;0.86151;0.86145;1;T;True;2
1621216912000;11482508;0.86139;0.86151;0.86145;0;T;True;2
1621216913000;11482509;0.86139;0.86151;0.86145;0;T;True;2
1621216914000;11482511;0.86139;0.86151;0.86145;1;T;True;2
1621216915000;11482513;0.8614;0.86152;0.86146;1;T;True;2
1621216916000;11482514;0.8614;0.86152;0.86146;0;T;True;2
1621216917000;11482515;0.8614;0.86152;0.86146;0;T;True;2
1621216918000;11482516;0.8614;0.86152;0.86146;0;T;True;2
1621216919000;11482518;0.86141;0.86153;0.86147;1;T;True;2
1621216920000;11482519;0.86141;0.86153;0.86147;0;T;True;2
1621216921000;11482521;0.86141;0.86153;0.86147;1;T;True;2
1621216922000;11482522;0.86141;0.86153;0.86147;0;T;True;2
1621216923000;11482523;0.86141;0.86153;0.86147;0;T;True;2
1621216924000;11482525;0.86141;0.86153;0.86147;1;T;True;2
1621216925000;11482526;0.86141;0.86153;0.86147;0;T;True;2
1621216926000;11482529;0.86141;0.86153;0.86147;2;T;True;2
1621216927000;11482530;0.86141;0.86153;0.86147;0;T;True;2
1621216928000;11482531;0.86141;0.86153;0.86147;0;T;True;2
1621216929000;11482532;0.86141;0.86153;0.86147;0;T;True;2
1621216930000;11482534;0.86141;0.86153;0.86147;1;T;True;2
1621216931000;11482535;0.86141;0.86153;0.86147;0;T;True;2
1621216932000;11482537;0.86141;0.86153;0.86147;1;T;True;2
1621216933000;11482538;0.86141;0.86153;0.86147;0;T;True;2
1621216934000;11482539;0.86141;0.86153;0.86147;0;T;True;2
1621216935000;11482540;0.86141;0.86153;0.86147;0;T;True;2
1621216936000;11482541;0.86141;0.86153;0.86147;0;T;True;2
1621216937000;11482542;0.86141;0.86153;0.86147;0;T;True;2
1621216938000;11482543;0.86141;0.86153;0.86147;0;T;True;2
1621216939000;11482544;0.86141;0.86153;0.86147;0;T;True;2
1621216940000;11482545;0.86141;0.86153;0.86147;0;T;True;2
1621216941000;11482546;0.86141;0.86153;0.86147;0;T;True;2
1621216942000;11482547;0.86141;0.86153;0.86147;0;T;True;2
1621216943000;11482548;0.86141;0.86153;0.86147;0;T;True;2
1621216944000;11482549;0.86141;0.86153;0.86147;0;T;True;2
1621216945000;11482550;0.86141;0.86153;0.86147;0;T;True;2
1621216946000;11482551;0.86141;0.86153;0.86147;0;T;True;2
1621216947000;11482555;0.86143;0.86155;0.86149;3;T;True;2
1621216948000;11482556;0.86143;0.86155;0.86149;0;T;True;2
1621216949000;11482557;0.86143;0.86155;0.86149;0;T;True;2
1621216950000;11482558;0.86143;0.86155;0.86149;0;T;True;2
1621216951000;11482559;0.86143;0.86155;0.86149;0;T;True;2
1621216952000;11482560;0.86143;0.86155;0.86149;0;T;True;2
1621216953000;11482561;0.86143;0.86155;0.86149;0;T;True;2
1621216954000;11482562;0.86143;0.86155;0.86149;0;T;True;2
1621216955000;11482563;0.86143;0.86155;0.86149;0;T;True;2
1621216956000;11482564;0.86143;0.86155;0.86149;0;T;True;2
1621216957000;11482565;0.86143;0.86155;0.86149;0;T;True;2
1621216958000;11482566;0.86143;0.86155;0.86149;0;T;True;2
1621216959000;11482567;0.86143;0.86155;0.86149;0;T;True;2
1621216960000;11482568;0.86143;0.86155;0.86149;0;T;True;2
1621216961000;11482569;0.86143;0.86155;0.86149;0;T;True;2
1621216962000;11482570;0.86143;0.86155;0.86149;0;T;True;2
1621216963000;11482571;0.86143;0.86155;0.86149;0;T;True;2
1621216964000;11482572;0.86143;0.86155;0.86149;0;T;True;2
1621216965000;11482573;0.86143;0.86155;0.86149;0;T;True;2
1621216966000;11482574;0.86143;0.86155;0.86149;0;T;True;2
1621216967000;11482575;0.86143;0.86155;0.86149;0;T;True;2
1621216968000;11482576;0.86143;0.86155;0.86149;0;T;True;2
1621216969000;11482579;0.86141;0.86153;0.86147;2;T;True;2
1621216970000;11482580;0.86141;0.86153;0.86147;0;T;True;2
1621216971000;11482581;0.86141;0.86153;0.86147;0;T;True;2
1621216972000;11482582;0.86141;0.86153;0.86147;0;T;True;2
1621216973000;11482583;0.86141;0.86153;0.86147;0;T;True;2
1621216974000;11482584;0.86141;0.86153;0.86147;0;T;True;2
1621216975000;11482588;0.86143;0.86155;0.86149;3;T;True;2
1621216976000;11482589;0.86143;0.86155;0.86149;0;T;True;2
1621216977000;11482591;0.86143;0.86155;0.86149;1;T;True;2
1621216978000;11482594;0.86144;0.86156;0.8615;2;T;True;2
1621216979000;11482595;0.86144;0.86156;0.8615;0;T;True;2
1621216980000;11482596;0.86144;0.86156;0.8615;0;T;True;2
1621216981000;11482597;0.86144;0.86156;0.8615;0;T;True;2
1621216982000;11482598;0.86144;0.86156;0.8615;0;T;True;2
1621216983000;11482599;0.86144;0.86156;0.8615;0;T;True;2
1621216984000;11482601;0.86143;0.86155;0.86149;1;T;True;2
1621216985000;11482602;0.86143;0.86155;0.86149;0;T;True;2
1621216986000;11482606;0.86143;0.86155;0.86149;3;T;True;2
1621216987000;11482608;0.86143;0.86155;0.86149;1;T;True;2
1621216988000;11482610;0.86144;0.86156;0.8615;1;T;True;2
1621216989000;11482612;0.86144;0.86156;0.8615;1;T;True;2
1621216990000;11482613;0.86144;0.86156;0.8615;0;T;True;2
1621216991000;11482614;0.86144;0.86156;0.8615;0;T;True;2
1621216992000;11482618;0.86149;0.86161;0.86155;3;T;True;2
1621216993000;11482621;0.86151;0.86163;0.86157;2;T;True;2
1621216994000;11482622;0.86151;0.86163;0.86157;0;T;True;2
1621216995000;11482623;0.86151;0.86163;0.86157;0;T;True;2
1621216996000;11482628;0.86151;0.86163;0.86157;4;T;True;2
1621216997000;11482630;0.86151;0.86163;0.86157;1;T;True;2
1621216998000;11482631;0.86151;0.86163;0.86157;0;T;True;2
1621216999000;11482632;0.86151;0.86163;0.86157;0;T;True;2
1621217000000;11482633;0.86151;0.86163;0.86157;0;T;True;2
1621217001000;11482635;0.86152;0.86164;0.86158;1;T;True;2
1621217002000;11482636;0.86152;0.86164;0.86158;0;T;True;2
1621217003000;11482637;0.86152;0.86164;0.86158;0;T;True;2
1621217004000;11482640;0.86152;0.86164;0.86158;2;T;True;2
1621217005000;11482641;0.86152;0.86164;0.86158;0;T;True;2
1621217006000;11482642;0.86152;0.86164;0.86158;0;T;True;2
1621217007000;11482643;0.86152;0.86164;0.86158;0;T;True;2
1621217008000;11482644;0.86152;0.86164;0.86158;0;T;True;2
1621217009000;11482646;0.86153;0.86165;0.86159;1;T;True;2
1621217010000;11482647;0.86153;0.86165;0.86159;0;T;True;2
1621217011000;11482649;0.86152;0.86164;0.86158;1;T;True;2
1621217012000;11482650;0.86152;0.86164;0.86158;0;T;True;2
1621217013000;11482651;0.86152;0.86164;0.86158;0;T;True;2
1621217014000;11482652;0.86152;0.86164;0.86158;0;T;True;2
1621217015000;11482653;0.86152;0.86164;0.86158;0;T;True;2
1621217016000;11482654;0.86152;0.86164;0.86158;0;T;True;2
1621217017000;11482655;0.86152;0.86164;0.86158;0;T;True;2
1621217018000;11482656;0.86152;0.86164;0.86158;0;T;True;2
1621217019000;11482657;0.86152;0.86164;0.86158;0;T;True;2
1621217020000;11482658;0.86152;0.86164;0.86158;0;T;True;2
1621217021000;11482659;0.86152;0.86164;0.86158;0;T;True;2
1621217022000;11482660;0.86152;0.86164;0.86158;0;T;True;2
1621217023000;11482661;0.86152;0.86164;0.86158;0;T;True;2
1621217024000;11482663;0.86153;0.86165;0.86159;1;T;True;2
1621217025000;11482664;0.86153;0.86165;0.86159;0;T;True;2
1621217026000;11482667;0.86155;0.86167;0.86161;2;T;True;2
1621217027000;11482668;0.86155;0.86167;0.86161;0;T;True;2
1621217028000;11482669;0.86155;0.86167;0.86161;0;T;True;2
1621217029000;11482670;0.86155;0.86167;0.86161;0;T;True;2
1621217030000;11482671;0.86155;0.86167;0.86161;0;T;True;2
1621217031000;11482673;0.86156;0.86168;0.86162;1;T;True;2
1621217032000;11482674;0.86156;0.86168;0.86162;0;T;True;2
1621217033000;11482676;0.86157;0.86169;0.86163;1;T;True;2
1621217034000;11482677;0.86157;0.86169;0.86163;0;T;True;2
1621217035000;11482679;0.86157;0.86169;0.86163;1;T;True;2
1621217036000;11482680;0.86157;0.86169;0.86163;0;T;True;2
1621217037000;11482681;0.86157;0.86169;0.86163;0;T;True;2
1621217038000;11482682;0.86157;0.86169;0.86163;0;T;True;2
1621217039000;11482683;0.86157;0.86169;0.86163;0;T;True;2
1621217040000;11482684;0.86157;0.86169;0.86163;0;T;True;2
1621217041000;11482686;0.86157;0.86169;0.86163;1;T;True;2
1621217042000;11482687;0.86157;0.86169;0.86163;0;T;True;2
1621217043000;11482688;0.86157;0.86169;0.86163;0;T;True;2
1621217044000;11482689;0.86157;0.86169;0.86163;0;T;True;2
1621217045000;11482690;0.86157;0.86169;0.86163;0;T;True;2
1621217046000;11482691;0.86157;0.86169;0.86163;0;T;True;2
1621217047000;11482692;0.86157;0.86169;0.86163;0;T;True;2
1621217048000;11482693;0.86157;0.86169;0.86163;0;T;True;2
1621217049000;11482694;0.86157;0.86169;0.86163;0;T;True;2
1621217050000;11482696;0.86157;0.86169;0.86163;1;T;True;2
1621217051000;11482697;0.86157;0.86169;0.86163;0;T;True;2
1621217052000;11482698;0.86157;0.86169;0.86163;0;T;True;2
1621217053000;11482699;0.86157;0.86169;0.86163;0;T;True;2
1621217054000;11482700;0.86157;0.86169;0.86163;0;T;True;2
1621217055000;11482701;0.86157;0.86169;0.86163;0;T;True;2
1621217056000;11482702;0.86157;0.86169;0.86163;0;T;True;2
1621217057000;11482703;0.86157;0.86169;0.86163;0;T;True;2
1621217058000;11482704;0.86157;0.86169;0.86163;0;T;True;2
1621217059000;11482705;0.86157;0.86169;0.86163;0;T;True;2
1621217060000;11482706;0.86157;0.86169;0.86163;0;T;True;2
1621217061000;11482707;0.86157;0.86169;0.86163;0;T;True;2
1621217062000;11482708;0.86157;0.86169;0.86163;0;T;True;2
1621217063000;11482709;0.86157;0.86169;0.86163;0;T;True;2
1621217064000;11482710;0.86157;0.86169;0.86163;0;T;True;2
1621217065000;11482711;0.86157;0.86169;0.86163;0;T;True;2
1621217066000;11482712;0.86157;0.86169;0.86163;0;T;True;2
1621217067000;11482713;0.86157;0.86169;0.86163;0;T;True;2
1621217068000;11482715;0.86158;0.8617;0.86164;1;T;True;2
1621217069000;11482716;0.86158;0.8617;0.86164;0;T;True;2
1621217070000;11482717;0.86158;0.8617;0.86164;0;T;True;2
1621217071000;11482720;0.86158;0.8617;0.86164;2;T;True;2
1621217072000;11482721;0.86158;0.8617;0.86164;0;T;True;2
1621217073000;11482722;0.86158;0.8617;0.86164;0;T;True;2
1621217074000;11482723;0.86158;0.8617;0.86164;0;T;True;2
1621217075000;11482726;0.86158;0.8617;0.86164;2;T;True;2
1621217076000;11482728;0.86157;0.86169;0.86163;1;T;True;2
1621217077000;11482730;0.86158;0.8617;0.86164;1;T;True;2
1621217078000;11482731;0.86158;0.8617;0.86164;0;T;True;2
1621217079000;11482732;0.86158;0.8617;0.86164;0;T;True;2
1621217080000;11482733;0.86158;0.8617;0.86164;0;T;True;2
1621217081000;11482734;0.86158;0.8617;0.86164;0;T;True;2
1621217082000;11482737;0.86157;0.86169;0.86163;2;T;True;2
1621217083000;11482741;0.86157;0.86169;0.86163;3;T;True;2
1621217084000;11482742;0.86157;0.86169;0.86163;0;T;True;2
1621217085000;11482744;0.86158;0.8617;0.86164;1;T;True;2
1621217086000;11482749;0.86162;0.86174;0.86168;4;T;True;2
1621217087000;11482750;0.86162;0.86174;0.86168;0;T;True;2
1621217088000;11482753;0.8616;0.86172;0.86166;2;T;True;2
1621217089000;11482755;0.86159;0.86171;0.86165;1;T;True;2
1621217090000;11482756;0.86159;0.86171;0.86165;0;T;True;2
1621217091000;11482760;0.86161;0.86173;0.86167;3;T;True;2
1621217092000;11482762;0.86163;0.86175;0.86169;1;T;True;2
1621217093000;11482765;0.86159;0.86171;0.86165;2;T;True;2
1621217094000;11482770;0.86159;0.86171;0.86165;4;T;True;2
1621217095000;11482772;0.86158;0.8617;0.86164;1;T;True;2
1621217096000;11482781;0.86161;0.86173;0.86167;8;T;True;2
1621217097000;11482782;0.86161;0.86173;0.86167;0;T;True;2
1621217098000;11482784;0.86161;0.86173;0.86167;1;T;True;2
1621217099000;11482785;0.86161;0.86173;0.86167;0;T;True;2
1621217100000;11482786;0.86161;0.86173;0.86167;0;T;True;2
1621217101000;11482787;0.86161;0.86173;0.86167;0;T;True;2
1621217102000;11482788;0.86161;0.86173;0.86167;0;T;True;2
1621217103000;11482789;0.86161;0.86173;0.86167;0;T;True;2
1621217104000;11482790;0.86161;0.86173;0.86167;0;T;True;2
1621217105000;11482791;0.86161;0.86173;0.86167;0;T;True;2
1621217106000;11482793;0.86161;0.86173;0.86167;1;T;True;2
1621217107000;11482794;0.86161;0.86173;0.86167;0;T;True;2
1621217108000;11482797;0.86162;0.86174;0.86168;2;T;True;2
1621217109000;11482798;0.86162;0.86174;0.86168;0;T;True;2
1621217110000;11482801;0.86161;0.86173;0.86167;2;T;True;2
1621217111000;11482803;0.86161;0.86173;0.86167;1;T;True;2
1621217112000;11482804;0.86161;0.86173;0.86167;0;T;True;2
1621217113000;11482805;0.86161;0.86173;0.86167;0;T;True;2
1621217114000;11482806;0.86161;0.86173;0.86167;0;T;True;2
1621217115000;11482807;0.86161;0.86173;0.86167;0;T;True;2
1621217116000;11482808;0.86161;0.86173;0.86167;0;T;True;2
1621217117000;11482813;0.86158;0.8617;0.86164;4;T;True;2
1621217118000;11482815;0.86159;0.86171;0.86165;1;T;True;2
1621217119000;11482817;0.86158;0.8617;0.86164;1;T;True;2
1621217120000;11482819;0.86158;0.8617;0.86164;1;T;True;2
1621217121000;11482822;0.86159;0.86171;0.86165;2;T;True;2
1621217122000;11482824;0.86159;0.86171;0.86165;1;T;True;2
1621217123000;11482825;0.86159;0.86171;0.86165;0;T;True;2
1621217124000;11482827;0.86159;0.86171;0.86165;1;T;True;2
1621217125000;11482828;0.86159;0.86171;0.86165;0;T;True;2
1621217126000;11482829;0.86159;0.86171;0.86165;0;T;True;2
1621217127000;11482830;0.86159;0.86171;0.86165;0;T;True;2
1621217128000;11482831;0.86159;0.86171;0.86165;0;T;True;2
1621217129000;11482832;0.86159;0.86171;0.86165;0;T;True;2
1621217130000;11482833;0.86159;0.86171;0.86165;0;T;True;2
1621217131000;11482837;0.8616;0.86172;0.86166;3;T;True;2
1621217132000;11482840;0.86162;0.86174;0.86168;2;T;True;2
1621217133000;11482841;0.86162;0.86174;0.86168;0;T;True;2
1621217134000;11482842;0.86162;0.86174;0.86168;0;T;True;2
1621217135000;11482843;0.86162;0.86174;0.86168;0;T;True;2
1621217136000;11482844;0.86162;0.86174;0.86168;0;T;True;2
1621217137000;11482845;0.86162;0.86174;0.86168;0;T;True;2
1621217138000;11482846;0.86162;0.86174;0.86168;0;T;True;2
1621217139000;11482847;0.86162;0.86174;0.86168;0;T;True;2
1621217140000;11482848;0.86162;0.86174;0.86168;0;T;True;2
1621217141000;11482849;0.86162;0.86174;0.86168;0;T;True;2
1621217142000;11482850;0.86162;0.86174;0.86168;0;T;True;2
1621217143000;11482851;0.86162;0.86174;0.86168;0;T;True;2
1621217144000;11482855;0.8616;0.86172;0.86166;3;T;True;2
1621217145000;11482856;0.8616;0.86172;0.86166;0;T;True;2
1621217146000;11482857;0.8616;0.86172;0.86166;0;T;True;2
1621217147000;11482859;0.86159;0.86171;0.86165;1;T;True;2
1621217148000;11482860;0.86159;0.86171;0.86165;0;T;True;2
1621217149000;11482862;0.86159;0.86171;0.86165;1;T;True;2
1621217150000;11482863;0.86159;0.86171;0.86165;0;T;True;2
1621217151000;11482864;0.86159;0.86171;0.86165;0;T;True;2
1621217152000;11482867;0.86159;0.86171;0.86165;2;T;True;2
1621217153000;11482868;0.86159;0.86171;0.86165;0;T;True;2
1621217154000;11482869;0.86159;0.86171;0.86165;0;T;True;2
1621217155000;11482870;0.86159;0.86171;0.86165;0;T;True;2
1621217156000;11482871;0.86159;0.86171;0.86165;0;T;True;2
1621217157000;11482872;0.86159;0.86171;0.86165;0;T;True;2
1621217158000;11482877;0.86157;0.86169;0.86163;4;T;True;2
1621217159000;11482881;0.86156;0.86168;0.86162;3;T;True;2
1621217160000;11482882;0.86156;0.86168;0.86162;0;T;True;2
1621217161000;11482883;0.86156;0.86168;0.86162;0;T;True;2
1621217162000;11482886;0.86157;0.86169;0.86163;2;T;True;2
1621217163000;11482887;0.86157;0.86169;0.86163;0;T;True;2
1621217164000;11482888;0.86157;0.86169;0.86163;0;T;True;2
1621217165000;11482889;0.86157;0.86169;0.86163;0;T;True;2
1621217166000;11482890;0.86157;0.86169;0.86163;0;T;True;2
1621217167000;11482891;0.86157;0.86169;0.86163;0;T;True;2
1621217168000;11482892;0.86157;0.86169;0.86163;0;T;True;2
1621217169000;11482893;0.86157;0.86169;0.86163;0;T;True;2
1621217170000;11482894;0.86157;0.86169;0.86163;0;T;True;2
1621217171000;11482895;0.86157;0.86169;0.86163;0;T;True;2
1621217172000;11482896;0.86157;0.86169;0.86163;0;T;True;2
1621217173000;11482897;0.86157;0.86169;0.86163;0;T;True;2
1621217174000;11482898;0.86157;0.86169;0.86163;0;T;True;2
1621217175000;11482899;0.86157;0.86169;0.86163;0;T;True;2
1621217176000;11482900;0.86157;0.86169;0.86163;0;T;True;2
1621217177000;11482901;0.86157;0.86169;0.86163;0;T;True;2
1621217178000;11482902;0.86157;0.86169;0.86163;0;T;True;2
1621217179000;11482903;0.86157;0.86169;0.86163;0;T;True;2
1621217180000;11482904;0.86157;0.86169;0.86163;0;T;True;2
1621217181000;11482905;0.86157;0.86169;0.86163;0;T;True;2
1621217182000;11482910;0.86157;0.86169;0.86163;4;T;True;2
1621217183000;11482911;0.86157;0.86169;0.86163;0;T;True;2
1621217184000;11482912;0.86157;0.86169;0.86163;0;T;True;2
1621217185000;11482913;0.86157;0.86169;0.86163;0;T;True;2
1621217186000;11482918;0.86159;0.86171;0.86165;4;T;True;2
1621217187000;11482920;0.86158;0.8617;0.86164;1;T;True;2
1621217188000;11482922;0.86159;0.86171;0.86165;1;T;True;2
1621217189000;11482923;0.86159;0.86171;0.86165;0;T;True;2
1621217190000;11482924;0.86159;0.86171;0.86165;0;T;True;2
1621217191000;11482926;0.86159;0.86171;0.86165;1;T;True;2
1621217192000;11482927;0.86159;0.86171;0.86165;0;T;True;2
1621217193000;11482928;0.86159;0.86171;0.86165;0;T;True;2
1621217194000;11482930;0.86159;0.86171;0.86165;1;T;True;2
1621217195000;11482932;0.86159;0.86171;0.86165;1;T;True;2
1621217196000;11482935;0.86158;0.8617;0.86164;2;T;True;2
1621217197000;11482936;0.86158;0.8617;0.86164;0;T;True;2
1621217198000;11482939;0.86157;0.86169;0.86163;2;T;True;2
1621217199000;11482941;0.86157;0.86169;0.86163;1;T;True;2
1621217200000;11482942;0.86157;0.86169;0.86163;0;T;True;2
1621217201000;11482943;0.86157;0.86169;0.86163;0;T;True;2
1621217202000;11482944;0.86157;0.86169;0.86163;0;T;True;2
1621217203000;11482946;0.86159;0.86171;0.86165;1;T;True;2
1621217204000;11482947;0.86159;0.86171;0.86165;0;T;True;2
1621217205000;11482948;0.86159;0.86171;0.86165;0;T;True;2
1621217206000;11482949;0.86159;0.86171;0.86165;0;T;True;2
1621217207000;11482950;0.86159;0.86171;0.86165;0;T;True;2
1621217208000;11482951;0.86159;0.86171;0.86165;0;T;True;2
1621217209000;11482952;0.86159;0.86171;0.86165;0;T;True;2
1621217210000;11482953;0.86159;0.86171;0.86165;0;T;True;2
1621217211000;11482954;0.86159;0.86171;0.86165;0;T;True;2
1621217212000;11482955;0.86159;0.86171;0.86165;0;T;True;2
1621217213000;11482956;0.86159;0.86171;0.86165;0;T;True;2
1621217214000;11482957;0.86159;0.86171;0.86165;0;T;True;2
1621217215000;11482958;0.86159;0.86171;0.86165;0;T;True;2
1621217216000;11482959;0.86159;0.86171;0.86165;0;T;True;2
1621217217000;11482960;0.86159;0.86171;0.86165;0;T;True;2
1621217218000;11482961;0.86159;0.86171;0.86165;0;T;True;2
1621217219000;11482963;0.86161;0.86173;0.86167;1;T;True;2
1621217220000;11482968;0.86157;0.86169;0.86163;4;T;True;2
1621217221000;11482971;0.86157;0.86169;0.86163;2;T;True;2
1621217222000;11482972;0.86157;0.86169;0.86163;0;T;True;2
1621217223000;11482973;0.86157;0.86169;0.86163;0;T;True;2
1621217224000;11482974;0.86157;0.86169;0.86163;0;T;True;2
1621217225000;11482975;0.86157;0.86169;0.86163;0;T;True;2
1621217226000;11482976;0.86157;0.86169;0.86163;0;T;True;2
1621217227000;11482977;0.86157;0.86169;0.86163;0;T;True;2
1621217228000;11482979;0.86158;0.8617;0.86164;1;T;True;2
1621217229000;11482980;0.86158;0.8617;0.86164;0;T;True;2
1621217230000;11482981;0.86158;0.8617;0.86164;0;T;True;2
1621217231000;11482982;0.86158;0.8617;0.86164;0;T;True;2
1621217232000;11482983;0.86158;0.8617;0.86164;0;T;True;2
1621217233000;11482984;0.86158;0.8617;0.86164;0;T;True;2
1621217234000;11482985;0.86158;0.8617;0.86164;0;T;True;2
1621217235000;11482986;0.86158;0.8617;0.86164;0;T;True;2
1621217236000;11482987;0.86158;0.8617;0.86164;0;T;True;2
1621217237000;11482988;0.86158;0.8617;0.86164;0;T;True;2
1621217238000;11482989;0.86158;0.8617;0.86164;0;T;True;2
1621217239000;11482990;0.86158;0.8617;0.86164;0;T;True;2
1621217240000;11482991;0.86158;0.8617;0.86164;0;T;True;2
1621217241000;11482992;0.86158;0.8617;0.86164;0;T;True;2
1621217242000;11482993;0.86158;0.8617;0.86164;0;T;True;2
1621217243000;11482994;0.86158;0.8617;0.86164;0;T;True;2
1621217244000;11482995;0.86158;0.8617;0.86164;0;T;True;2
1621217245000;11482996;0.86158;0.8617;0.86164;0;T;True;2
1621217246000;11482997;0.86158;0.8617;0.86164;0;T;True;2
1621217247000;11482998;0.86158;0.8617;0.86164;0;T;True;2
1621217248000;11482999;0.86158;0.8617;0.86164;0;T;True;2
1621217249000;11483000;0.86158;0.8617;0.86164;0;T;True;2
1621217250000;11483001;0.86158;0.8617;0.86164;0;T;True;2
1621217251000;11483002;0.86158;0.8617;0.86164;0;T;True;2
1621217252000;11483004;0.86157;0.86169;0.86163;1;T;True;2
1621217253000;11483005;0.86157;0.86169;0.86163;0;T;True;2
1621217254000;11483007;0.86158;0.8617;0.86164;1;T;True;2
1621217255000;11483008;0.86158;0.8617;0.86164;0;T;True;2
1621217256000;11483009;0.86158;0.8617;0.86164;0;T;True;2
1621217257000;11483010;0.86158;0.8617;0.86164;0;T;True;2
1621217258000;11483011;0.86158;0.8617;0.86164;0;T;True;2
1621217259000;11483012;0.86158;0.8617;0.86164;0;T;True;2
1621217260000;11483013;0.86158;0.8617;0.86164;0;T;True;2
1621217261000;11483014;0.86158;0.8617;0.86164;0;T;True;2
1621217262000;11483015;0.86158;0.8617;0.86164;0;T;True;2
1621217263000;11483016;0.86158;0.8617;0.86164;0;T;True;2
1621217264000;11483017;0.86158;0.8617;0.86164;0;T;True;2
1621217265000;11483018;0.86158;0.8617;0.86164;0;T;True;2
1621217266000;11483019;0.86158;0.8617;0.86164;0;T;True;2
1621217267000;11483020;0.86158;0.8617;0.86164;0;T;True;2
1621217268000;11483021;0.86158;0.8617;0.86164;0;T;True;2
1621217269000;11483022;0.86158;0.8617;0.86164;0;T;True;2
1621217270000;11483023;0.86158;0.8617;0.86164;0;T;True;2
1621217271000;11483024;0.86158;0.8617;0.86164;0;T;True;2
1621217272000;11483025;0.86158;0.8617;0.86164;0;T;True;2
1621217273000;11483026;0.86158;0.8617;0.86164;0;T;True;2
1621217274000;11483027;0.86158;0.8617;0.86164;0;T;True;2
1621217275000;11483028;0.86158;0.8617;0.86164;0;T;True;2
1621217276000;11483029;0.86158;0.8617;0.86164;0;T;True;2
1621217277000;11483030;0.86158;0.8617;0.86164;0;T;True;2
1621217278000;11483031;0.86158;0.8617;0.86164;0;T;True;2
1621217279000;11483032;0.86158;0.8617;0.86164;0;T;True;2
1621217280000;11483033;0.86158;0.8617;0.86164;0;T;True;2
1621217281000;11483034;0.86158;0.8617;0.86164;0;T;True;2
1621217282000;11483035;0.86158;0.8617;0.86164;0;T;True;2
1621217283000;11483036;0.86158;0.8617;0.86164;0;T;True;2
1621217284000;11483037;0.86158;0.8617;0.86164;0;T;True;2
1621217285000;11483038;0.86158;0.8617;0.86164;0;T;True;2
1621217286000;11483039;0.86158;0.8617;0.86164;0;T;True;2
1621217287000;11483041;0.86159;0.86171;0.86165;1;T;True;2
1621217288000;11483042;0.86159;0.86171;0.86165;0;T;True;2
1621217289000;11483043;0.86159;0.86171;0.86165;0;T;True;2
1621217290000;11483044;0.86159;0.86171;0.86165;0;T;True;2
1621217291000;11483045;0.86159;0.86171;0.86165;0;T;True;2
1621217292000;11483047;0.86157;0.86169;0.86163;1;T;True;2
1621217293000;11483050;0.86156;0.86168;0.86162;2;T;True;2
1621217294000;11483051;0.86156;0.86168;0.86162;0;T;True;2
1621217295000;11483052;0.86156;0.86168;0.86162;0;T;True;2
1621217296000;11483053;0.86156;0.86168;0.86162;0;T;True;2
1621217297000;11483054;0.86156;0.86168;0.86162;0;T;True;2
1621217298000;11483055;0.86156;0.86168;0.86162;0;T;True;2
1621217299000;11483056;0.86156;0.86168;0.86162;0;T;True;2
1621217300000;11483057;0.86156;0.86168;0.86162;0;T;True;2
1621217301000;11483059;0.86155;0.86167;0.86161;1;T;True;2
1621217302000;11483060;0.86155;0.86167;0.86161;0;T;True;2
1621217303000;11483061;0.86155;0.86167;0.86161;0;T;True;2
1621217304000;11483062;0.86155;0.86167;0.86161;0;T;True;2
1621217305000;11483063;0.86155;0.86167;0.86161;0;T;True;2
1621217306000;11483064;0.86155;0.86167;0.86161;0;T;True;2
1621217307000;11483065;0.86155;0.86167;0.86161;0;T;True;2
1621217308000;11483069;0.86153;0.86165;0.86159;3;T;True;2
1621217309000;11483072;0.86153;0.86165;0.86159;2;T;True;2
1621217310000;11483073;0.86153;0.86165;0.86159;0;T;True;2
1621217311000;11483074;0.86153;0.86165;0.86159;0;T;True;2
1621217312000;11483075;0.86153;0.86165;0.86159;0;T;True;2
1621217313000;11483076;0.86153;0.86165;0.86159;0;T;True;2
1621217314000;11483077;0.86153;0.86165;0.86159;0;T;True;2
1621217315000;11483078;0.86153;0.86165;0.86159;0;T;True;2
1621217316000;11483079;0.86153;0.86165;0.86159;0;T;True;2
1621217317000;11483081;0.86154;0.86166;0.8616;1;T;True;2
1621217318000;11483085;0.86151;0.86163;0.86157;3;T;True;2
1621217319000;11483086;0.86151;0.86163;0.86157;0;T;True;2
1621217320000;11483087;0.86151;0.86163;0.86157;0;T;True;2
1621217321000;11483088;0.86151;0.86163;0.86157;0;T;True;2
1621217322000;11483089;0.86151;0.86163;0.86157;0;T;True;2
1621217323000;11483090;0.86151;0.86163;0.86157;0;T;True;2
1621217324000;11483091;0.86151;0.86163;0.86157;0;T;True;2
1621217325000;11483092;0.86151;0.86163;0.86157;0;T;True;2
1621217326000;11483093;0.86151;0.86163;0.86157;0;T;True;2
1621217327000;11483094;0.86151;0.86163;0.86157;0;T;True;2
1621217328000;11483095;0.86151;0.86163;0.86157;0;T;True;2
1621217329000;11483096;0.86151;0.86163;0.86157;0;T;True;2
1621217330000;11483097;0.86151;0.86163;0.86157;0;T;True;2
1621217331000;11483098;0.86151;0.86163;0.86157;0;T;True;2
1621217332000;11483099;0.86151;0.86163;0.86157;0;T;True;2
1621217333000;11483100;0.86151;0.86163;0.86157;0;T;True;2
1621217334000;11483101;0.86151;0.86163;0.86157;0;T;True;2
1621217335000;11483102;0.86151;0.86163;0.86157;0;T;True;2
1621217336000;11483103;0.86151;0.86163;0.86157;0;T;True;2
1621217337000;11483104;0.86151;0.86163;0.86157;0;T;True;2
1621217338000;11483105;0.86151;0.86163;0.86157;0;T;True;2
1621217339000;11483107;0.8615;0.86162;0.86156;1;T;True;2
1621217340000;11483109;0.86151;0.86163;0.86157;1;T;True;2
1621217341000;11483110;0.86151;0.86163;0.86157;0;T;True;2
1621217342000;11483112;0.8615;0.86162;0.86156;1;T;True;2
1621217343000;11483113;0.8615;0.86162;0.86156;0;T;True;2
1621217344000;11483115;0.86149;0.86161;0.86155;1;T;True;2
1621217345000;11483116;0.86149;0.86161;0.86155;0;T;True;2
1621217346000;11483117;0.86149;0.86161;0.86155;0;T;True;2
1621217347000;11483118;0.86149;0.86161;0.86155;0;T;True;2
1621217348000;11483119;0.86149;0.86161;0.86155;0;T;True;2
1621217349000;11483120;0.86149;0.86161;0.86155;0;T;True;2
1621217350000;11483121;0.86149;0.86161;0.86155;0;T;True;2
1621217351000;11483122;0.86149;0.86161;0.86155;0;T;True;2
1621217352000;11483123;0.86149;0.86161;0.86155;0;T;True;2
1621217353000;11483124;0.86149;0.86161;0.86155;0;T;True;2
1621217354000;11483125;0.86149;0.86161;0.86155;0;T;True;2
1621217355000;11483126;0.86149;0.86161;0.86155;0;T;True;2
1621217356000;11483127;0.86149;0.86161;0.86155;0;T;True;2
1621217357000;11483128;0.86149;0.86161;0.86155;0;T;True;2
1621217358000;11483129;0.86149;0.86161;0.86155;0;T;True;2
1621217359000;11483132;0.86146;0.86158;0.86152;2;T;True;2
1621217360000;11483133;0.86146;0.86158;0.86152;0;T;True;2
1621217361000;11483135;0.86147;0.86159;0.86153;1;T;True;2
1621217362000;11483136;0.86147;0.86159;0.86153;0;T;True;2
1621217363000;11483137;0.86147;0.86159;0.86153;0;T;True;2
1621217364000;11483138;0.86147;0.86159;0.86153;0;T;True;2
1621217365000;11483139;0.86147;0.86159;0.86153;0;T;True;2
1621217366000;11483140;0.86147;0.86159;0.86153;0;T;True;2
1621217367000;11483141;0.86147;0.86159;0.86153;0;T;True;2
1621217368000;11483142;0.86147;0.86159;0.86153;0;T;True;2
1621217369000;11483143;0.86147;0.86159;0.86153;0;T;True;2
1621217370000;11483144;0.86147;0.86159;0.86153;0;T;True;2
1621217371000;11483145;0.86147;0.86159;0.86153;0;T;True;2
1621217372000;11483146;0.86147;0.86159;0.86153;0;T;True;2
1621217373000;11483147;0.86147;0.86159;0.86153;0;T;True;2
1621217374000;11483148;0.86147;0.86159;0.86153;0;T;True;2
1621217375000;11483149;0.86147;0.86159;0.86153;0;T;True;2
1621217376000;11483150;0.86147;0.86159;0.86153;0;T;True;2
1621217377000;11483151;0.86147;0.86159;0.86153;0;T;True;2
1621217378000;11483152;0.86147;0.86159;0.86153;0;T;True;2
1621217379000;11483153;0.86147;0.86159;0.86153;0;T;True;2
1621217380000;11483154;0.86147;0.86159;0.86153;0;T;True;2
1621217381000;11483155;0.86147;0.86159;0.86153;0;T;True;2
1621217382000;11483156;0.86147;0.86159;0.86153;0;T;True;2
1621217383000;11483157;0.86147;0.86159;0.86153;0;T;True;2
1621217384000;11483158;0.86147;0.86159;0.86153;0;T;True;2
1621217385000;11483159;0.86147;0.86159;0.86153;0;T;True;2
1621217386000;11483160;0.86147;0.86159;0.86153;0;T;True;2
1621217387000;11483161;0.86147;0.86159;0.86153;0;T;True;2
1621217388000;11483162;0.86147;0.86159;0.86153;0;T;True;2
1621217389000;11483163;0.86147;0.86159;0.86153;0;T;True;2
1621217390000;11483165;0.86146;0.86158;0.86152;1;T;True;2
1621217391000;11483166;0.86146;0.86158;0.86152;0;T;True;2
1621217392000;11483167;0.86146;0.86158;0.86152;0;T;True;2
1621217393000;11483169;0.86147;0.86159;0.86153;1;T;True;2
1621217394000;11483170;0.86147;0.86159;0.86153;0;T;True;2
1621217395000;11483171;0.86147;0.86159;0.86153;0;T;True;2
1621217396000;11483172;0.86147;0.86159;0.86153;0;T;True;2
1621217397000;11483173;0.86147;0.86159;0.86153;0;T;True;2
1621217398000;11483174;0.86147;0.86159;0.86153;0;T;True;2
1621217399000;11483175;0.86147;0.86159;0.86153;0;T;True;2
1621217400000;11483176;0.86147;0.86159;0.86153;0;T;True;2
1621217401000;11483178;0.86146;0.86158;0.86152;1;T;True;2
1621217402000;11483179;0.86146;0.86158;0.86152;0;T;True;2
1621217403000;11483180;0.86146;0.86158;0.86152;0;T;True;2
1621217404000;11483181;0.86146;0.86158;0.86152;0;T;True;2
1621217405000;11483182;0.86146;0.86158;0.86152;0;T;True;2
1621217406000;11483183;0.86146;0.86158;0.86152;0;T;True;2
1621217407000;11483184;0.86146;0.86158;0.86152;0;T;True;2
1621217408000;11483186;0.86147;0.86159;0.86153;1;T;True;2
1621217409000;11483187;0.86147;0.86159;0.86153;0;T;True;2
1621217410000;11483188;0.86147;0.86159;0.86153;0;T;True;2
1621217411000;11483189;0.86147;0.86159;0.86153;0;T;True;2
1621217412000;11483191;0.86145;0.86157;0.86151;1;T;True;2
1621217413000;11483193;0.86144;0.86156;0.8615;1;T;True;2
1621217414000;11483194;0.86144;0.86156;0.8615;0;T;True;2
1621217415000;11483196;0.86143;0.86155;0.86149;1;T;True;2
1621217416000;11483198;0.86142;0.86154;0.86148;1;T;True;2
1621217417000;11483200;0.86143;0.86155;0.86149;1;T;True;2
1621217418000;11483201;0.86143;0.86155;0.86149;0;T;True;2
1621217419000;11483202;0.86143;0.86155;0.86149;0;T;True;2
1621217420000;11483204;0.86142;0.86154;0.86148;1;T;True;2
1621217421000;11483205;0.86142;0.86154;0.86148;0;T;True;2
1621217422000;11483206;0.86142;0.86154;0.86148;0;T;True;2
1621217423000;11483207;0.86142;0.86154;0.86148;0;T;True;2
1621217424000;11483208;0.86142;0.86154;0.86148;0;T;True;2
1621217425000;11483209;0.86142;0.86154;0.86148;0;T;True;2
1621217426000;11483210;0.86142;0.86154;0.86148;0;T;True;2
1621217427000;11483211;0.86142;0.86154;0.86148;0;T;True;2
1621217428000;11483212;0.86142;0.86154;0.86148;0;T;True;2
1621217429000;11483213;0.86142;0.86154;0.86148;0;T;True;2
1621217430000;11483214;0.86142;0.86154;0.86148;0;T;True;2
1621217431000;11483218;0.86143;0.86155;0.86149;3;T;True;2
1621217432000;11483219;0.86143;0.86155;0.86149;0;T;True;2
1621217433000;11483220;0.86143;0.86155;0.86149;0;T;True;2
1621217434000;11483222;0.86145;0.86157;0.86151;1;T;True;2
1621217435000;11483223;0.86145;0.86157;0.86151;0;T;True;2
1621217436000;11483224;0.86145;0.86157;0.86151;0;T;True;2
1621217437000;11483225;0.86145;0.86157;0.86151;0;T;True;2
1621217438000;11483226;0.86145;0.86157;0.86151;0;T;True;2
1621217439000;11483227;0.86145;0.86157;0.86151;0;T;True;2
1621217440000;11483228;0.86145;0.86157;0.86151;0;T;True;2
1621217441000;11483229;0.86145;0.86157;0.86151;0;T;True;2
1621217442000;11483230;0.86145;0.86157;0.86151;0;T;True;2
1621217443000;11483231;0.86145;0.86157;0.86151;0;T;True;2
1621217444000;11483232;0.86145;0.86157;0.86151;0;T;True;2
1621217445000;11483233;0.86145;0.86157;0.86151;0;T;True;2
1621217446000;11483234;0.86145;0.86157;0.86151;0;T;True;2
1621217447000;11483235;0.86145;0.86157;0.86151;0;T;True;2
1621217448000;11483236;0.86145;0.86157;0.86151;0;T;True;2
1621217449000;11483237;0.86145;0.86157;0.86151;0;T;True;2
1621217450000;11483238;0.86145;0.86157;0.86151;0;T;True;2
1621217451000;11483242;0.86143;0.86155;0.86149;3;T;True;2
1621217452000;11483243;0.86143;0.86155;0.86149;0;T;True;2
1621217453000;11483244;0.86143;0.86155;0.86149;0;T;True;2
1621217454000;11483245;0.86143;0.86155;0.86149;0;T;True;2
1621217455000;11483246;0.86143;0.86155;0.86149;0;T;True;2
1621217456000;11483247;0.86143;0.86155;0.86149;0;T;True;2
1621217457000;11483248;0.86143;0.86155;0.86149;0;T;True;2
1621217458000;11483249;0.86143;0.86155;0.86149;0;T;True;2
1621217459000;11483250;0.86143;0.86155;0.86149;0;T;True;2
1621217460000;11483251;0.86143;0.86155;0.86149;0;T;True;2
1621217461000;11483252;0.86143;0.86155;0.86149;0;T;True;2
1621217462000;11483253;0.86143;0.86155;0.86149;0;T;True;2
1621217463000;11483254;0.86143;0.86155;0.86149;0;T;True;2
1621217464000;11483255;0.86143;0.86155;0.86149;0;T;True;2
1621217465000;11483256;0.86143;0.86155;0.86149;0;T;True;2
1621217466000;11483257;0.86143;0.86155;0.86149;0;T;True;2
1621217467000;11483258;0.86143;0.86155;0.86149;0;T;True;2
1621217468000;11483259;0.86143;0.86155;0.86149;0;T;True;2
1621217469000;11483260;0.86143;0.86155;0.86149;0;T;True;2
1621217470000;11483261;0.86143;0.86155;0.86149;0;T;True;2
1621217471000;11483262;0.86143;0.86155;0.86149;0;T;True;2
1621217472000;11483263;0.86143;0.86155;0.86149;0;T;True;2
1621217473000;11483264;0.86143;0.86155;0.86149;0;T;True;2
1621217474000;11483265;0.86143;0.86155;0.86149;0;T;True;2
1621217475000;11483266;0.86143;0.86155;0.86149;0;T;True;2
1621217476000;11483267;0.86143;0.86155;0.86149;0;T;True;2
1621217477000;11483269;0.86142;0.86154;0.86148;1;T;True;2
1621217478000;11483271;0.86143;0.86155;0.86149;1;T;True;2
1621217479000;11483272;0.86143;0.86155;0.86149;0;T;True;2
1621217480000;11483273;0.86143;0.86155;0.86149;0;T;True;2
1621217481000;11483274;0.86143;0.86155;0.86149;0;T;True;2
1621217482000;11483275;0.86143;0.86155;0.86149;0;T;True;2
1621217483000;11483277;0.86142;0.86154;0.86148;1;T;True;2
1621217484000;11483279;0.86143;0.86155;0.86149;1;T;True;2
1621217485000;11483280;0.86143;0.86155;0.86149;0;T;True;2
1621217486000;11483281;0.86143;0.86155;0.86149;0;T;True;2
1621217487000;11483282;0.86143;0.86155;0.86149;0;T;True;2
1621217488000;11483287;0.86141;0.86153;0.86147;4;T;True;2
1621217489000;11483288;0.86141;0.86153;0.86147;0;T;True;2
1621217490000;11483289;0.86141;0.86153;0.86147;0;T;True;2
1621217491000;11483290;0.86141;0.86153;0.86147;0;T;True;2
1621217492000;11483291;0.86141;0.86153;0.86147;0;T;True;2
1621217493000;11483294;0.86138;0.8615;0.86144;2;T;True;2
1621217494000;11483296;0.86139;0.86151;0.86145;1;T;True;2
1621217495000;11483297;0.86139;0.86151;0.86145;0;T;True;2
1621217496000;11483298;0.86139;0.86151;0.86145;0;T;True;2
1621217497000;11483299;0.86139;0.86151;0.86145;0;T;True;2
1621217498000;11483300;0.86139;0.86151;0.86145;0;T;True;2
1621217499000;11483301;0.86139;0.86151;0.86145;0;T;True;2
1621217500000;11483302;0.86139;0.86151;0.86145;0;T;True;2
1621217501000;11483307;0.86143;0.86155;0.86149;4;T;True;2
1621217502000;11483312;0.86145;0.86157;0.86151;4;T;True;2
1621217503000;11483313;0.86145;0.86157;0.86151;0;T;True;2
1621217504000;11483314;0.86145;0.86157;0.86151;0;T;True;2
1621217505000;11483315;0.86145;0.86157;0.86151;0;T;True;2
1621217506000;11483317;0.86145;0.86157;0.86151;1;T;True;2
1621217507000;11483318;0.86145;0.86157;0.86151;0;T;True;2
1621217508000;11483319;0.86145;0.86157;0.86151;0;T;True;2
1621217509000;11483320;0.86145;0.86157;0.86151;0;T;True;2
1621217510000;11483321;0.86145;0.86157;0.86151;0;T;True;2
1621217511000;11483322;0.86145;0.86157;0.86151;0;T;True;2
1621217512000;11483323;0.86145;0.86157;0.86151;0;T;True;2
1621217513000;11483324;0.86145;0.86157;0.86151;0;T;True;2
1621217514000;11483325;0.86145;0.86157;0.86151;0;T;True;2
1621217515000;11483333;0.86143;0.86155;0.86149;7;T;True;2
1621217516000;11483336;0.86143;0.86155;0.86149;2;T;True;2
1621217517000;11483337;0.86143;0.86155;0.86149;0;T;True;2
1621217518000;11483338;0.86143;0.86155;0.86149;0;T;True;2
1621217519000;11483339;0.86143;0.86155;0.86149;0;T;True;2
1621217520000;11483345;0.86143;0.86155;0.86149;5;T;True;2
1621217521000;11483347;0.86143;0.86155;0.86149;1;T;True;2
1621217522000;11483349;0.86143;0.86155;0.86149;1;T;True;2
1621217523000;11483350;0.86143;0.86155;0.86149;0;T;True;2
1621217524000;11483351;0.86143;0.86155;0.86149;0;T;True;2
1621217525000;11483352;0.86143;0.86155;0.86149;0;T;True;2
1621217526000;11483353;0.86143;0.86155;0.86149;0;T;True;2
1621217527000;11483354;0.86143;0.86155;0.86149;0;T;True;2
1621217528000;11483355;0.86143;0.86155;0.86149;0;T;True;2
1621217529000;11483356;0.86143;0.86155;0.86149;0;T;True;2
1621217530000;11483357;0.86143;0.86155;0.86149;0;T;True;2
1621217531000;11483358;0.86143;0.86155;0.86149;0;T;True;2
1621217532000;11483359;0.86143;0.86155;0.86149;0;T;True;2
1621217533000;11483360;0.86143;0.86155;0.86149;0;T;True;2
1621217534000;11483361;0.86143;0.86155;0.86149;0;T;True;2
1621217535000;11483362;0.86143;0.86155;0.86149;0;T;True;2
1621217536000;11483363;0.86143;0.86155;0.86149;0;T;True;2
1621217537000;11483364;0.86143;0.86155;0.86149;0;T;True;2
1621217538000;11483369;0.86143;0.86155;0.86149;4;T;True;2
1621217539000;11483370;0.86143;0.86155;0.86149;0;T;True;2
1621217540000;11483371;0.86143;0.86155;0.86149;0;T;True;2
1621217541000;11483372;0.86143;0.86155;0.86149;0;T;True;2
1621217542000;11483375;0.86143;0.86155;0.86149;2;T;True;2
1621217543000;11483376;0.86143;0.86155;0.86149;0;T;True;2
1621217544000;11483377;0.86143;0.86155;0.86149;0;T;True;2
1621217545000;11483378;0.86143;0.86155;0.86149;0;T;True;2
1621217546000;11483379;0.86143;0.86155;0.86149;0;T;True;2
1621217547000;11483380;0.86143;0.86155;0.86149;0;T;True;2
1621217548000;11483381;0.86143;0.86155;0.86149;0;T;True;2
1621217549000;11483382;0.86143;0.86155;0.86149;0;T;True;2
1621217550000;11483383;0.86143;0.86155;0.86149;0;T;True;2
1621217551000;11483384;0.86143;0.86155;0.86149;0;T;True;2
1621217552000;11483385;0.86143;0.86155;0.86149;0;T;True;2
1621217553000;11483386;0.86143;0.86155;0.86149;0;T;True;2
1621217554000;11483387;0.86143;0.86155;0.86149;0;T;True;2
1621217555000;11483388;0.86143;0.86155;0.86149;0;T;True;2
1621217556000;11483389;0.86143;0.86155;0.86149;0;T;True;2
1621217557000;11483392;0.86143;0.86155;0.86149;2;T;True;2
1621217558000;11483393;0.86143;0.86155;0.86149;0;T;True;2
1621217559000;11483394;0.86143;0.86155;0.86149;0;T;True;2
1621217560000;11483395;0.86143;0.86155;0.86149;0;T;True;2
1621217561000;11483396;0.86143;0.86155;0.86149;0;T;True;2
1621217562000;11483397;0.86143;0.86155;0.86149;0;T;True;2
1621217563000;11483398;0.86143;0.86155;0.86149;0;T;True;2
1621217564000;11483399;0.86143;0.86155;0.86149;0;T;True;2
1621217565000;11483400;0.86143;0.86155;0.86149;0;T;True;2
1621217566000;11483403;0.86143;0.86155;0.86149;2;T;True;2
1621217567000;11483404;0.86143;0.86155;0.86149;0;T;True;2
1621217568000;11483405;0.86143;0.86155;0.86149;0;T;True;2
1621217569000;11483406;0.86143;0.86155;0.86149;0;T;True;2
1621217570000;11483407;0.86143;0.86155;0.86149;0;T;True;2
1621217571000;11483408;0.86143;0.86155;0.86149;0;T;True;2
1621217572000;11483409;0.86143;0.86155;0.86149;0;T;True;2
1621217573000;11483413;0.86142;0.86154;0.86148;3;T;True;2
1621217574000;11483414;0.86142;0.86154;0.86148;0;T;True;2
1621217575000;11483415;0.86142;0.86154;0.86148;0;T;True;2
1621217576000;11483416;0.86142;0.86154;0.86148;0;T;True;2
1621217577000;11483417;0.86142;0.86154;0.86148;0;T;True;2
1621217578000;11483418;0.86142;0.86154;0.86148;0;T;True;2
1621217579000;11483419;0.86142;0.86154;0.86148;0;T;True;2
1621217580000;11483423;0.86144;0.86156;0.8615;3;T;True;2
1621217581000;11483426;0.86145;0.86157;0.86151;2;T;True;2
1621217582000;11483428;0.86145;0.86157;0.86151;1;T;True;2
1621217583000;11483429;0.86145;0.86157;0.86151;0;T;True;2
1621217584000;11483430;0.86145;0.86157;0.86151;0;T;True;2
1621217585000;11483431;0.86145;0.86157;0.86151;0;T;True;2
1621217586000;11483432;0.86145;0.86157;0.86151;0;T;True;2
1621217587000;11483434;0.86145;0.86157;0.86151;1;T;True;2
1621217588000;11483436;0.86146;0.86158;0.86152;1;T;True;2
1621217589000;11483438;0.86145;0.86157;0.86151;1;T;True;2
1621217590000;11483439;0.86145;0.86157;0.86151;0;T;True;2
1621217591000;11483440;0.86145;0.86157;0.86151;0;T;True;2
1621217592000;11483441;0.86145;0.86157;0.86151;0;T;True;2
1621217593000;11483445;0.86147;0.86159;0.86153;3;T;True;2
1621217594000;11483447;0.86147;0.86159;0.86153;1;T;True;2
1621217595000;11483448;0.86147;0.86159;0.86153;0;T;True;2
1621217596000;11483449;0.86147;0.86159;0.86153;0;T;True;2
1621217597000;11483450;0.86147;0.86159;0.86153;0;T;True;2
1621217598000;11483451;0.86147;0.86159;0.86153;0;T;True;2
1621217599000;11483452;0.86147;0.86159;0.86153;0;T;True;2
1621217600000;11483453;0.86147;0.86159;0.86153;0;T;True;2
1621217601000;11483454;0.86147;0.86159;0.86153;0;T;True;2
1621217602000;11483455;0.86147;0.86159;0.86153;0;T;True;2
1621217603000;11483456;0.86147;0.86159;0.86153;0;T;True;2
1621217604000;11483457;0.86147;0.86159;0.86153;0;T;True;2
1621217605000;11483459;0.86146;0.86158;0.86152;1;T;True;2
1621217606000;11483461;0.86145;0.86157;0.86151;1;T;True;2
1621217607000;11483462;0.86145;0.86157;0.86151;0;T;True;2
1621217608000;11483463;0.86145;0.86157;0.86151;0;T;True;2
1621217609000;11483464;0.86145;0.86157;0.86151;0;T;True;2
1621217610000;11483465;0.86145;0.86157;0.86151;0;T;True;2
1621217611000;11483467;0.86143;0.86155;0.86149;1;T;True;2
1621217612000;11483468;0.86143;0.86155;0.86149;0;T;True;2
1621217613000;11483469;0.86143;0.86155;0.86149;0;T;True;2
1621217614000;11483470;0.86143;0.86155;0.86149;0;T;True;2
1621217615000;11483475;0.86143;0.86155;0.86149;4;T;True;2
1621217616000;11483476;0.86143;0.86155;0.86149;0;T;True;2
1621217617000;11483477;0.86143;0.86155;0.86149;0;T;True;2
1621217618000;11483478;0.86143;0.86155;0.86149;0;T;True;2
1621217619000;11483479;0.86143;0.86155;0.86149;0;T;True;2
1621217620000;11483480;0.86143;0.86155;0.86149;0;T;True;2
1621217621000;11483481;0.86143;0.86155;0.86149;0;T;True;2
1621217622000;11483482;0.86143;0.86155;0.86149;0;T;True;2
1621217623000;11483483;0.86143;0.86155;0.86149;0;T;True;2
1621217624000;11483485;0.86143;0.86155;0.86149;1;T;True;2
1621217625000;11483487;0.86145;0.86157;0.86151;1;T;True;2
1621217626000;11483488;0.86145;0.86157;0.86151;0;T;True;2
1621217627000;11483489;0.86145;0.86157;0.86151;0;T;True;2
1621217628000;11483490;0.86145;0.86157;0.86151;0;T;True;2
1621217629000;11483491;0.86145;0.86157;0.86151;0;T;True;2
1621217630000;11483492;0.86145;0.86157;0.86151;0;T;True;2
1621217631000;11483493;0.86145;0.86157;0.86151;0;T;True;2
1621217632000;11483494;0.86145;0.86157;0.86151;0;T;True;2
1621217633000;11483496;0.86143;0.86155;0.86149;1;T;True;2
1621217634000;11483498;0.86143;0.86155;0.86149;1;T;True;2
1621217635000;11483499;0.86143;0.86155;0.86149;0;T;True;2
1621217636000;11483500;0.86143;0.86155;0.86149;0;T;True;2
1621217637000;11483502;0.86144;0.86156;0.8615;1;T;True;2
1621217638000;11483503;0.86144;0.86156;0.8615;0;T;True;2
1621217639000;11483504;0.86144;0.86156;0.8615;0;T;True;2
1621217640000;11483506;0.86144;0.86156;0.8615;1;T;True;2
1621217641000;11483507;0.86144;0.86156;0.8615;0;T;True;2
1621217642000;11483511;0.86144;0.86156;0.8615;3;T;True;2
1621217643000;11483513;0.86144;0.86156;0.8615;1;T;True;2
1621217644000;11483514;0.86144;0.86156;0.8615;0;T;True;2
1621217645000;11483516;0.86143;0.86155;0.86149;1;T;True;2
1621217646000;11483518;0.86144;0.86156;0.8615;1;T;True;2
1621217647000;11483519;0.86144;0.86156;0.8615;0;T;True;2
1621217648000;11483520;0.86144;0.86156;0.8615;0;T;True;2
1621217649000;11483521;0.86144;0.86156;0.8615;0;T;True;2
1621217650000;11483522;0.86144;0.86156;0.8615;0;T;True;2
1621217651000;11483523;0.86144;0.86156;0.8615;0;T;True;2
1621217652000;11483524;0.86144;0.86156;0.8615;0;T;True;2
1621217653000;11483527;0.86144;0.86156;0.8615;2;T;True;2
1621217654000;11483528;0.86144;0.86156;0.8615;0;T;True;2
1621217655000;11483529;0.86144;0.86156;0.8615;0;T;True;2
1621217656000;11483530;0.86144;0.86156;0.8615;0;T;True;2
1621217657000;11483531;0.86144;0.86156;0.8615;0;T;True;2
1621217658000;11483532;0.86144;0.86156;0.8615;0;T;True;2
1621217659000;11483533;0.86144;0.86156;0.8615;0;T;True;2
1621217660000;11483535;0.86143;0.86155;0.86149;1;T;True;2
1621217661000;11483537;0.86144;0.86156;0.8615;1;T;True;2
1621217662000;11483539;0.86143;0.86155;0.86149;1;T;True;2
1621217663000;11483540;0.86143;0.86155;0.86149;0;T;True;2
1621217664000;11483541;0.86143;0.86155;0.86149;0;T;True;2
1621217665000;11483542;0.86143;0.86155;0.86149;0;T;True;2
1621217666000;11483543;0.86143;0.86155;0.86149;0;T;True;2
1621217667000;11483544;0.86143;0.86155;0.86149;0;T;True;2
1621217668000;11483545;0.86143;0.86155;0.86149;0;T;True;2
1621217669000;11483546;0.86143;0.86155;0.86149;0;T;True;2
1621217670000;11483547;0.86143;0.86155;0.86149;0;T;True;2
1621217671000;11483548;0.86143;0.86155;0.86149;0;T;True;2
1621217672000;11483549;0.86143;0.86155;0.86149;0;T;True;2
1621217673000;11483550;0.86143;0.86155;0.86149;0;T;True;2
1621217674000;11483551;0.86143;0.86155;0.86149;0;T;True;2
1621217675000;11483552;0.86143;0.86155;0.86149;0;T;True;2
1621217676000;11483553;0.86143;0.86155;0.86149;0;T;True;2
1621217677000;11483554;0.86143;0.86155;0.86149;0;T;True;2
1621217678000;11483555;0.86143;0.86155;0.86149;0;T;True;2
1621217679000;11483556;0.86143;0.86155;0.86149;0;T;True;2
1621217680000;11483557;0.86143;0.86155;0.86149;0;T;True;2
1621217681000;11483559;0.86144;0.86156;0.8615;1;T;True;2
1621217682000;11483560;0.86144;0.86156;0.8615;0;T;True;2
1621217683000;11483561;0.86144;0.86156;0.8615;0;T;True;2
1621217684000;11483563;0.86145;0.86157;0.86151;1;T;True;2
1621217685000;11483564;0.86145;0.86157;0.86151;0;T;True;2
1621217686000;11483565;0.86145;0.86157;0.86151;0;T;True;2
1621217687000;11483566;0.86145;0.86157;0.86151;0;T;True;2
1621217688000;11483567;0.86145;0.86157;0.86151;0;T;True;2
1621217689000;11483568;0.86145;0.86157;0.86151;0;T;True;2
1621217690000;11483569;0.86145;0.86157;0.86151;0;T;True;2
1621217691000;11483570;0.86145;0.86157;0.86151;0;T;True;2
1621217692000;11483574;0.86146;0.86158;0.86152;3;T;True;2
1621217693000;11483575;0.86146;0.86158;0.86152;0;T;True;2
1621217694000;11483576;0.86146;0.86158;0.86152;0;T;True;2
1621217695000;11483577;0.86146;0.86158;0.86152;0;T;True;2
1621217696000;11483578;0.86146;0.86158;0.86152;0;T;True;2
1621217697000;11483579;0.86146;0.86158;0.86152;0;T;True;2
1621217698000;11483580;0.86146;0.86158;0.86152;0;T;True;2
1621217699000;11483581;0.86146;0.86158;0.86152;0;T;True;2
1621217700000;11483582;0.86146;0.86158;0.86152;0;T;True;2
1621217701000;11483583;0.86146;0.86158;0.86152;0;T;True;2
1621217702000;11483584;0.86146;0.86158;0.86152;0;T;True;2
1621217703000;11483586;0.86145;0.86157;0.86151;1;T;True;2
1621217704000;11483587;0.86145;0.86157;0.86151;0;T;True;2
1621217705000;11483588;0.86145;0.86157;0.86151;0;T;True;2
1621217706000;11483589;0.86145;0.86157;0.86151;0;T;True;2
1621217707000;11483590;0.86145;0.86157;0.86151;0;T;True;2
1621217708000;11483591;0.86145;0.86157;0.86151;0;T;True;2
1621217709000;11483592;0.86145;0.86157;0.86151;0;T;True;2
1621217710000;11483593;0.86145;0.86157;0.86151;0;T;True;2
1621217711000;11483594;0.86145;0.86157;0.86151;0;T;True;2
1621217712000;11483595;0.86145;0.86157;0.86151;0;T;True;2
1621217713000;11483596;0.86145;0.86157;0.86151;0;T;True;2
1621217714000;11483597;0.86145;0.86157;0.86151;0;T;True;2
1621217715000;11483598;0.86145;0.86157;0.86151;0;T;True;2
1621217716000;11483599;0.86145;0.86157;0.86151;0;T;True;2
1621217717000;11483600;0.86145;0.86157;0.86151;0;T;True;2
1621217718000;11483601;0.86145;0.86157;0.86151;0;T;True;2
1621217719000;11483604;0.86145;0.86157;0.86151;2;T;True;2
1621217720000;11483605;0.86145;0.86157;0.86151;0;T;True;2
1621217721000;11483607;0.86146;0.86158;0.86152;1;T;True;2
1621217722000;11483608;0.86146;0.86158;0.86152;0;T;True;2
1621217723000;11483609;0.86146;0.86158;0.86152;0;T;True;2
1621217724000;11483610;0.86146;0.86158;0.86152;0;T;True;2
1621217725000;11483612;0.86145;0.86157;0.86151;1;T;True;2
1621217726000;11483614;0.86146;0.86158;0.86152;1;T;True;2
1621217727000;11483615;0.86146;0.86158;0.86152;0;T;True;2
1621217728000;11483616;0.86146;0.86158;0.86152;0;T;True;2
1621217729000;11483618;0.86145;0.86157;0.86151;1;T;True;2
1621217730000;11483619;0.86145;0.86157;0.86151;0;T;True;2
1621217731000;11483621;0.86146;0.86158;0.86152;1;T;True;2
1621217732000;11483622;0.86146;0.86158;0.86152;0;T;True;2
1621217733000;11483623;0.86146;0.86158;0.86152;0;T;True;2
1621217734000;11483625;0.86145;0.86157;0.86151;1;T;True;2
1621217735000;11483626;0.86145;0.86157;0.86151;0;T;True;2
1621217736000;11483627;0.86145;0.86157;0.86151;0;T;True;2
1621217737000;11483628;0.86145;0.86157;0.86151;0;T;True;2
1621217738000;11483629;0.86145;0.86157;0.86151;0;T;True;2
1621217739000;11483633;0.86146;0.86158;0.86152;3;T;True;2
1621217740000;11483636;0.86147;0.86159;0.86153;2;T;True;2
1621217741000;11483640;0.86149;0.86161;0.86155;3;T;True;2
1621217742000;11483643;0.86149;0.86161;0.86155;2;T;True;2
1621217743000;11483646;0.86149;0.86161;0.86155;2;T;True;2
1621217744000;11483648;0.86148;0.8616;0.86154;1;T;True;2
1621217745000;11483649;0.86148;0.8616;0.86154;0;T;True;2
1621217746000;11483650;0.86148;0.8616;0.86154;0;T;True;2
1621217747000;11483651;0.86148;0.8616;0.86154;0;T;True;2
1621217748000;11483654;0.86149;0.86161;0.86155;2;T;True;2
1621217749000;11483655;0.86149;0.86161;0.86155;0;T;True;2
1621217750000;11483656;0.86149;0.86161;0.86155;0;T;True;2
1621217751000;11483659;0.86147;0.86159;0.86153;2;T;True;2
1621217752000;11483660;0.86147;0.86159;0.86153;0;T;True;2
1621217753000;11483661;0.86147;0.86159;0.86153;0;T;True;2
1621217754000;11483662;0.86147;0.86159;0.86153;0;T;True;2
1621217755000;11483663;0.86147;0.86159;0.86153;0;T;True;2
1621217756000;11483664;0.86147;0.86159;0.86153;0;T;True;2
1621217757000;11483665;0.86147;0.86159;0.86153;0;T;True;2
1621217758000;11483668;0.86147;0.86159;0.86153;2;T;True;2
1621217759000;11483669;0.86147;0.86159;0.86153;0;T;True;2
1621217760000;11483675;0.8615;0.86162;0.86156;5;T;True;2
1621217761000;11483677;0.86149;0.86161;0.86155;1;T;True;2
1621217762000;11483678;0.86149;0.86161;0.86155;0;T;True;2
1621217763000;11483680;0.86148;0.8616;0.86154;1;T;True;2
1621217764000;11483681;0.86148;0.8616;0.86154;0;T;True;2
1621217765000;11483682;0.86148;0.8616;0.86154;0;T;True;2
1621217766000;11483683;0.86148;0.8616;0.86154;0;T;True;2
1621217767000;11483684;0.86148;0.8616;0.86154;0;T;True;2
1621217768000;11483685;0.86148;0.8616;0.86154;0;T;True;2
1621217769000;11483686;0.86148;0.8616;0.86154;0;T;True;2
1621217770000;11483687;0.86148;0.8616;0.86154;0;T;True;2
1621217771000;11483688;0.86148;0.8616;0.86154;0;T;True;2
1621217772000;11483689;0.86148;0.8616;0.86154;0;T;True;2
1621217773000;11483690;0.86148;0.8616;0.86154;0;T;True;2
1621217774000;11483691;0.86148;0.8616;0.86154;0;T;True;2
1621217775000;11483692;0.86148;0.8616;0.86154;0;T;True;2
1621217776000;11483693;0.86148;0.8616;0.86154;0;T;True;2
1621217777000;11483694;0.86148;0.8616;0.86154;0;T;True;2
1621217778000;11483695;0.86148;0.8616;0.86154;0;T;True;2
1621217779000;11483696;0.86148;0.8616;0.86154;0;T;True;2
1621217780000;11483697;0.86148;0.8616;0.86154;0;T;True;2
1621217781000;11483699;0.86149;0.86161;0.86155;1;T;True;2
1621217782000;11483700;0.86149;0.86161;0.86155;0;T;True;2
1621217783000;11483701;0.86149;0.86161;0.86155;0;T;True;2
1621217784000;11483703;0.86149;0.86161;0.86155;1;T;True;2
1621217785000;11483704;0.86149;0.86161;0.86155;0;T;True;2
1621217786000;11483705;0.86149;0.86161;0.86155;0;T;True;2
1621217787000;11483706;0.86149;0.86161;0.86155;0;T;True;2
1621217788000;11483707;0.86149;0.86161;0.86155;0;T;True;2
1621217789000;11483708;0.86149;0.86161;0.86155;0;T;True;2
1621217790000;11483709;0.86149;0.86161;0.86155;0;T;True;2
1621217791000;11483711;0.86149;0.86161;0.86155;1;T;True;2
1621217792000;11483712;0.86149;0.86161;0.86155;0;T;True;2
1621217793000;11483713;0.86149;0.86161;0.86155;0;T;True;2
1621217794000;11483714;0.86149;0.86161;0.86155;0;T;True;2
1621217795000;11483715;0.86149;0.86161;0.86155;0;T;True;2
1621217796000;11483716;0.86149;0.86161;0.86155;0;T;True;2
1621217797000;11483717;0.86149;0.86161;0.86155;0;T;True;2
1621217798000;11483718;0.86149;0.86161;0.86155;0;T;True;2
1621217799000;11483719;0.86149;0.86161;0.86155;0;T;True;2
1621217800000;11483720;0.86149;0.86161;0.86155;0;T;True;2
1621217801000;11483721;0.86149;0.86161;0.86155;0;T;True;2
1621217802000;11483722;0.86149;0.86161;0.86155;0;T;True;2
1621217803000;11483727;0.86151;0.86163;0.86157;4;T;True;2
1621217804000;11483730;0.86153;0.86165;0.86159;2;T;True;2
1621217805000;11483735;0.86149;0.86161;0.86155;4;T;True;2
1621217806000;11483736;0.86149;0.86161;0.86155;0;T;True;2
1621217807000;11483737;0.86149;0.86161;0.86155;0;T;True;2
1621217808000;11483738;0.86149;0.86161;0.86155;0;T;True;2
1621217809000;11483739;0.86149;0.86161;0.86155;0;T;True;2
1621217810000;11483740;0.86149;0.86161;0.86155;0;T;True;2
1621217811000;11483741;0.86149;0.86161;0.86155;0;T;True;2
1621217812000;11483742;0.86149;0.86161;0.86155;0;T;True;2
1621217813000;11483743;0.86149;0.86161;0.86155;0;T;True;2
1621217814000;11483744;0.86149;0.86161;0.86155;0;T;True;2
1621217815000;11483745;0.86149;0.86161;0.86155;0;T;True;2
1621217816000;11483746;0.86149;0.86161;0.86155;0;T;True;2
1621217817000;11483747;0.86149;0.86161;0.86155;0;T;True;2
1621217818000;11483749;0.86148;0.8616;0.86154;1;T;True;2
1621217819000;11483752;0.86148;0.8616;0.86154;2;T;True;2
1621217820000;11483756;0.86149;0.86161;0.86155;3;T;True;2
1621217821000;11483759;0.86147;0.86159;0.86153;2;T;True;2
1621217822000;11483760;0.86147;0.86159;0.86153;0;T;True;2
1621217823000;11483761;0.86147;0.86159;0.86153;0;T;True;2
1621217824000;11483762;0.86147;0.86159;0.86153;0;T;True;2
1621217825000;11483766;0.86148;0.8616;0.86154;3;T;True;2
1621217826000;11483767;0.86148;0.8616;0.86154;0;T;True;2
1621217827000;11483770;0.86149;0.86161;0.86155;2;T;True;2
1621217828000;11483774;0.86149;0.86161;0.86155;3;T;True;2
1621217829000;11483775;0.86149;0.86161;0.86155;0;T;True;2
1621217830000;11483776;0.86149;0.86161;0.86155;0;T;True;2
1621217831000;11483777;0.86149;0.86161;0.86155;0;T;True;2
1621217832000;11483778;0.86149;0.86161;0.86155;0;T;True;2
1621217833000;11483779;0.86149;0.86161;0.86155;0;T;True;2
1621217834000;11483780;0.86149;0.86161;0.86155;0;T;True;2
1621217835000;11483781;0.86149;0.86161;0.86155;0;T;True;2
1621217836000;11483782;0.86149;0.86161;0.86155;0;T;True;2
1621217837000;11483783;0.86149;0.86161;0.86155;0;T;True;2
1621217838000;11483785;0.86149;0.86161;0.86155;1;T;True;2
1621217839000;11483786;0.86149;0.86161;0.86155;0;T;True;2
1621217840000;11483788;0.86147;0.86159;0.86153;1;T;True;2
1621217841000;11483789;0.86147;0.86159;0.86153;0;T;True;2
1621217842000;11483790;0.86147;0.86159;0.86153;0;T;True;2
1621217843000;11483792;0.86147;0.86159;0.86153;1;T;True;2
1621217844000;11483793;0.86147;0.86159;0.86153;0;T;True;2
1621217845000;11483794;0.86147;0.86159;0.86153;0;T;True;2
1621217846000;11483798;0.86149;0.86161;0.86155;3;T;True;2
1621217847000;11483800;0.86149;0.86161;0.86155;1;T;True;2
1621217848000;11483801;0.86149;0.86161;0.86155;0;T;True;2
1621217849000;11483805;0.86149;0.86161;0.86155;3;T;True;2
1621217850000;11483807;0.86149;0.86161;0.86155;1;T;True;2
1621217851000;11483808;0.86149;0.86161;0.86155;0;T;True;2
1621217852000;11483813;0.86149;0.86161;0.86155;4;T;True;2
1621217853000;11483814;0.86149;0.86161;0.86155;0;T;True;2
1621217854000;11483815;0.86149;0.86161;0.86155;0;T;True;2
1621217855000;11483816;0.86149;0.86161;0.86155;0;T;True;2
1621217856000;11483817;0.86149;0.86161;0.86155;0;T;True;2
1621217857000;11483822;0.86151;0.86163;0.86157;4;T;True;2
1621217858000;11483824;0.86151;0.86163;0.86157;1;T;True;2
1621217859000;11483825;0.86151;0.86163;0.86157;0;T;True;2
1621217860000;11483827;0.86151;0.86163;0.86157;1;T;True;2
1621217861000;11483828;0.86151;0.86163;0.86157;0;T;True;2
1621217862000;11483829;0.86151;0.86163;0.86157;0;T;True;2
1621217863000;11483830;0.86151;0.86163;0.86157;0;T;True;2
1621217864000;11483831;0.86151;0.86163;0.86157;0;T;True;2
1621217865000;11483832;0.86151;0.86163;0.86157;0;T;True;2
1621217866000;11483833;0.86151;0.86163;0.86157;0;T;True;2
1621217867000;11483836;0.86149;0.86161;0.86155;2;T;True;2
1621217868000;11483837;0.86149;0.86161;0.86155;0;T;True;2
1621217869000;11483841;0.8615;0.86162;0.86156;3;T;True;2
1621217870000;11483845;0.86149;0.86161;0.86155;3;T;True;2
1621217871000;11483846;0.86149;0.86161;0.86155;0;T;True;2
1621217872000;11483847;0.86149;0.86161;0.86155;0;T;True;2
1621217873000;11483849;0.8615;0.86162;0.86156;1;T;True;2
1621217874000;11483850;0.8615;0.86162;0.86156;0;T;True;2
1621217875000;11483854;0.8615;0.86162;0.86156;3;T;True;2
1621217876000;11483857;0.86151;0.86163;0.86157;2;T;True;2
1621217877000;11483859;0.86153;0.86165;0.86159;1;T;True;2
1621217878000;11483860;0.86153;0.86165;0.86159;0;T;True;2
1621217879000;11483861;0.86153;0.86165;0.86159;0;T;True;2
1621217880000;11483862;0.86153;0.86165;0.86159;0;T;True;2
1621217881000;11483863;0.86153;0.86165;0.86159;0;T;True;2
1621217882000;11483864;0.86153;0.86165;0.86159;0;T;True;2
1621217883000;11483865;0.86153;0.86165;0.86159;0;T;True;2
1621217884000;11483866;0.86153;0.86165;0.86159;0;T;True;2
1621217885000;11483867;0.86153;0.86165;0.86159;0;T;True;2
1621217886000;11483868;0.86153;0.86165;0.86159;0;T;True;2
1621217887000;11483869;0.86153;0.86165;0.86159;0;T;True;2
1621217888000;11483870;0.86153;0.86165;0.86159;0;T;True;2
1621217889000;11483871;0.86153;0.86165;0.86159;0;T;True;2
1621217890000;11483872;0.86153;0.86165;0.86159;0;T;True;2
1621217891000;11483873;0.86153;0.86165;0.86159;0;T;True;2
1621217892000;11483874;0.86153;0.86165;0.86159;0;T;True;2
1621217893000;11483875;0.86153;0.86165;0.86159;0;T;True;2
1621217894000;11483876;0.86153;0.86165;0.86159;0;T;True;2
1621217895000;11483877;0.86153;0.86165;0.86159;0;T;True;2
1621217896000;11483878;0.86153;0.86165;0.86159;0;T;True;2
1621217897000;11483879;0.86153;0.86165;0.86159;0;T;True;2
1621217898000;11483880;0.86153;0.86165;0.86159;0;T;True;2
1621217899000;11483881;0.86153;0.86165;0.86159;0;T;True;2
1621217900000;11483885;0.86153;0.86165;0.86159;3;T;True;2
1621217901000;11483887;0.86153;0.86165;0.86159;1;T;True;2
1621217902000;11483891;0.86153;0.86165;0.86159;3;T;True;2
1621217903000;11483892;0.86153;0.86165;0.86159;0;T;True;2
1621217904000;11483893;0.86153;0.86165;0.86159;0;T;True;2
1621217905000;11483894;0.86153;0.86165;0.86159;0;T;True;2
1621217906000;11483897;0.86153;0.86165;0.86159;2;T;True;2
1621217907000;11483898;0.86153;0.86165;0.86159;0;T;True;2
1621217908000;11483899;0.86153;0.86165;0.86159;0;T;True;2
1621217909000;11483900;0.86153;0.86165;0.86159;0;T;True;2
1621217910000;11483901;0.86153;0.86165;0.86159;0;T;True;2
1621217911000;11483902;0.86153;0.86165;0.86159;0;T;True;2
1621217912000;11483903;0.86153;0.86165;0.86159;0;T;True;2
1621217913000;11483904;0.86153;0.86165;0.86159;0;T;True;2
1621217914000;11483905;0.86153;0.86165;0.86159;0;T;True;2
1621217915000;11483908;0.86153;0.86165;0.86159;2;T;True;2
1621217916000;11483909;0.86153;0.86165;0.86159;0;T;True;2
1621217917000;11483910;0.86153;0.86165;0.86159;0;T;True;2
1621217918000;11483912;0.86153;0.86165;0.86159;1;T;True;2
1621217919000;11483913;0.86153;0.86165;0.86159;0;T;True;2
1621217920000;11483917;0.86154;0.86166;0.8616;3;T;True;2
1621217921000;11483919;0.86154;0.86166;0.8616;1;T;True;2
1621217922000;11483922;0.86154;0.86166;0.8616;2;T;True;2
1621217923000;11483924;0.86154;0.86166;0.8616;1;T;True;2
1621217924000;11483925;0.86154;0.86166;0.8616;0;T;True;2
1621217925000;11483926;0.86154;0.86166;0.8616;0;T;True;2
1621217926000;11483927;0.86154;0.86166;0.8616;0;T;True;2
1621217927000;11483928;0.86154;0.86166;0.8616;0;T;True;2
1621217928000;11483929;0.86154;0.86166;0.8616;0;T;True;2
1621217929000;11483933;0.86154;0.86166;0.8616;3;T;True;2
1621217930000;11483934;0.86154;0.86166;0.8616;0;T;True;2
1621217931000;11483935;0.86154;0.86166;0.8616;0;T;True;2
1621217932000;11483939;0.86155;0.86167;0.86161;3;T;True;2
1621217933000;11483940;0.86155;0.86167;0.86161;0;T;True;2
1621217934000;11483942;0.86155;0.86167;0.86161;1;T;True;2
1621217935000;11483943;0.86155;0.86167;0.86161;0;T;True;2
1621217936000;11483946;0.86154;0.86166;0.8616;2;T;True;2
1621217937000;11483947;0.86154;0.86166;0.8616;0;T;True;2
1621217938000;11483950;0.86153;0.86165;0.86159;2;T;True;2
1621217939000;11483951;0.86153;0.86165;0.86159;0;T;True;2
1621217940000;11483952;0.86153;0.86165;0.86159;0;T;True;2
1621217941000;11483953;0.86153;0.86165;0.86159;0;T;True;2
1621217942000;11483954;0.86153;0.86165;0.86159;0;T;True;2
1621217943000;11483956;0.86153;0.86165;0.86159;1;T;True;2
1621217944000;11483958;0.86152;0.86164;0.86158;1;T;True;2
1621217945000;11483959;0.86152;0.86164;0.86158;0;T;True;2
1621217946000;11483962;0.86151;0.86163;0.86157;2;T;True;2
1621217947000;11483963;0.86151;0.86163;0.86157;0;T;True;2
1621217948000;11483965;0.86151;0.86163;0.86157;1;T;True;2
1621217949000;11483966;0.86151;0.86163;0.86157;0;T;True;2
1621217950000;11483967;0.86151;0.86163;0.86157;0;T;True;2
1621217951000;11483970;0.86152;0.86164;0.86158;2;T;True;2
1621217952000;11483971;0.86152;0.86164;0.86158;0;T;True;2
1621217953000;11483975;0.86151;0.86163;0.86157;3;T;True;2
1621217954000;11483976;0.86151;0.86163;0.86157;0;T;True;2
1621217955000;11483977;0.86151;0.86163;0.86157;0;T;True;2
1621217956000;11483978;0.86151;0.86163;0.86157;0;T;True;2
1621217957000;11483979;0.86151;0.86163;0.86157;0;T;True;2
1621217958000;11483980;0.86151;0.86163;0.86157;0;T;True;2
1621217959000;11483981;0.86151;0.86163;0.86157;0;T;True;2
1621217960000;11483982;0.86151;0.86163;0.86157;0;T;True;2
1621217961000;11483984;0.86152;0.86164;0.86158;1;T;True;2
1621217962000;11483985;0.86152;0.86164;0.86158;0;T;True;2
1621217963000;11483986;0.86152;0.86164;0.86158;0;T;True;2
1621217964000;11483987;0.86152;0.86164;0.86158;0;T;True;2
1621217965000;11483988;0.86152;0.86164;0.86158;0;T;True;2
1621217966000;11483989;0.86152;0.86164;0.86158;0;T;True;2
1621217967000;11483990;0.86152;0.86164;0.86158;0;T;True;2
1621217968000;11483991;0.86152;0.86164;0.86158;0;T;True;2
1621217969000;11483993;0.86151;0.86163;0.86157;1;T;True;2
1621217970000;11483994;0.86151;0.86163;0.86157;0;T;True;2
1621217971000;11483995;0.86151;0.86163;0.86157;0;T;True;2
1621217972000;11483996;0.86151;0.86163;0.86157;0;T;True;2
1621217973000;11483997;0.86151;0.86163;0.86157;0;T;True;2
1621217974000;11483998;0.86151;0.86163;0.86157;0;T;True;2
1621217975000;11483999;0.86151;0.86163;0.86157;0;T;True;2
1621217976000;11484000;0.86151;0.86163;0.86157;0;T;True;2
1621217977000;11484001;0.86151;0.86163;0.86157;0;T;True;2
1621217978000;11484002;0.86151;0.86163;0.86157;0;T;True;2
1621217979000;11484007;0.86153;0.86165;0.86159;4;T;True;2
1621217980000;11484009;0.86153;0.86165;0.86159;1;T;True;2
1621217981000;11484011;0.86153;0.86165;0.86159;1;T;True;2
1621217982000;11484012;0.86153;0.86165;0.86159;0;T;True;2
1621217983000;11484013;0.86153;0.86165;0.86159;0;T;True;2
1621217984000;11484014;0.86153;0.86165;0.86159;0;T;True;2
1621217985000;11484017;0.86153;0.86165;0.86159;2;T;True;2
1621217986000;11484018;0.86153;0.86165;0.86159;0;T;True;2
1621217987000;11484020;0.86151;0.86163;0.86157;1;T;True;2
1621217988000;11484022;0.86151;0.86163;0.86157;1;T;True;2
1621217989000;11484023;0.86151;0.86163;0.86157;0;T;True;2
1621217990000;11484024;0.86151;0.86163;0.86157;0;T;True;2
1621217991000;11484025;0.86151;0.86163;0.86157;0;T;True;2
1621217992000;11484026;0.86151;0.86163;0.86157;0;T;True;2
1621217993000;11484027;0.86151;0.86163;0.86157;0;T;True;2
1621217994000;11484028;0.86151;0.86163;0.86157;0;T;True;2
1621217995000;11484031;0.86149;0.86161;0.86155;2;T;True;2
1621217996000;11484033;0.8615;0.86162;0.86156;1;T;True;2
1621217997000;11484035;0.86151;0.86163;0.86157;1;T;True;2
1621217998000;11484036;0.86151;0.86163;0.86157;0;T;True;2
1621217999000;11484037;0.86151;0.86163;0.86157;0;T;True;2
1621218000000;11484041;0.8615;0.86162;0.86156;3;T;True;2
1621218001000;11484043;0.86149;0.86161;0.86155;1;T;True;2
1621218002000;11484047;0.86149;0.86161;0.86155;3;T;True;2
1621218003000;11484048;0.86149;0.86161;0.86155;0;T;True;2
1621218004000;11484049;0.86149;0.86161;0.86155;0;T;True;2
1621218005000;11484050;0.86149;0.86161;0.86155;0;T;True;2
1621218006000;11484052;0.86149;0.86161;0.86155;1;T;True;2
1621218007000;11484053;0.86149;0.86161;0.86155;0;T;True;2
1621218008000;11484055;0.86149;0.86161;0.86155;1;T;True;2
1621218009000;11484056;0.86149;0.86161;0.86155;0;T;True;2
1621218010000;11484057;0.86149;0.86161;0.86155;0;T;True;2
1621218011000;11484059;0.86149;0.86161;0.86155;1;T;True;2
1621218012000;11484060;0.86149;0.86161;0.86155;0;T;True;2
1621218013000;11484063;0.86149;0.86161;0.86155;2;T;True;2
1621218014000;11484064;0.86149;0.86161;0.86155;0;T;True;2
1621218015000;11484065;0.86149;0.86161;0.86155;0;T;True;2
1621218016000;11484067;0.86149;0.86161;0.86155;1;T;True;2
1621218017000;11484068;0.86149;0.86161;0.86155;0;T;True;2
1621218018000;11484069;0.86149;0.86161;0.86155;0;T;True;2
1621218019000;11484070;0.86149;0.86161;0.86155;0;T;True;2
1621218020000;11484071;0.86149;0.86161;0.86155;0;T;True;2
1621218021000;11484072;0.86149;0.86161;0.86155;0;T;True;2
1621218022000;11484073;0.86149;0.86161;0.86155;0;T;True;2
1621218023000;11484074;0.86149;0.86161;0.86155;0;T;True;2
1621218024000;11484075;0.86149;0.86161;0.86155;0;T;True;2
1621218025000;11484076;0.86149;0.86161;0.86155;0;T;True;2
1621218026000;11484077;0.86149;0.86161;0.86155;0;T;True;2
1621218027000;11484078;0.86149;0.86161;0.86155;0;T;True;2
1621218028000;11484079;0.86149;0.86161;0.86155;0;T;True;2
1621218029000;11484080;0.86149;0.86161;0.86155;0;T;True;2
1621218030000;11484081;0.86149;0.86161;0.86155;0;T;True;2
1621218031000;11484082;0.86149;0.86161;0.86155;0;T;True;2
1621218032000;11484083;0.86149;0.86161;0.86155;0;T;True;2
1621218033000;11484084;0.86149;0.86161;0.86155;0;T;True;2
1621218034000;11484085;0.86149;0.86161;0.86155;0;T;True;2
1621218035000;11484086;0.86149;0.86161;0.86155;0;T;True;2
1621218036000;11484087;0.86149;0.86161;0.86155;0;T;True;2
1621218037000;11484088;0.86149;0.86161;0.86155;0;T;True;2
1621218038000;11484089;0.86149;0.86161;0.86155;0;T;True;2
1621218039000;11484090;0.86149;0.86161;0.86155;0;T;True;2
1621218040000;11484091;0.86149;0.86161;0.86155;0;T;True;2
1621218041000;11484092;0.86149;0.86161;0.86155;0;T;True;2
1621218042000;11484093;0.86149;0.86161;0.86155;0;T;True;2
1621218043000;11484094;0.86149;0.86161;0.86155;0;T;True;2
1621218044000;11484095;0.86149;0.86161;0.86155;0;T;True;2
1621218045000;11484096;0.86149;0.86161;0.86155;0;T;True;2
1621218046000;11484097;0.86149;0.86161;0.86155;0;T;True;2
1621218047000;11484098;0.86149;0.86161;0.86155;0;T;True;2
1621218048000;11484099;0.86149;0.86161;0.86155;0;T;True;2
1621218049000;11484100;0.86149;0.86161;0.86155;0;T;True;2
1621218050000;11484101;0.86149;0.86161;0.86155;0;T;True;2
1621218051000;11484102;0.86149;0.86161;0.86155;0;T;True;2
1621218052000;11484103;0.86149;0.86161;0.86155;0;T;True;2
1621218053000;11484104;0.86149;0.86161;0.86155;0;T;True;2
1621218054000;11484105;0.86149;0.86161;0.86155;0;T;True;2
1621218055000;11484106;0.86149;0.86161;0.86155;0;T;True;2
1621218056000;11484107;0.86149;0.86161;0.86155;0;T;True;2
1621218057000;11484108;0.86149;0.86161;0.86155;0;T;True;2
1621218058000;11484109;0.86149;0.86161;0.86155;0;T;True;2
1621218059000;11484110;0.86149;0.86161;0.86155;0;T;True;2
1621218060000;11484111;0.86149;0.86161;0.86155;0;T;True;2
1621218061000;11484112;0.86149;0.86161;0.86155;0;T;True;2
1621218062000;11484114;0.86149;0.86161;0.86155;1;T;True;2
1621218063000;11484115;0.86149;0.86161;0.86155;0;T;True;2
1621218064000;11484116;0.86149;0.86161;0.86155;0;T;True;2
1621218065000;11484117;0.86149;0.86161;0.86155;0;T;True;2
1621218066000;11484118;0.86149;0.86161;0.86155;0;T;True;2
1621218067000;11484119;0.86149;0.86161;0.86155;0;T;True;2
1621218068000;11484120;0.86149;0.86161;0.86155;0;T;True;2
1621218069000;11484121;0.86149;0.86161;0.86155;0;T;True;2
1621218070000;11484122;0.86149;0.86161;0.86155;0;T;True;2
1621218071000;11484123;0.86149;0.86161;0.86155;0;T;True;2
1621218072000;11484124;0.86149;0.86161;0.86155;0;T;True;2
1621218073000;11484125;0.86149;0.86161;0.86155;0;T;True;2
1621218074000;11484126;0.86149;0.86161;0.86155;0;T;True;2
1621218075000;11484127;0.86149;0.86161;0.86155;0;T;True;2
1621218076000;11484128;0.86149;0.86161;0.86155;0;T;True;2
1621218077000;11484129;0.86149;0.86161;0.86155;0;T;True;2
1621218078000;11484130;0.86149;0.86161;0.86155;0;T;True;2
1621218079000;11484131;0.86149;0.86161;0.86155;0;T;True;2
1621218080000;11484132;0.86149;0.86161;0.86155;0;T;True;2
1621218081000;11484133;0.86149;0.86161;0.86155;0;T;True;2
1621218082000;11484134;0.86149;0.86161;0.86155;0;T;True;2
1621218083000;11484135;0.86149;0.86161;0.86155;0;T;True;2
1621218084000;11484138;0.86149;0.86161;0.86155;2;T;True;2
1621218085000;11484139;0.86149;0.86161;0.86155;0;T;True;2
1621218086000;11484140;0.86149;0.86161;0.86155;0;T;True;2
1621218087000;11484143;0.86149;0.86161;0.86155;2;T;True;2
1621218088000;11484144;0.86149;0.86161;0.86155;0;T;True;2
1621218089000;11484146;0.86149;0.86161;0.86155;1;T;True;2
1621218090000;11484147;0.86149;0.86161;0.86155;0;T;True;2
1621218091000;11484148;0.86149;0.86161;0.86155;0;T;True;2
1621218092000;11484149;0.86149;0.86161;0.86155;0;T;True;2
1621218093000;11484150;0.86149;0.86161;0.86155;0;T;True;2
1621218094000;11484151;0.86149;0.86161;0.86155;0;T;True;2
1621218095000;11484152;0.86149;0.86161;0.86155;0;T;True;2
1621218096000;11484153;0.86149;0.86161;0.86155;0;T;True;2
1621218097000;11484154;0.86149;0.86161;0.86155;0;T;True;2
1621218098000;11484155;0.86149;0.86161;0.86155;0;T;True;2
1621218099000;11484156;0.86149;0.86161;0.86155;0;T;True;2
1621218100000;11484157;0.86149;0.86161;0.86155;0;T;True;2
1621218101000;11484158;0.86149;0.86161;0.86155;0;T;True;2
1621218102000;11484159;0.86149;0.86161;0.86155;0;T;True;2
1621218103000;11484160;0.86149;0.86161;0.86155;0;T;True;2
1621218104000;11484161;0.86149;0.86161;0.86155;0;T;True;2
1621218105000;11484162;0.86149;0.86161;0.86155;0;T;True;2
1621218106000;11484163;0.86149;0.86161;0.86155;0;T;True;2
1621218107000;11484164;0.86149;0.86161;0.86155;0;T;True;2
1621218108000;11484165;0.86149;0.86161;0.86155;0;T;True;2
1621218109000;11484168;0.86148;0.8616;0.86154;2;T;True;2
1621218110000;11484169;0.86148;0.8616;0.86154;0;T;True;2
1621218111000;11484170;0.86148;0.8616;0.86154;0;T;True;2
1621218112000;11484172;0.86149;0.86161;0.86155;1;T;True;2
1621218113000;11484173;0.86149;0.86161;0.86155;0;T;True;2
1621218114000;11484174;0.86149;0.86161;0.86155;0;T;True;2
1621218115000;11484175;0.86149;0.86161;0.86155;0;T;True;2
1621218116000;11484178;0.86149;0.86161;0.86155;2;T;True;2
1621218117000;11484182;0.86149;0.86161;0.86155;3;T;True;2
1621218118000;11484183;0.86149;0.86161;0.86155;0;T;True;2
1621218119000;11484184;0.86149;0.86161;0.86155;0;T;True;2
1621218120000;11484185;0.86149;0.86161;0.86155;0;T;True;2
1621218121000;11484186;0.86149;0.86161;0.86155;0;T;True;2
1621218122000;11484187;0.86149;0.86161;0.86155;0;T;True;2
1621218123000;11484188;0.86149;0.86161;0.86155;0;T;True;2
1621218124000;11484189;0.86149;0.86161;0.86155;0;T;True;2
1621218125000;11484190;0.86149;0.86161;0.86155;0;T;True;2
1621218126000;11484191;0.86149;0.86161;0.86155;0;T;True;2
1621218127000;11484192;0.86149;0.86161;0.86155;0;T;True;2
1621218128000;11484193;0.86149;0.86161;0.86155;0;T;True;2
1621218129000;11484194;0.86149;0.86161;0.86155;0;T;True;2
1621218130000;11484195;0.86149;0.86161;0.86155;0;T;True;2
1621218131000;11484196;0.86149;0.86161;0.86155;0;T;True;2
1621218132000;11484197;0.86149;0.86161;0.86155;0;T;True;2
1621218133000;11484198;0.86149;0.86161;0.86155;0;T;True;2
1621218134000;11484200;0.86149;0.86161;0.86155;1;T;True;2
1621218135000;11484201;0.86149;0.86161;0.86155;0;T;True;2
1621218136000;11484202;0.86149;0.86161;0.86155;0;T;True;2
1621218137000;11484203;0.86149;0.86161;0.86155;0;T;True;2
1621218138000;11484204;0.86149;0.86161;0.86155;0;T;True;2
1621218139000;11484205;0.86149;0.86161;0.86155;0;T;True;2
1621218140000;11484206;0.86149;0.86161;0.86155;0;T;True;2
1621218141000;11484207;0.86149;0.86161;0.86155;0;T;True;2
1621218142000;11484208;0.86149;0.86161;0.86155;0;T;True;2
1621218143000;11484209;0.86149;0.86161;0.86155;0;T;True;2
1621218144000;11484210;0.86149;0.86161;0.86155;0;T;True;2
1621218145000;11484211;0.86149;0.86161;0.86155;0;T;True;2
1621218146000;11484212;0.86149;0.86161;0.86155;0;T;True;2
1621218147000;11484213;0.86149;0.86161;0.86155;0;T;True;2
1621218148000;11484216;0.86151;0.86163;0.86157;2;T;True;2
1621218149000;11484217;0.86151;0.86163;0.86157;0;T;True;2
1621218150000;11484218;0.86151;0.86163;0.86157;0;T;True;2
1621218151000;11484219;0.86151;0.86163;0.86157;0;T;True;2
1621218152000;11484220;0.86151;0.86163;0.86157;0;T;True;2
1621218153000;11484221;0.86151;0.86163;0.86157;0;T;True;2
1621218154000;11484222;0.86151;0.86163;0.86157;0;T;True;2
1621218155000;11484223;0.86151;0.86163;0.86157;0;T;True;2
1621218156000;11484224;0.86151;0.86163;0.86157;0;T;True;2
1621218157000;11484225;0.86151;0.86163;0.86157;0;T;True;2
1621218158000;11484226;0.86151;0.86163;0.86157;0;T;True;2
1621218159000;11484227;0.86151;0.86163;0.86157;0;T;True;2
1621218160000;11484228;0.86151;0.86163;0.86157;0;T;True;2
1621218161000;11484233;0.86149;0.86161;0.86155;4;T;True;2
1621218162000;11484234;0.86149;0.86161;0.86155;0;T;True;2
1621218163000;11484235;0.86149;0.86161;0.86155;0;T;True;2
1621218164000;11484236;0.86149;0.86161;0.86155;0;T;True;2
1621218165000;11484237;0.86149;0.86161;0.86155;0;T;True;2
1621218166000;11484238;0.86149;0.86161;0.86155;0;T;True;2
1621218167000;11484239;0.86149;0.86161;0.86155;0;T;True;2
1621218168000;11484240;0.86149;0.86161;0.86155;0;T;True;2
1621218169000;11484241;0.86149;0.86161;0.86155;0;T;True;2
1621218170000;11484242;0.86149;0.86161;0.86155;0;T;True;2
1621218171000;11484243;0.86149;0.86161;0.86155;0;T;True;2
1621218172000;11484244;0.86149;0.86161;0.86155;0;T;True;2
1621218173000;11484245;0.86149;0.86161;0.86155;0;T;True;2
1621218174000;11484246;0.86149;0.86161;0.86155;0;T;True;2
1621218175000;11484247;0.86149;0.86161;0.86155;0;T;True;2
1621218176000;11484248;0.86149;0.86161;0.86155;0;T;True;2
1621218177000;11484249;0.86149;0.86161;0.86155;0;T;True;2
1621218178000;11484250;0.86149;0.86161;0.86155;0;T;True;2
1621218179000;11484251;0.86149;0.86161;0.86155;0;T;True;2
1621218180000;11484252;0.86149;0.86161;0.86155;0;T;True;2
1621218181000;11484253;0.86149;0.86161;0.86155;0;T;True;2
1621218182000;11484254;0.86149;0.86161;0.86155;0;T;True;2
1621218183000;11484255;0.86149;0.86161;0.86155;0;T;True;2
1621218184000;11484256;0.86149;0.86161;0.86155;0;T;True;2
1621218185000;11484257;0.86149;0.86161;0.86155;0;T;True;2
1621218186000;11484258;0.86149;0.86161;0.86155;0;T;True;2
1621218187000;11484259;0.86149;0.86161;0.86155;0;T;True;2
1621218188000;11484260;0.86149;0.86161;0.86155;0;T;True;2
1621218189000;11484261;0.86149;0.86161;0.86155;0;T;True;2
1621218190000;11484262;0.86149;0.86161;0.86155;0;T;True;2
1621218191000;11484263;0.86149;0.86161;0.86155;0;T;True;2
1621218192000;11484264;0.86149;0.86161;0.86155;0;T;True;2
1621218193000;11484267;0.86149;0.86161;0.86155;2;T;True;2
1621218194000;11484269;0.86149;0.86161;0.86155;1;T;True;2
1621218195000;11484271;0.86148;0.8616;0.86154;1;T;True;2
1621218196000;11484272;0.86148;0.8616;0.86154;0;T;True;2
1621218197000;11484273;0.86148;0.8616;0.86154;0;T;True;2
1621218198000;11484275;0.86149;0.86161;0.86155;1;T;True;2
1621218199000;11484278;0.86147;0.86159;0.86153;2;T;True;2
1621218200000;11484279;0.86147;0.86159;0.86153;0;T;True;2
1621218201000;11484280;0.86147;0.86159;0.86153;0;T;True;2
1621218202000;11484281;0.86147;0.86159;0.86153;0;T;True;2
1621218203000;11484282;0.86147;0.86159;0.86153;0;T;True;2
1621218204000;11484283;0.86147;0.86159;0.86153;0;T;True;2
1621218205000;11484284;0.86147;0.86159;0.86153;0;T;True;2
1621218206000;11484285;0.86147;0.86159;0.86153;0;T;True;2
1621218207000;11484286;0.86147;0.86159;0.86153;0;T;True;2
1621218208000;11484287;0.86147;0.86159;0.86153;0;T;True;2
1621218209000;11484288;0.86147;0.86159;0.86153;0;T;True;2
1621218210000;11484289;0.86147;0.86159;0.86153;0;T;True;2
1621218211000;11484290;0.86147;0.86159;0.86153;0;T;True;2
1621218212000;11484291;0.86147;0.86159;0.86153;0;T;True;2
1621218213000;11484292;0.86147;0.86159;0.86153;0;T;True;2
1621218214000;11484293;0.86147;0.86159;0.86153;0;T;True;2
1621218215000;11484294;0.86147;0.86159;0.86153;0;T;True;2
1621218216000;11484295;0.86147;0.86159;0.86153;0;T;True;2
1621218217000;11484296;0.86147;0.86159;0.86153;0;T;True;2
1621218218000;11484297;0.86147;0.86159;0.86153;0;T;True;2
1621218219000;11484298;0.86147;0.86159;0.86153;0;T;True;2
1621218220000;11484299;0.86147;0.86159;0.86153;0;T;True;2
1621218221000;11484300;0.86147;0.86159;0.86153;0;T;True;2
1621218222000;11484301;0.86147;0.86159;0.86153;0;T;True;2
1621218223000;11484302;0.86147;0.86159;0.86153;0;T;True;2
1621218224000;11484303;0.86147;0.86159;0.86153;0;T;True;2
1621218225000;11484304;0.86147;0.86159;0.86153;0;T;True;2
1621218226000;11484305;0.86147;0.86159;0.86153;0;T;True;2
1621218227000;11484306;0.86147;0.86159;0.86153;0;T;True;2
1621218228000;11484307;0.86147;0.86159;0.86153;0;T;True;2
1621218229000;11484308;0.86147;0.86159;0.86153;0;T;True;2
1621218230000;11484309;0.86147;0.86159;0.86153;0;T;True;2
1621218231000;11484310;0.86147;0.86159;0.86153;0;T;True;2
1621218232000;11484311;0.86147;0.86159;0.86153;0;T;True;2
1621218233000;11484312;0.86147;0.86159;0.86153;0;T;True;2
1621218234000;11484314;0.86148;0.8616;0.86154;1;T;True;2
1621218235000;11484318;0.86149;0.86161;0.86155;3;T;True;2
1621218236000;11484320;0.86149;0.86161;0.86155;1;T;True;2
1621218237000;11484321;0.86149;0.86161;0.86155;0;T;True;2
1621218238000;11484322;0.86149;0.86161;0.86155;0;T;True;2
1621218239000;11484323;0.86149;0.86161;0.86155;0;T;True;2
1621218240000;11484328;0.86151;0.86163;0.86157;4;T;True;2
1621218241000;11484330;0.8615;0.86162;0.86156;1;T;True;2
1621218242000;11484331;0.8615;0.86162;0.86156;0;T;True;2
1621218243000;11484335;0.86148;0.8616;0.86154;3;T;True;2
1621218244000;11484336;0.86148;0.8616;0.86154;0;T;True;2
1621218245000;11484337;0.86148;0.8616;0.86154;0;T;True;2
1621218246000;11484338;0.86148;0.8616;0.86154;0;T;True;2
1621218247000;11484339;0.86148;0.8616;0.86154;0;T;True;2
1621218248000;11484340;0.86148;0.8616;0.86154;0;T;True;2
1621218249000;11484341;0.86148;0.8616;0.86154;0;T;True;2
1621218250000;11484342;0.86148;0.8616;0.86154;0;T;True;2
1621218251000;11484343;0.86148;0.8616;0.86154;0;T;True;2
1621218252000;11484344;0.86148;0.8616;0.86154;0;T;True;2
1621218253000;11484345;0.86148;0.8616;0.86154;0;T;True;2
1621218254000;11484349;0.86149;0.86161;0.86155;3;T;True;2
1621218255000;11484350;0.86149;0.86161;0.86155;0;T;True;2
1621218256000;11484351;0.86149;0.86161;0.86155;0;T;True;2
1621218257000;11484352;0.86149;0.86161;0.86155;0;T;True;2
1621218258000;11484353;0.86149;0.86161;0.86155;0;T;True;2
1621218259000;11484354;0.86149;0.86161;0.86155;0;T;True;2
1621218260000;11484355;0.86149;0.86161;0.86155;0;T;True;2
1621218261000;11484358;0.86149;0.86161;0.86155;2;T;True;2
1621218262000;11484359;0.86149;0.86161;0.86155;0;T;True;2
1621218263000;11484360;0.86149;0.86161;0.86155;0;T;True;2
1621218264000;11484361;0.86149;0.86161;0.86155;0;T;True;2
1621218265000;11484362;0.86149;0.86161;0.86155;0;T;True;2
1621218266000;11484364;0.86148;0.8616;0.86154;1;T;True;2
1621218267000;11484366;0.86147;0.86159;0.86153;1;T;True;2
1621218268000;11484367;0.86147;0.86159;0.86153;0;T;True;2
1621218269000;11484370;0.86147;0.86159;0.86153;2;T;True;2
1621218270000;11484372;0.86147;0.86159;0.86153;1;T;True;2
1621218271000;11484373;0.86147;0.86159;0.86153;0;T;True;2
1621218272000;11484374;0.86147;0.86159;0.86153;0;T;True;2
1621218273000;11484375;0.86147;0.86159;0.86153;0;T;True;2
1621218274000;11484376;0.86147;0.86159;0.86153;0;T;True;2
1621218275000;11484377;0.86147;0.86159;0.86153;0;T;True;2
1621218276000;11484378;0.86147;0.86159;0.86153;0;T;True;2
1621218277000;11484379;0.86147;0.86159;0.86153;0;T;True;2
1621218278000;11484380;0.86147;0.86159;0.86153;0;T;True;2
1621218279000;11484381;0.86147;0.86159;0.86153;0;T;True;2
1621218280000;11484382;0.86147;0.86159;0.86153;0;T;True;2
1621218281000;11484383;0.86147;0.86159;0.86153;0;T;True;2
1621218282000;11484384;0.86147;0.86159;0.86153;0;T;True;2
1621218283000;11484385;0.86147;0.86159;0.86153;0;T;True;2
1621218284000;11484386;0.86147;0.86159;0.86153;0;T;True;2
1621218285000;11484388;0.86148;0.8616;0.86154;1;T;True;2
1621218286000;11484390;0.86147;0.86159;0.86153;1;T;True;2
1621218287000;11484391;0.86147;0.86159;0.86153;0;T;True;2
1621218288000;11484392;0.86147;0.86159;0.86153;0;T;True;2
1621218289000;11484393;0.86147;0.86159;0.86153;0;T;True;2
1621218290000;11484394;0.86147;0.86159;0.86153;0;T;True;2
1621218291000;11484395;0.86147;0.86159;0.86153;0;T;True;2
1621218292000;11484396;0.86147;0.86159;0.86153;0;T;True;2
1621218293000;11484397;0.86147;0.86159;0.86153;0;T;True;2
1621218294000;11484399;0.86148;0.8616;0.86154;1;T;True;2
1621218295000;11484400;0.86148;0.8616;0.86154;0;T;True;2
1621218296000;11484401;0.86148;0.8616;0.86154;0;T;True;2
1621218297000;11484402;0.86148;0.8616;0.86154;0;T;True;2
1621218298000;11484403;0.86148;0.8616;0.86154;0;T;True;2
1621218299000;11484404;0.86148;0.8616;0.86154;0;T;True;2
1621218300000;11484405;0.86148;0.8616;0.86154;0;T;True;2
1621218301000;11484406;0.86148;0.8616;0.86154;0;T;True;2
1621218302000;11484407;0.86148;0.8616;0.86154;0;T;True;2
1621218303000;11484408;0.86148;0.8616;0.86154;0;T;True;2
1621218304000;11484409;0.86148;0.8616;0.86154;0;T;True;2
1621218305000;11484410;0.86148;0.8616;0.86154;0;T;True;2
1621218306000;11484412;0.86149;0.86161;0.86155;1;T;True;2
1621218307000;11484413;0.86149;0.86161;0.86155;0;T;True;2
1621218308000;11484414;0.86149;0.86161;0.86155;0;T;True;2
1621218309000;11484417;0.86147;0.86159;0.86153;2;T;True;2
1621218310000;11484418;0.86147;0.86159;0.86153;0;T;True;2
1621218311000;11484421;0.86149;0.86161;0.86155;2;T;True;2
1621218312000;11484422;0.86149;0.86161;0.86155;0;T;True;2
1621218313000;11484424;0.86148;0.8616;0.86154;1;T;True;2
1621218314000;11484425;0.86148;0.8616;0.86154;0;T;True;2
1621218315000;11484426;0.86148;0.8616;0.86154;0;T;True;2
1621218316000;11484427;0.86148;0.8616;0.86154;0;T;True;2
1621218317000;11484428;0.86148;0.8616;0.86154;0;T;True;2
1621218318000;11484429;0.86148;0.8616;0.86154;0;T;True;2
1621218319000;11484430;0.86148;0.8616;0.86154;0;T;True;2
1621218320000;11484431;0.86148;0.8616;0.86154;0;T;True;2
1621218321000;11484432;0.86148;0.8616;0.86154;0;T;True;2
1621218322000;11484433;0.86148;0.8616;0.86154;0;T;True;2
1621218323000;11484434;0.86148;0.8616;0.86154;0;T;True;2
1621218324000;11484435;0.86148;0.8616;0.86154;0;T;True;2
1621218325000;11484436;0.86148;0.8616;0.86154;0;T;True;2
1621218326000;11484437;0.86148;0.8616;0.86154;0;T;True;2
1621218327000;11484438;0.86148;0.8616;0.86154;0;T;True;2
1621218328000;11484440;0.86149;0.86161;0.86155;1;T;True;2
1621218329000;11484441;0.86149;0.86161;0.86155;0;T;True;2
1621218330000;11484447;0.86145;0.86157;0.86151;5;T;True;2
1621218331000;11484448;0.86145;0.86157;0.86151;0;T;True;2
1621218332000;11484449;0.86145;0.86157;0.86151;0;T;True;2
1621218333000;11484452;0.86143;0.86155;0.86149;2;T;True;2
1621218334000;11484454;0.86143;0.86155;0.86149;1;T;True;2
1621218335000;11484455;0.86143;0.86155;0.86149;0;T;True;2
1621218336000;11484456;0.86143;0.86155;0.86149;0;T;True;2
1621218337000;11484458;0.86143;0.86155;0.86149;1;T;True;2
1621218338000;11484460;0.86143;0.86155;0.86149;1;T;True;2
1621218339000;11484461;0.86143;0.86155;0.86149;0;T;True;2
1621218340000;11484462;0.86143;0.86155;0.86149;0;T;True;2
1621218341000;11484463;0.86143;0.86155;0.86149;0;T;True;2
1621218342000;11484464;0.86143;0.86155;0.86149;0;T;True;2
1621218343000;11484465;0.86143;0.86155;0.86149;0;T;True;2
1621218344000;11484466;0.86143;0.86155;0.86149;0;T;True;2
1621218345000;11484467;0.86143;0.86155;0.86149;0;T;True;2
1621218346000;11484468;0.86143;0.86155;0.86149;0;T;True;2
1621218347000;11484469;0.86143;0.86155;0.86149;0;T;True;2
1621218348000;11484470;0.86143;0.86155;0.86149;0;T;True;2
1621218349000;11484471;0.86143;0.86155;0.86149;0;T;True;2
1621218350000;11484472;0.86143;0.86155;0.86149;0;T;True;2
1621218351000;11484473;0.86143;0.86155;0.86149;0;T;True;2
1621218352000;11484474;0.86143;0.86155;0.86149;0;T;True;2
1621218353000;11484475;0.86143;0.86155;0.86149;0;T;True;2
1621218354000;11484476;0.86143;0.86155;0.86149;0;T;True;2
1621218355000;11484477;0.86143;0.86155;0.86149;0;T;True;2
1621218356000;11484478;0.86143;0.86155;0.86149;0;T;True;2
1621218357000;11484479;0.86143;0.86155;0.86149;0;T;True;2
1621218358000;11484480;0.86143;0.86155;0.86149;0;T;True;2
1621218359000;11484482;0.86143;0.86155;0.86149;1;T;True;2
1621218360000;11484483;0.86143;0.86155;0.86149;0;T;True;2
1621218361000;11484484;0.86143;0.86155;0.86149;0;T;True;2
1621218362000;11484486;0.86142;0.86154;0.86148;1;T;True;2
1621218363000;11484487;0.86142;0.86154;0.86148;0;T;True;2
1621218364000;11484489;0.86142;0.86154;0.86148;1;T;True;2
1621218365000;11484490;0.86142;0.86154;0.86148;0;T;True;2
1621218366000;11484492;0.86143;0.86155;0.86149;1;T;True;2
1621218367000;11484493;0.86143;0.86155;0.86149;0;T;True;2
1621218368000;11484494;0.86143;0.86155;0.86149;0;T;True;2
1621218369000;11484495;0.86143;0.86155;0.86149;0;T;True;2
1621218370000;11484496;0.86143;0.86155;0.86149;0;T;True;2
1621218371000;11484497;0.86143;0.86155;0.86149;0;T;True;2
1621218372000;11484498;0.86143;0.86155;0.86149;0;T;True;2
1621218373000;11484499;0.86143;0.86155;0.86149;0;T;True;2
1621218374000;11484500;0.86143;0.86155;0.86149;0;T;True;2
1621218375000;11484501;0.86143;0.86155;0.86149;0;T;True;2
1621218376000;11484504;0.86143;0.86155;0.86149;2;T;True;2
1621218377000;11484505;0.86143;0.86155;0.86149;0;T;True;2
1621218378000;11484506;0.86143;0.86155;0.86149;0;T;True;2
1621218379000;11484508;0.86143;0.86155;0.86149;1;T;True;2
1621218380000;11484509;0.86143;0.86155;0.86149;0;T;True;2
1621218381000;11484510;0.86143;0.86155;0.86149;0;T;True;2
1621218382000;11484511;0.86143;0.86155;0.86149;0;T;True;2
1621218383000;11484512;0.86143;0.86155;0.86149;0;T;True;2
1621218384000;11484520;0.86147;0.86159;0.86153;7;T;True;2
1621218385000;11484521;0.86147;0.86159;0.86153;0;T;True;2
1621218386000;11484522;0.86147;0.86159;0.86153;0;T;True;2
1621218387000;11484523;0.86147;0.86159;0.86153;0;T;True;2
1621218388000;11484524;0.86147;0.86159;0.86153;0;T;True;2
