ts;n;bid;ask;value;volume;phase;round;active_id
1621243662000;11526782;0.8614;0.86152;0.86146;2;T;True;2
1621243663000;11526783;0.8614;0.86152;0.86146;0;T;True;2
1621243664000;11526786;0.86141;0.86153;0.86147;2;T;True;2
1621243665000;11526792;0.8614;0.86152;0.86146;5;T;True;2
1621243666000;11526799;0.86143;0.86155;0.86149;6;T;True;2
1621243667000;11526800;0.86143;0.86155;0.86149;0;T;True;2
1621243668000;11526802;0.86142;0.86154;0.86148;1;T;True;2
1621243669000;11526804;0.86143;0.86155;0.86149;1;T;True;2
1621243670000;11526809;0.86143;0.86155;0.86149;4;T;True;2
1621243671000;11526810;0.86143;0.86155;0.86149;0;T;True;2
1621243672000;11526812;0.86144;0.86156;0.8615;1;T;True;2
1621243673000;11526814;0.86143;0.86155;0.86149;1;T;True;2
1621243674000;11526815;0.86143;0.86155;0.86149;0;T;True;2
1621243675000;11526817;0.86143;0.86155;0.86149;1;T;True;2
1621243676000;11526818;0.86143;0.86155;0.86149;0;T;True;2
1621243677000;11526820;0.86143;0.86155;0.86149;1;T;True;2
1621243678000;11526821;0.86143;0.86155;0.86149;0;T;True;2
1621243679000;11526822;0.86143;0.86155;0.86149;0;T;True;2
1621243680000;11526825;0.86141;0.86153;0.86147;2;T;True;2
1621243681000;11526827;0.8614;0.86152;0.86146;1;T;True;2
1621243682000;11526828;0.8614;0.86152;0.86146;0;T;True;2
1621243683000;11526829;0.8614;0.86152;0.86146;0;T;True;2
1621243684000;11526831;0.86139;0.86151;0.86145;1;T;True;2
1621243685000;11526833;0.86138;0.8615;0.86144;1;T;True;2
1621243686000;11526836;0.86137;0.86149;0.86143;2;T;True;2
1621243687000;11526838;0.86135;0.86147;0.86141;1;T;True;2
1621243688000;11526839;0.86135;0.86147;0.86141;0;T;True;2
1621243689000;11526841;0.86136;0.86148;0.86142;1;T;True;2
1621243690000;11526843;0.86137;0.86149;0.86143;1;T;True;2
1621243691000;11526845;0.86136;0.86148;0.86142;1;T;True;2
1621243692000;11526848;0.86136;0.86148;0.86142;2;T;True;2
1621243693000;11526849;0.86136;0.86148;0.86142;0;T;True;2
1621243694000;11526851;0.86137;0.86149;0.86143;1;T;True;2
1621243695000;11526852;0.86137;0.86149;0.86143;0;T;True;2
1621243696000;11526853;0.86137;0.86149;0.86143;0;T;True;2
1621243697000;11526856;0.86137;0.86149;0.86143;2;T;True;2
1621243698000;11526861;0.86136;0.86148;0.86142;4;T;True;2
1621243699000;11526862;0.86136;0.86148;0.86142;0;T;True;2
1621243700000;11526864;0.86135;0.86147;0.86141;1;T;True;2
1621243701000;11526866;0.86136;0.86148;0.86142;1;T;True;2
1621243702000;11526867;0.86136;0.86148;0.86142;0;T;True;2
1621243703000;11526868;0.86136;0.86148;0.86142;0;T;True;2
1621243704000;11526871;0.86137;0.86149;0.86143;2;T;True;2
1621243705000;11526872;0.86137;0.86149;0.86143;0;T;True;2
1621243706000;11526875;0.86141;0.86153;0.86147;2;T;True;2
1621243707000;11526877;0.86142;0.86154;0.86148;1;T;True;2
1621243708000;11526881;0.86142;0.86154;0.86148;3;T;True;2
1621243709000;11526882;0.86142;0.86154;0.86148;0;T;True;2
1621243710000;11526884;0.86143;0.86155;0.86149;1;T;True;2
1621243711000;11526891;0.8614;0.86152;0.86146;6;T;True;2
1621243712000;11526893;0.86139;0.86151;0.86145;1;T;True;2
1621243713000;11526894;0.86139;0.86151;0.86145;0;T;True;2
1621243714000;11526895;0.86139;0.86151;0.86145;0;T;True;2
1621243715000;11526900;0.86142;0.86154;0.86148;4;T;True;2
1621243716000;11526901;0.86142;0.86154;0.86148;0;T;True;2
1621243717000;11526905;0.8614;0.86152;0.86146;3;T;True;2
1621243718000;11526906;0.8614;0.86152;0.86146;0;T;True;2
1621243719000;11526907;0.8614;0.86152;0.86146;0;T;True;2
1621243720000;11526908;0.8614;0.86152;0.86146;0;T;True;2
1621243721000;11526910;0.86139;0.86151;0.86145;1;T;True;2
1621243722000;11526911;0.86139;0.86151;0.86145;0;T;True;2
1621243723000;11526912;0.86139;0.86151;0.86145;0;T;True;2
1621243724000;11526913;0.86139;0.86151;0.86145;0;T;True;2
1621243725000;11526914;0.86139;0.86151;0.86145;0;T;True;2
1621243726000;11526915;0.86139;0.86151;0.86145;0;T;True;2
1621243727000;11526916;0.86139;0.86151;0.86145;0;T;True;2
1621243728000;11526917;0.86139;0.86151;0.86145;0;T;True;2
1621243729000;11526918;0.86139;0.86151;0.86145;0;T;True;2
1621243730000;11526922;0.86137;0.86149;0.86143;3;T;True;2
1621243731000;11526923;0.86137;0.86149;0.86143;0;T;True;2
1621243732000;11526926;0.86139;0.86151;0.86145;2;T;True;2
1621243733000;11526929;0.86141;0.86153;0.86147;2;T;True;2
1621243734000;11526933;0.86144;0.86156;0.8615;3;T;True;2
1621243735000;11526936;0.86147;0.86159;0.86153;2;T;True;2
1621243736000;11526937;0.86147;0.86159;0.86153;0;T;True;2
1621243737000;11526941;0.86148;0.8616;0.86154;3;T;True;2
1621243738000;11526944;0.86149;0.86161;0.86155;2;T;True;2
1621243739000;11526946;0.86149;0.86161;0.86155;1;T;True;2
1621243740000;11526948;0.86149;0.86161;0.86155;1;T;True;2
1621243741000;11526950;0.86149;0.86161;0.86155;1;T;True;2
1621243742000;11526951;0.86149;0.86161;0.86155;0;T;True;2
1621243743000;11526952;0.86149;0.86161;0.86155;0;T;True;2
1621243744000;11526954;0.86148;0.8616;0.86154;1;T;True;2
1621243745000;11526956;0.86147;0.86159;0.86153;1;T;True;2
1621243746000;11526958;0.86147;0.86159;0.86153;1;T;True;2
1621243747000;11526959;0.86147;0.86159;0.86153;0;T;True;2
1621243748000;11526961;0.86148;0.8616;0.86154;1;T;True;2
1621243749000;11526964;0.86148;0.8616;0.86154;2;T;True;2
1621243750000;11526968;0.86149;0.86161;0.86155;3;T;True;2
1621243751000;11526969;0.86149;0.86161;0.86155;0;T;True;2
1621243752000;11526971;0.86149;0.86161;0.86155;1;T;True;2
1621243753000;11526974;0.8615;0.86162;0.86156;2;T;True;2
1621243754000;11526975;0.8615;0.86162;0.86156;0;T;True;2
1621243755000;11526978;0.86151;0.86163;0.86157;2;T;True;2
1621243756000;11526980;0.86151;0.86163;0.86157;1;T;True;2
1621243757000;11526981;0.86151;0.86163;0.86157;0;T;True;2
1621243758000;11526982;0.86151;0.86163;0.86157;0;T;True;2
1621243759000;11526983;0.86151;0.86163;0.86157;0;T;True;2
1621243760000;11526984;0.86151;0.86163;0.86157;0;T;True;2
1621243761000;11526985;0.86151;0.86163;0.86157;0;T;True;2
1621243762000;11526986;0.86151;0.86163;0.86157;0;T;True;2
1621243763000;11526989;0.86151;0.86163;0.86157;2;T;True;2
1621243764000;11526990;0.86151;0.86163;0.86157;0;T;True;2
1621243765000;11526991;0.86151;0.86163;0.86157;0;T;True;2
1621243766000;11526992;0.86151;0.86163;0.86157;0;T;True;2
1621243767000;11526993;0.86151;0.86163;0.86157;0;T;True;2
1621243768000;11526994;0.86151;0.86163;0.86157;0;T;True;2
1621243769000;11526995;0.86151;0.86163;0.86157;0;T;True;2
1621243770000;11526997;0.8615;0.86162;0.86156;1;T;True;2
1621243771000;11526999;0.86151;0.86163;0.86157;1;T;True;2
1621243772000;11527000;0.86151;0.86163;0.86157;0;T;True;2
1621243773000;11527001;0.86151;0.86163;0.86157;0;T;True;2
1621243774000;11527002;0.86151;0.86163;0.86157;0;T;True;2
1621243775000;11527003;0.86151;0.86163;0.86157;0;T;True;2
1621243776000;11527005;0.86151;0.86163;0.86157;1;T;True;2
1621243777000;11527006;0.86151;0.86163;0.86157;0;T;True;2
1621243778000;11527015;0.86148;0.8616;0.86154;8;T;True;2
1621243779000;11527018;0.86148;0.8616;0.86154;2;T;True;2
1621243780000;11527020;0.86147;0.86159;0.86153;1;T;True;2
1621243781000;11527027;0.86151;0.86163;0.86157;6;T;True;2
1621243782000;11527028;0.86151;0.86163;0.86157;0;T;True;2
1621243783000;11527034;0.86156;0.86168;0.86162;5;T;True;2
1621243784000;11527035;0.86156;0.86168;0.86162;0;T;True;2
1621243785000;11527044;0.8616;0.86172;0.86166;8;T;True;2
1621243786000;11527050;0.86162;0.86174;0.86168;5;T;True;2
1621243787000;11527057;0.86166;0.86178;0.86172;6;T;True;2
1621243788000;11527059;0.86165;0.86177;0.86171;1;T;True;2
1621243789000;11527060;0.86165;0.86177;0.86171;0;T;True;2
1621243790000;11527061;0.86165;0.86177;0.86171;0;T;True;2
1621243791000;11527065;0.86166;0.86178;0.86172;3;T;True;2
1621243792000;11527069;0.86165;0.86177;0.86171;3;T;True;2
1621243793000;11527077;0.86163;0.86175;0.86169;7;T;True;2
1621243794000;11527083;0.86164;0.86176;0.8617;5;T;True;2
1621243795000;11527085;0.86165;0.86177;0.86171;1;T;True;2
1621243796000;11527088;0.86166;0.86178;0.86172;2;T;True;2
1621243797000;11527089;0.86166;0.86178;0.86172;0;T;True;2
1621243798000;11527090;0.86166;0.86178;0.86172;0;T;True;2
1621243799000;11527091;0.86166;0.86178;0.86172;0;T;True;2
1621243800000;11527092;0.86166;0.86178;0.86172;0;T;True;2
1621243801000;11527093;0.86166;0.86178;0.86172;0;T;True;2
1621243802000;11527094;0.86166;0.86178;0.86172;0;T;True;2
1621243803000;11527096;0.86165;0.86177;0.86171;1;T;True;2
1621243804000;11527097;0.86165;0.86177;0.86171;0;T;True;2
1621243805000;11527098;0.86165;0.86177;0.86171;0;T;True;2
1621243806000;11527100;0.86165;0.86177;0.86171;1;T;True;2
1621243807000;11527103;0.86165;0.86177;0.86171;2;T;True;2
1621243808000;11527104;0.86165;0.86177;0.86171;0;T;True;2
1621243809000;11527106;0.86166;0.86178;0.86172;1;T;True;2
1621243810000;11527107;0.86166;0.86178;0.86172;0;T;True;2
1621243811000;11527108;0.86166;0.86178;0.86172;0;T;True;2
1621243812000;11527109;0.86166;0.86178;0.86172;0;T;True;2
1621243813000;11527110;0.86166;0.86178;0.86172;0;T;True;2
1621243814000;11527112;0.86165;0.86177;0.86171;1;T;True;2
1621243815000;11527115;0.86167;0.86179;0.86173;2;T;True;2
1621243816000;11527117;0.86167;0.86179;0.86173;1;T;True;2
1621243817000;11527120;0.86167;0.86179;0.86173;2;T;True;2
1621243818000;11527121;0.86167;0.86179;0.86173;0;T;True;2
1621243819000;11527123;0.86166;0.86178;0.86172;1;T;True;2
1621243820000;11527130;0.86168;0.8618;0.86174;6;T;True;2
1621243821000;11527133;0.86166;0.86178;0.86172;2;T;True;2
1621243822000;11527134;0.86166;0.86178;0.86172;0;T;True;2
1621243823000;11527135;0.86166;0.86178;0.86172;0;T;True;2
1621243824000;11527139;0.86166;0.86178;0.86172;3;T;True;2
1621243825000;11527144;0.86162;0.86174;0.86168;4;T;True;2
1621243826000;11527145;0.86162;0.86174;0.86168;0;T;True;2
1621243827000;11527148;0.86162;0.86174;0.86168;2;T;True;2
1621243828000;11527149;0.86162;0.86174;0.86168;0;T;True;2
1621243829000;11527150;0.86162;0.86174;0.86168;0;T;True;2
1621243830000;11527154;0.86163;0.86175;0.86169;3;T;True;2
1621243831000;11527155;0.86163;0.86175;0.86169;0;T;True;2
1621243832000;11527156;0.86163;0.86175;0.86169;0;T;True;2
1621243833000;11527157;0.86163;0.86175;0.86169;0;T;True;2
1621243834000;11527158;0.86163;0.86175;0.86169;0;T;True;2
1621243835000;11527159;0.86163;0.86175;0.86169;0;T;True;2
1621243836000;11527160;0.86163;0.86175;0.86169;0;T;True;2
1621243837000;11527161;0.86163;0.86175;0.86169;0;T;True;2
1621243838000;11527163;0.86164;0.86176;0.8617;1;T;True;2
1621243839000;11527166;0.86164;0.86176;0.8617;2;T;True;2
1621243840000;11527167;0.86164;0.86176;0.8617;0;T;True;2
1621243841000;11527168;0.86164;0.86176;0.8617;0;T;True;2
1621243842000;11527172;0.86165;0.86177;0.86171;3;T;True;2
1621243843000;11527173;0.86165;0.86177;0.86171;0;T;True;2
1621243844000;11527174;0.86165;0.86177;0.86171;0;T;True;2
1621243845000;11527175;0.86165;0.86177;0.86171;0;T;True;2
1621243846000;11527176;0.86165;0.86177;0.86171;0;T;True;2
1621243847000;11527177;0.86165;0.86177;0.86171;0;T;True;2
1621243848000;11527178;0.86165;0.86177;0.86171;0;T;True;2
1621243849000;11527179;0.86165;0.86177;0.86171;0;T;True;2
1621243850000;11527180;0.86165;0.86177;0.86171;0;T;True;2
1621243851000;11527181;0.86165;0.86177;0.86171;0;T;True;2
1621243852000;11527185;0.86166;0.86178;0.86172;3;T;True;2
1621243853000;11527186;0.86166;0.86178;0.86172;0;T;True;2
1621243854000;11527187;0.86166;0.86178;0.86172;0;T;True;2
1621243855000;11527188;0.86166;0.86178;0.86172;0;T;True;2
1621243856000;11527190;0.86165;0.86177;0.86171;1;T;True;2
1621243857000;11527194;0.86169;0.86181;0.86175;3;T;True;2
1621243858000;11527195;0.86169;0.86181;0.86175;0;T;True;2
1621243859000;11527196;0.86169;0.86181;0.86175;0;T;True;2
1621243860000;11527197;0.86169;0.86181;0.86175;0;T;True;2
1621243861000;11527198;0.86169;0.86181;0.86175;0;T;True;2
1621243862000;11527201;0.86167;0.86179;0.86173;2;T;True;2
1621243863000;11527202;0.86167;0.86179;0.86173;0;T;True;2
1621243864000;11527203;0.86167;0.86179;0.86173;0;T;True;2
1621243865000;11527204;0.86167;0.86179;0.86173;0;T;True;2
1621243866000;11527205;0.86167;0.86179;0.86173;0;T;True;2
1621243867000;11527207;0.86168;0.8618;0.86174;1;T;True;2
1621243868000;11527208;0.86168;0.8618;0.86174;0;T;True;2
1621243869000;11527209;0.86168;0.8618;0.86174;0;T;True;2
1621243870000;11527210;0.86168;0.8618;0.86174;0;T;True;2
1621243871000;11527211;0.86168;0.8618;0.86174;0;T;True;2
1621243872000;11527212;0.86168;0.8618;0.86174;0;T;True;2
1621243873000;11527213;0.86168;0.8618;0.86174;0;T;True;2
1621243874000;11527214;0.86168;0.8618;0.86174;0;T;True;2
1621243875000;11527215;0.86168;0.8618;0.86174;0;T;True;2
1621243876000;11527217;0.86169;0.86181;0.86175;1;T;True;2
1621243877000;11527218;0.86169;0.86181;0.86175;0;T;True;2
1621243878000;11527219;0.86169;0.86181;0.86175;0;T;True;2
1621243879000;11527223;0.86165;0.86177;0.86171;3;T;True;2
1621243880000;11527224;0.86165;0.86177;0.86171;0;T;True;2
1621243881000;11527225;0.86165;0.86177;0.86171;0;T;True;2
1621243882000;11527227;0.86165;0.86177;0.86171;1;T;True;2
1621243883000;11527229;0.86165;0.86177;0.86171;1;T;True;2
1621243884000;11527231;0.86165;0.86177;0.86171;1;T;True;2
1621243885000;11527232;0.86165;0.86177;0.86171;0;T;True;2
1621243886000;11527233;0.86165;0.86177;0.86171;0;T;True;2
1621243887000;11527234;0.86165;0.86177;0.86171;0;T;True;2
1621243888000;11527236;0.86165;0.86177;0.86171;1;T;True;2
1621243889000;11527239;0.86165;0.86177;0.86171;2;T;True;2
1621243890000;11527243;0.86165;0.86177;0.86171;3;T;True;2
1621243891000;11527244;0.86165;0.86177;0.86171;0;T;True;2
1621243892000;11527245;0.86165;0.86177;0.86171;0;T;True;2
1621243893000;11527247;0.86165;0.86177;0.86171;1;T;True;2
1621243894000;11527248;0.86165;0.86177;0.86171;0;T;True;2
1621243895000;11527249;0.86165;0.86177;0.86171;0;T;True;2
1621243896000;11527250;0.86165;0.86177;0.86171;0;T;True;2
1621243897000;11527251;0.86165;0.86177;0.86171;0;T;True;2
1621243898000;11527253;0.86165;0.86177;0.86171;1;T;True;2
1621243899000;11527257;0.86164;0.86176;0.8617;3;T;True;2
1621243900000;11527259;0.86165;0.86177;0.86171;1;T;True;2
1621243901000;11527261;0.86165;0.86177;0.86171;1;T;True;2
1621243902000;11527262;0.86165;0.86177;0.86171;0;T;True;2
1621243903000;11527266;0.86165;0.86177;0.86171;3;T;True;2
1621243904000;11527267;0.86165;0.86177;0.86171;0;T;True;2
1621243905000;11527274;0.86172;0.86184;0.86178;6;T;True;2
1621243906000;11527276;0.86173;0.86185;0.86179;1;T;True;2
1621243907000;11527278;0.86175;0.86187;0.86181;1;T;True;2
1621243908000;11527279;0.86175;0.86187;0.86181;0;T;True;2
1621243909000;11527280;0.86175;0.86187;0.86181;0;T;True;2
1621243910000;11527283;0.86173;0.86185;0.86179;2;T;True;2
1621243911000;11527284;0.86173;0.86185;0.86179;0;T;True;2
1621243912000;11527285;0.86173;0.86185;0.86179;0;T;True;2
1621243913000;11527287;0.86174;0.86186;0.8618;1;T;True;2
1621243914000;11527288;0.86174;0.86186;0.8618;0;T;True;2
1621243915000;11527293;0.86171;0.86183;0.86177;4;T;True;2
1621243916000;11527294;0.86171;0.86183;0.86177;0;T;True;2
1621243917000;11527295;0.86171;0.86183;0.86177;0;T;True;2
1621243918000;11527296;0.86171;0.86183;0.86177;0;T;True;2
1621243919000;11527297;0.86171;0.86183;0.86177;0;T;True;2
1621243920000;11527299;0.86169;0.86181;0.86175;1;T;True;2
1621243921000;11527312;0.86155;0.86167;0.86161;12;T;True;2
1621243922000;11527313;0.86155;0.86167;0.86161;0;T;True;2
1621243923000;11527317;0.86154;0.86166;0.8616;3;T;True;2
1621243924000;11527318;0.86154;0.86166;0.8616;0;T;True;2
1621243925000;11527319;0.86154;0.86166;0.8616;0;T;True;2
1621243926000;11527321;0.86153;0.86165;0.86159;1;T;True;2
1621243927000;11527322;0.86153;0.86165;0.86159;0;T;True;2
1621243928000;11527323;0.86153;0.86165;0.86159;0;T;True;2
1621243929000;11527324;0.86153;0.86165;0.86159;0;T;True;2
1621243930000;11527325;0.86153;0.86165;0.86159;0;T;True;2
1621243931000;11527326;0.86153;0.86165;0.86159;0;T;True;2
1621243932000;11527328;0.86154;0.86166;0.8616;1;T;True;2
1621243933000;11527329;0.86154;0.86166;0.8616;0;T;True;2
1621243934000;11527333;0.86155;0.86167;0.86161;3;T;True;2
1621243935000;11527340;0.86155;0.86167;0.86161;6;T;True;2
1621243936000;11527343;0.86155;0.86167;0.86161;2;T;True;2
1621243937000;11527344;0.86155;0.86167;0.86161;0;T;True;2
1621243938000;11527345;0.86155;0.86167;0.86161;0;T;True;2
1621243939000;11527346;0.86155;0.86167;0.86161;0;T;True;2
1621243940000;11527347;0.86155;0.86167;0.86161;0;T;True;2
1621243941000;11527349;0.86155;0.86167;0.86161;1;T;True;2
1621243942000;11527350;0.86155;0.86167;0.86161;0;T;True;2
1621243943000;11527353;0.86156;0.86168;0.86162;2;T;True;2
1621243944000;11527357;0.86157;0.86169;0.86163;3;T;True;2
1621243945000;11527359;0.86157;0.86169;0.86163;1;T;True;2
1621243946000;11527364;0.86159;0.86171;0.86165;4;T;True;2
1621243947000;11527368;0.86163;0.86175;0.86169;3;T;True;2
1621243948000;11527372;0.86162;0.86174;0.86168;3;T;True;2
1621243949000;11527374;0.86161;0.86173;0.86167;1;T;True;2
1621243950000;11527375;0.86161;0.86173;0.86167;0;T;True;2
1621243951000;11527378;0.86159;0.86171;0.86165;2;T;True;2
1621243952000;11527383;0.86161;0.86173;0.86167;4;T;True;2
1621243953000;11527386;0.86159;0.86171;0.86165;2;T;True;2
1621243954000;11527389;0.86159;0.86171;0.86165;2;T;True;2
1621243955000;11527390;0.86159;0.86171;0.86165;0;T;True;2
1621243956000;11527392;0.86159;0.86171;0.86165;1;T;True;2
1621243957000;11527394;0.86159;0.86171;0.86165;1;T;True;2
1621243958000;11527397;0.86159;0.86171;0.86165;2;T;True;2
1621243959000;11527398;0.86159;0.86171;0.86165;0;T;True;2
1621243960000;11527399;0.86159;0.86171;0.86165;0;T;True;2
1621243961000;11527400;0.86159;0.86171;0.86165;0;T;True;2
1621243962000;11527404;0.86159;0.86171;0.86165;3;T;True;2
1621243963000;11527406;0.86159;0.86171;0.86165;1;T;True;2
1621243964000;11527408;0.86159;0.86171;0.86165;1;T;True;2
1621243965000;11527411;0.86161;0.86173;0.86167;2;T;True;2
1621243966000;11527413;0.86159;0.86171;0.86165;1;T;True;2
1621243967000;11527414;0.86159;0.86171;0.86165;0;T;True;2
1621243968000;11527415;0.86159;0.86171;0.86165;0;T;True;2
1621243969000;11527416;0.86159;0.86171;0.86165;0;T;True;2
1621243970000;11527418;0.86159;0.86171;0.86165;1;T;True;2
1621243971000;11527421;0.86158;0.8617;0.86164;2;T;True;2
1621243972000;11527422;0.86158;0.8617;0.86164;0;T;True;2
1621243973000;11527425;0.86157;0.86169;0.86163;2;T;True;2
1621243974000;11527428;0.86155;0.86167;0.86161;2;T;True;2
1621243975000;11527431;0.86153;0.86165;0.86159;2;T;True;2
1621243976000;11527432;0.86153;0.86165;0.86159;0;T;True;2
1621243977000;11527433;0.86153;0.86165;0.86159;0;T;True;2
1621243978000;11527438;0.86155;0.86167;0.86161;4;T;True;2
1621243979000;11527439;0.86155;0.86167;0.86161;0;T;True;2
1621243980000;11527440;0.86155;0.86167;0.86161;0;T;True;2
1621243981000;11527442;0.86155;0.86167;0.86161;1;T;True;2
1621243982000;11527448;0.86155;0.86167;0.86161;5;T;True;2
1621243983000;11527451;0.86154;0.86166;0.8616;2;T;True;2
1621243984000;11527452;0.86154;0.86166;0.8616;0;T;True;2
1621243985000;11527453;0.86154;0.86166;0.8616;0;T;True;2
1621243986000;11527454;0.86154;0.86166;0.8616;0;T;True;2
1621243987000;11527455;0.86154;0.86166;0.8616;0;T;True;2
1621243988000;11527456;0.86154;0.86166;0.8616;0;T;True;2
1621243989000;11527457;0.86154;0.86166;0.8616;0;T;True;2
1621243990000;11527458;0.86154;0.86166;0.8616;0;T;True;2
1621243991000;11527459;0.86154;0.86166;0.8616;0;T;True;2
1621243992000;11527460;0.86154;0.86166;0.8616;0;T;True;2
1621243993000;11527461;0.86154;0.86166;0.8616;0;T;True;2
1621243994000;11527462;0.86154;0.86166;0.8616;0;T;True;2
1621243995000;11527463;0.86154;0.86166;0.8616;0;T;True;2
1621243996000;11527464;0.86154;0.86166;0.8616;0;T;True;2
1621243997000;11527466;0.86153;0.86165;0.86159;1;T;True;2
1621243998000;11527467;0.86153;0.86165;0.86159;0;T;True;2
1621243999000;11527469;0.86152;0.86164;0.86158;1;T;True;2
1621244000000;11527470;0.86152;0.86164;0.86158;0;T;True;2
1621244001000;11527471;0.86152;0.86164;0.86158;0;T;True;2
1621244002000;11527472;0.86152;0.86164;0.86158;0;T;True;2
1621244003000;11527475;0.86152;0.86164;0.86158;2;T;True;2
1621244004000;11527480;0.86147;0.86159;0.86153;4;T;True;2
1621244005000;11527481;0.86147;0.86159;0.86153;0;T;True;2
1621244006000;11527485;0.86144;0.86156;0.8615;3;T;True;2
1621244007000;11527486;0.86144;0.86156;0.8615;0;T;True;2
1621244008000;11527487;0.86144;0.86156;0.8615;0;T;True;2
1621244009000;11527488;0.86144;0.86156;0.8615;0;T;True;2
1621244010000;11527489;0.86144;0.86156;0.8615;0;T;True;2
1621244011000;11527490;0.86144;0.86156;0.8615;0;T;True;2
1621244012000;11527491;0.86144;0.86156;0.8615;0;T;True;2
1621244013000;11527492;0.86144;0.86156;0.8615;0;T;True;2
1621244014000;11527493;0.86144;0.86156;0.8615;0;T;True;2
1621244015000;11527494;0.86144;0.86156;0.8615;0;T;True;2
1621244016000;11527495;0.86144;0.86156;0.8615;0;T;True;2
1621244017000;11527497;0.86143;0.86155;0.86149;1;T;True;2
1621244018000;11527498;0.86143;0.86155;0.86149;0;T;True;2
1621244019000;11527499;0.86143;0.86155;0.86149;0;T;True;2
1621244020000;11527500;0.86143;0.86155;0.86149;0;T;True;2
1621244021000;11527501;0.86143;0.86155;0.86149;0;T;True;2
1621244022000;11527502;0.86143;0.86155;0.86149;0;T;True;2
1621244023000;11527503;0.86143;0.86155;0.86149;0;T;True;2
1621244024000;11527504;0.86143;0.86155;0.86149;0;T;True;2
1621244025000;11527505;0.86143;0.86155;0.86149;0;T;True;2
1621244026000;11527508;0.86143;0.86155;0.86149;2;T;True;2
1621244027000;11527509;0.86143;0.86155;0.86149;0;T;True;2
1621244028000;11527511;0.86145;0.86157;0.86151;1;T;True;2
1621244029000;11527512;0.86145;0.86157;0.86151;0;T;True;2
1621244030000;11527516;0.86144;0.86156;0.8615;3;T;True;2
1621244031000;11527518;0.86143;0.86155;0.86149;1;T;True;2
1621244032000;11527519;0.86143;0.86155;0.86149;0;T;True;2
1621244033000;11527520;0.86143;0.86155;0.86149;0;T;True;2
1621244034000;11527521;0.86143;0.86155;0.86149;0;T;True;2
1621244035000;11527522;0.86143;0.86155;0.86149;0;T;True;2
1621244036000;11527523;0.86143;0.86155;0.86149;0;T;True;2
1621244037000;11527524;0.86143;0.86155;0.86149;0;T;True;2
1621244038000;11527525;0.86143;0.86155;0.86149;0;T;True;2
1621244039000;11527526;0.86143;0.86155;0.86149;0;T;True;2
1621244040000;11527527;0.86143;0.86155;0.86149;0;T;True;2
1621244041000;11527529;0.86144;0.86156;0.8615;1;T;True;2
1621244042000;11527533;0.86141;0.86153;0.86147;3;T;True;2
1621244043000;11527536;0.86141;0.86153;0.86147;2;T;True;2
1621244044000;11527537;0.86141;0.86153;0.86147;0;T;True;2
1621244045000;11527538;0.86141;0.86153;0.86147;0;T;True;2
1621244046000;11527547;0.86144;0.86156;0.8615;8;T;True;2
1621244047000;11527548;0.86144;0.86156;0.8615;0;T;True;2
1621244048000;11527550;0.86145;0.86157;0.86151;1;T;True;2
1621244049000;11527551;0.86145;0.86157;0.86151;0;T;True;2
1621244050000;11527553;0.86144;0.86156;0.8615;1;T;True;2
1621244051000;11527554;0.86144;0.86156;0.8615;0;T;True;2
1621244052000;11527555;0.86144;0.86156;0.8615;0;T;True;2
1621244053000;11527556;0.86144;0.86156;0.8615;0;T;True;2
1621244054000;11527557;0.86144;0.86156;0.8615;0;T;True;2
1621244055000;11527558;0.86144;0.86156;0.8615;0;T;True;2
1621244056000;11527559;0.86144;0.86156;0.8615;0;T;True;2
1621244057000;11527565;0.86141;0.86153;0.86147;5;T;True;2
1621244058000;11527566;0.86141;0.86153;0.86147;0;T;True;2
1621244059000;11527567;0.86141;0.86153;0.86147;0;T;True;2
1621244060000;11527568;0.86141;0.86153;0.86147;0;T;True;2
1621244061000;11527569;0.86141;0.86153;0.86147;0;T;True;2
1621244062000;11527573;0.86145;0.86157;0.86151;3;T;True;2
1621244063000;11527574;0.86145;0.86157;0.86151;0;T;True;2
1621244064000;11527577;0.86142;0.86154;0.86148;2;T;True;2
1621244065000;11527578;0.86142;0.86154;0.86148;0;T;True;2
1621244066000;11527579;0.86142;0.86154;0.86148;0;T;True;2
1621244067000;11527580;0.86142;0.86154;0.86148;0;T;True;2
1621244068000;11527581;0.86142;0.86154;0.86148;0;T;True;2
1621244069000;11527582;0.86142;0.86154;0.86148;0;T;True;2
1621244070000;11527583;0.86142;0.86154;0.86148;0;T;True;2
1621244071000;11527584;0.86142;0.86154;0.86148;0;T;True;2
1621244072000;11527585;0.86142;0.86154;0.86148;0;T;True;2
1621244073000;11527586;0.86142;0.86154;0.86148;0;T;True;2
1621244074000;11527587;0.86142;0.86154;0.86148;0;T;True;2
1621244075000;11527588;0.86142;0.86154;0.86148;0;T;True;2
1621244076000;11527589;0.86142;0.86154;0.86148;0;T;True;2
1621244077000;11527591;0.86141;0.86153;0.86147;1;T;True;2
1621244078000;11527592;0.86141;0.86153;0.86147;0;T;True;2
1621244079000;11527593;0.86141;0.86153;0.86147;0;T;True;2
1621244080000;11527594;0.86141;0.86153;0.86147;0;T;True;2
1621244081000;11527595;0.86141;0.86153;0.86147;0;T;True;2
1621244082000;11527596;0.86141;0.86153;0.86147;0;T;True;2
1621244083000;11527598;0.86141;0.86153;0.86147;1;T;True;2
1621244084000;11527600;0.86141;0.86153;0.86147;1;T;True;2
1621244085000;11527601;0.86141;0.86153;0.86147;0;T;True;2
1621244086000;11527602;0.86141;0.86153;0.86147;0;T;True;2
1621244087000;11527605;0.86142;0.86154;0.86148;2;T;True;2
1621244088000;11527606;0.86142;0.86154;0.86148;0;T;True;2
1621244089000;11527607;0.86142;0.86154;0.86148;0;T;True;2
1621244090000;11527608;0.86142;0.86154;0.86148;0;T;True;2
1621244091000;11527610;0.86141;0.86153;0.86147;1;T;True;2
1621244092000;11527611;0.86141;0.86153;0.86147;0;T;True;2
1621244093000;11527613;0.86141;0.86153;0.86147;1;T;True;2
1621244094000;11527614;0.86141;0.86153;0.86147;0;T;True;2
1621244095000;11527617;0.86141;0.86153;0.86147;2;T;True;2
1621244096000;11527618;0.86141;0.86153;0.86147;0;T;True;2
1621244097000;11527619;0.86141;0.86153;0.86147;0;T;True;2
1621244098000;11527620;0.86141;0.86153;0.86147;0;T;True;2
1621244099000;11527621;0.86141;0.86153;0.86147;0;T;True;2
1621244100000;11527624;0.86143;0.86155;0.86149;2;T;True;2
1621244101000;11527629;0.86145;0.86157;0.86151;4;T;True;2
1621244102000;11527631;0.86147;0.86159;0.86153;1;T;True;2
1621244103000;11527632;0.86147;0.86159;0.86153;0;T;True;2
1621244104000;11527633;0.86147;0.86159;0.86153;0;T;True;2
1621244105000;11527637;0.86151;0.86163;0.86157;3;T;True;2
1621244106000;11527639;0.86151;0.86163;0.86157;1;T;True;2
1621244107000;11527640;0.86151;0.86163;0.86157;0;T;True;2
1621244108000;11527641;0.86151;0.86163;0.86157;0;T;True;2
1621244109000;11527642;0.86151;0.86163;0.86157;0;T;True;2
1621244110000;11527643;0.86151;0.86163;0.86157;0;T;True;2
1621244111000;11527644;0.86151;0.86163;0.86157;0;T;True;2
1621244112000;11527645;0.86151;0.86163;0.86157;0;T;True;2
1621244113000;11527646;0.86151;0.86163;0.86157;0;T;True;2
1621244114000;11527647;0.86151;0.86163;0.86157;0;T;True;2
1621244115000;11527648;0.86151;0.86163;0.86157;0;T;True;2
1621244116000;11527649;0.86151;0.86163;0.86157;0;T;True;2
1621244117000;11527650;0.86151;0.86163;0.86157;0;T;True;2
1621244118000;11527651;0.86151;0.86163;0.86157;0;T;True;2
1621244119000;11527652;0.86151;0.86163;0.86157;0;T;True;2
1621244120000;11527653;0.86151;0.86163;0.86157;0;T;True;2
1621244121000;11527654;0.86151;0.86163;0.86157;0;T;True;2
1621244122000;11527655;0.86151;0.86163;0.86157;0;T;True;2
1621244123000;11527656;0.86151;0.86163;0.86157;0;T;True;2
1621244124000;11527657;0.86151;0.86163;0.86157;0;T;True;2
1621244125000;11527658;0.86151;0.86163;0.86157;0;T;True;2
1621244126000;11527659;0.86151;0.86163;0.86157;0;T;True;2
1621244127000;11527660;0.86151;0.86163;0.86157;0;T;True;2
1621244128000;11527661;0.86151;0.86163;0.86157;0;T;True;2
1621244129000;11527662;0.86151;0.86163;0.86157;0;T;True;2
1621244130000;11527663;0.86151;0.86163;0.86157;0;T;True;2
1621244131000;11527664;0.86151;0.86163;0.86157;0;T;True;2
1621244132000;11527667;0.86149;0.86161;0.86155;2;T;True;2
1621244133000;11527672;0.8615;0.86162;0.86156;4;T;True;2
1621244134000;11527675;0.86148;0.8616;0.86154;2;T;True;2
1621244135000;11527676;0.86148;0.8616;0.86154;0;T;True;2
1621244136000;11527677;0.86148;0.8616;0.86154;0;T;True;2
1621244137000;11527678;0.86148;0.8616;0.86154;0;T;True;2
1621244138000;11527679;0.86148;0.8616;0.86154;0;T;True;2
1621244139000;11527680;0.86148;0.8616;0.86154;0;T;True;2
1621244140000;11527681;0.86148;0.8616;0.86154;0;T;True;2
1621244141000;11527683;0.86149;0.86161;0.86155;1;T;True;2
1621244142000;11527684;0.86149;0.86161;0.86155;0;T;True;2
1621244143000;11527685;0.86149;0.86161;0.86155;0;T;True;2
1621244144000;11527686;0.86149;0.86161;0.86155;0;T;True;2
1621244145000;11527687;0.86149;0.86161;0.86155;0;T;True;2
1621244146000;11527688;0.86149;0.86161;0.86155;0;T;True;2
1621244147000;11527689;0.86149;0.86161;0.86155;0;T;True;2
1621244148000;11527690;0.86149;0.86161;0.86155;0;T;True;2
1621244149000;11527692;0.86148;0.8616;0.86154;1;T;True;2
1621244150000;11527693;0.86148;0.8616;0.86154;0;T;True;2
1621244151000;11527695;0.86149;0.86161;0.86155;1;T;True;2
1621244152000;11527697;0.86148;0.8616;0.86154;1;T;True;2
1621244153000;11527698;0.86148;0.8616;0.86154;0;T;True;2
1621244154000;11527699;0.86148;0.8616;0.86154;0;T;True;2
1621244155000;11527701;0.86149;0.86161;0.86155;1;T;True;2
1621244156000;11527702;0.86149;0.86161;0.86155;0;T;True;2
1621244157000;11527703;0.86149;0.86161;0.86155;0;T;True;2
1621244158000;11527704;0.86149;0.86161;0.86155;0;T;True;2
1621244159000;11527705;0.86149;0.86161;0.86155;0;T;True;2
1621244160000;11527706;0.86149;0.86161;0.86155;0;T;True;2
1621244161000;11527708;0.86148;0.8616;0.86154;1;T;True;2
1621244162000;11527709;0.86148;0.8616;0.86154;0;T;True;2
1621244163000;11527710;0.86148;0.8616;0.86154;0;T;True;2
1621244164000;11527713;0.86148;0.8616;0.86154;2;T;True;2
1621244165000;11527714;0.86148;0.8616;0.86154;0;T;True;2
1621244166000;11527715;0.86148;0.8616;0.86154;0;T;True;2
1621244167000;11527716;0.86148;0.8616;0.86154;0;T;True;2
1621244168000;11527717;0.86148;0.8616;0.86154;0;T;True;2
1621244169000;11527718;0.86148;0.8616;0.86154;0;T;True;2
1621244170000;11527719;0.86148;0.8616;0.86154;0;T;True;2
1621244171000;11527720;0.86148;0.8616;0.86154;0;T;True;2
1621244172000;11527721;0.86148;0.8616;0.86154;0;T;True;2
1621244173000;11527722;0.86148;0.8616;0.86154;0;T;True;2
1621244174000;11527725;0.86149;0.86161;0.86155;2;T;True;2
1621244175000;11527732;0.86142;0.86154;0.86148;6;T;True;2
1621244176000;11527733;0.86142;0.86154;0.86148;0;T;True;2
1621244177000;11527735;0.86141;0.86153;0.86147;1;T;True;2
1621244178000;11527736;0.86141;0.86153;0.86147;0;T;True;2
1621244179000;11527738;0.86141;0.86153;0.86147;1;T;True;2
1621244180000;11527743;0.86143;0.86155;0.86149;4;T;True;2
1621244181000;11527744;0.86143;0.86155;0.86149;0;T;True;2
1621244182000;11527745;0.86143;0.86155;0.86149;0;T;True;2
1621244183000;11527746;0.86143;0.86155;0.86149;0;T;True;2
1621244184000;11527748;0.86141;0.86153;0.86147;1;T;True;2
1621244185000;11527752;0.86137;0.86149;0.86143;3;T;True;2
1621244186000;11527753;0.86137;0.86149;0.86143;0;T;True;2
1621244187000;11527756;0.86139;0.86151;0.86145;2;T;True;2
1621244188000;11527758;0.8614;0.86152;0.86146;1;T;True;2
1621244189000;11527762;0.86141;0.86153;0.86147;3;T;True;2
1621244190000;11527764;0.86143;0.86155;0.86149;1;T;True;2
1621244191000;11527765;0.86143;0.86155;0.86149;0;T;True;2
1621244192000;11527766;0.86143;0.86155;0.86149;0;T;True;2
1621244193000;11527767;0.86143;0.86155;0.86149;0;T;True;2
1621244194000;11527768;0.86143;0.86155;0.86149;0;T;True;2
1621244195000;11527769;0.86143;0.86155;0.86149;0;T;True;2
1621244196000;11527771;0.86143;0.86155;0.86149;1;T;True;2
1621244197000;11527772;0.86143;0.86155;0.86149;0;T;True;2
1621244198000;11527776;0.86142;0.86154;0.86148;3;T;True;2
1621244199000;11527777;0.86142;0.86154;0.86148;0;T;True;2
1621244200000;11527782;0.86143;0.86155;0.86149;4;T;True;2
1621244201000;11527783;0.86143;0.86155;0.86149;0;T;True;2
1621244202000;11527784;0.86143;0.86155;0.86149;0;T;True;2
1621244203000;11527785;0.86143;0.86155;0.86149;0;T;True;2
1621244204000;11527786;0.86143;0.86155;0.86149;0;T;True;2
1621244205000;11527787;0.86143;0.86155;0.86149;0;T;True;2
1621244206000;11527788;0.86143;0.86155;0.86149;0;T;True;2
1621244207000;11527792;0.86144;0.86156;0.8615;3;T;True;2
1621244208000;11527793;0.86144;0.86156;0.8615;0;T;True;2
1621244209000;11527794;0.86144;0.86156;0.8615;0;T;True;2
1621244210000;11527795;0.86144;0.86156;0.8615;0;T;True;2
1621244211000;11527797;0.86143;0.86155;0.86149;1;T;True;2
1621244212000;11527798;0.86143;0.86155;0.86149;0;T;True;2
1621244213000;11527799;0.86143;0.86155;0.86149;0;T;True;2
1621244214000;11527800;0.86143;0.86155;0.86149;0;T;True;2
1621244215000;11527801;0.86143;0.86155;0.86149;0;T;True;2
1621244216000;11527802;0.86143;0.86155;0.86149;0;T;True;2
1621244217000;11527803;0.86143;0.86155;0.86149;0;T;True;2
1621244218000;11527804;0.86143;0.86155;0.86149;0;T;True;2
1621244219000;11527805;0.86143;0.86155;0.86149;0;T;True;2
1621244220000;11527808;0.86143;0.86155;0.86149;2;T;True;2
1621244221000;11527812;0.86145;0.86157;0.86151;3;T;True;2
1621244222000;11527813;0.86145;0.86157;0.86151;0;T;True;2
1621244223000;11527818;0.86143;0.86155;0.86149;4;T;True;2
1621244224000;11527820;0.86142;0.86154;0.86148;1;T;True;2
1621244225000;11527821;0.86142;0.86154;0.86148;0;T;True;2
1621244226000;11527823;0.86143;0.86155;0.86149;1;T;True;2
1621244227000;11527824;0.86143;0.86155;0.86149;0;T;True;2
1621244228000;11527825;0.86143;0.86155;0.86149;0;T;True;2
1621244229000;11527826;0.86143;0.86155;0.86149;0;T;True;2
1621244230000;11527827;0.86143;0.86155;0.86149;0;T;True;2
1621244231000;11527828;0.86143;0.86155;0.86149;0;T;True;2
1621244232000;11527829;0.86143;0.86155;0.86149;0;T;True;2
1621244233000;11527832;0.86143;0.86155;0.86149;2;T;True;2
1621244234000;11527838;0.86136;0.86148;0.86142;5;T;True;2
1621244235000;11527843;0.86135;0.86147;0.86141;4;T;True;2
1621244236000;11527844;0.86135;0.86147;0.86141;0;T;True;2
1621244237000;11527845;0.86135;0.86147;0.86141;0;T;True;2
1621244238000;11527846;0.86135;0.86147;0.86141;0;T;True;2
1621244239000;11527847;0.86135;0.86147;0.86141;0;T;True;2
1621244240000;11527848;0.86135;0.86147;0.86141;0;T;True;2
1621244241000;11527849;0.86135;0.86147;0.86141;0;T;True;2
1621244242000;11527850;0.86135;0.86147;0.86141;0;T;True;2
1621244243000;11527851;0.86135;0.86147;0.86141;0;T;True;2
1621244244000;11527852;0.86135;0.86147;0.86141;0;T;True;2
1621244245000;11527853;0.86135;0.86147;0.86141;0;T;True;2
1621244246000;11527854;0.86135;0.86147;0.86141;0;T;True;2
1621244247000;11527855;0.86135;0.86147;0.86141;0;T;True;2
1621244248000;11527856;0.86135;0.86147;0.86141;0;T;True;2
1621244249000;11527857;0.86135;0.86147;0.86141;0;T;True;2
1621244250000;11527858;0.86135;0.86147;0.86141;0;T;True;2
1621244251000;11527860;0.86136;0.86148;0.86142;1;T;True;2
1621244252000;11527864;0.86136;0.86148;0.86142;3;T;True;2
1621244253000;11527868;0.86137;0.86149;0.86143;3;T;True;2
1621244254000;11527875;0.86141;0.86153;0.86147;6;T;True;2
1621244255000;11527877;0.86141;0.86153;0.86147;1;T;True;2
1621244256000;11527879;0.86141;0.86153;0.86147;1;T;True;2
1621244257000;11527880;0.86141;0.86153;0.86147;0;T;True;2
1621244258000;11527881;0.86141;0.86153;0.86147;0;T;True;2
1621244259000;11527882;0.86141;0.86153;0.86147;0;T;True;2
1621244260000;11527883;0.86141;0.86153;0.86147;0;T;True;2
1621244261000;11527884;0.86141;0.86153;0.86147;0;T;True;2
1621244262000;11527886;0.8614;0.86152;0.86146;1;T;True;2
1621244263000;11527887;0.8614;0.86152;0.86146;0;T;True;2
1621244264000;11527890;0.86141;0.86153;0.86147;2;T;True;2
1621244265000;11527892;0.86142;0.86154;0.86148;1;T;True;2
1621244266000;11527900;0.86138;0.8615;0.86144;7;T;True;2
1621244267000;11527902;0.86138;0.8615;0.86144;1;T;True;2
1621244268000;11527903;0.86138;0.8615;0.86144;0;T;True;2
1621244269000;11527904;0.86138;0.8615;0.86144;0;T;True;2
1621244270000;11527905;0.86138;0.8615;0.86144;0;T;True;2
1621244271000;11527907;0.86137;0.86149;0.86143;1;T;True;2
1621244272000;11527908;0.86137;0.86149;0.86143;0;T;True;2
1621244273000;11527911;0.86139;0.86151;0.86145;2;T;True;2
1621244274000;11527914;0.86139;0.86151;0.86145;2;T;True;2
1621244275000;11527915;0.86139;0.86151;0.86145;0;T;True;2
1621244276000;11527918;0.86141;0.86153;0.86147;2;T;True;2
1621244277000;11527919;0.86141;0.86153;0.86147;0;T;True;2
1621244278000;11527920;0.86141;0.86153;0.86147;0;T;True;2
1621244279000;11527922;0.86142;0.86154;0.86148;1;T;True;2
1621244280000;11527923;0.86142;0.86154;0.86148;0;T;True;2
1621244281000;11527926;0.86145;0.86157;0.86151;2;T;True;2
1621244282000;11527927;0.86145;0.86157;0.86151;0;T;True;2
1621244283000;11527928;0.86145;0.86157;0.86151;0;T;True;2
1621244284000;11527929;0.86145;0.86157;0.86151;0;T;True;2
1621244285000;11527931;0.86145;0.86157;0.86151;1;T;True;2
1621244286000;11527932;0.86145;0.86157;0.86151;0;T;True;2
1621244287000;11527933;0.86145;0.86157;0.86151;0;T;True;2
1621244288000;11527934;0.86145;0.86157;0.86151;0;T;True;2
1621244289000;11527938;0.86149;0.86161;0.86155;3;T;True;2
1621244290000;11527940;0.86149;0.86161;0.86155;1;T;True;2
1621244291000;11527942;0.86151;0.86163;0.86157;1;T;True;2
1621244292000;11527943;0.86151;0.86163;0.86157;0;T;True;2
1621244293000;11527944;0.86151;0.86163;0.86157;0;T;True;2
1621244294000;11527945;0.86151;0.86163;0.86157;0;T;True;2
1621244295000;11527946;0.86151;0.86163;0.86157;0;T;True;2
1621244296000;11527947;0.86151;0.86163;0.86157;0;T;True;2
1621244297000;11527948;0.86151;0.86163;0.86157;0;T;True;2
1621244298000;11527949;0.86151;0.86163;0.86157;0;T;True;2
1621244299000;11527950;0.86151;0.86163;0.86157;0;T;True;2
1621244300000;11527955;0.86151;0.86163;0.86157;4;T;True;2
1621244301000;11527957;0.86151;0.86163;0.86157;1;T;True;2
1621244302000;11527959;0.86152;0.86164;0.86158;1;T;True;2
1621244303000;11527963;0.86153;0.86165;0.86159;3;T;True;2
1621244304000;11527964;0.86153;0.86165;0.86159;0;T;True;2
1621244305000;11527965;0.86153;0.86165;0.86159;0;T;True;2
1621244306000;11527968;0.86155;0.86167;0.86161;2;T;True;2
1621244307000;11527970;0.86155;0.86167;0.86161;1;T;True;2
1621244308000;11527974;0.86155;0.86167;0.86161;3;T;True;2
1621244309000;11527975;0.86155;0.86167;0.86161;0;T;True;2
1621244310000;11527976;0.86155;0.86167;0.86161;0;T;True;2
1621244311000;11527977;0.86155;0.86167;0.86161;0;T;True;2
1621244312000;11527978;0.86155;0.86167;0.86161;0;T;True;2
1621244313000;11527979;0.86155;0.86167;0.86161;0;T;True;2
1621244314000;11527981;0.86155;0.86167;0.86161;1;T;True;2
1621244315000;11527987;0.86153;0.86165;0.86159;5;T;True;2
1621244316000;11527988;0.86153;0.86165;0.86159;0;T;True;2
1621244317000;11527989;0.86153;0.86165;0.86159;0;T;True;2
1621244318000;11527990;0.86153;0.86165;0.86159;0;T;True;2
1621244319000;11527991;0.86153;0.86165;0.86159;0;T;True;2
1621244320000;11527992;0.86153;0.86165;0.86159;0;T;True;2
1621244321000;11527993;0.86153;0.86165;0.86159;0;T;True;2
1621244322000;11527999;0.86159;0.86171;0.86165;5;T;True;2
1621244323000;11528004;0.86157;0.86169;0.86163;4;T;True;2
1621244324000;11528005;0.86157;0.86169;0.86163;0;T;True;2
1621244325000;11528007;0.86159;0.86171;0.86165;1;T;True;2
1621244326000;11528008;0.86159;0.86171;0.86165;0;T;True;2
1621244327000;11528012;0.8616;0.86172;0.86166;3;T;True;2
1621244328000;11528013;0.8616;0.86172;0.86166;0;T;True;2
1621244329000;11528015;0.86159;0.86171;0.86165;1;T;True;2
1621244330000;11528017;0.86161;0.86173;0.86167;1;T;True;2
1621244331000;11528018;0.86161;0.86173;0.86167;0;T;True;2
1621244332000;11528019;0.86161;0.86173;0.86167;0;T;True;2
1621244333000;11528020;0.86161;0.86173;0.86167;0;T;True;2
1621244334000;11528021;0.86161;0.86173;0.86167;0;T;True;2
1621244335000;11528022;0.86161;0.86173;0.86167;0;T;True;2
1621244336000;11528023;0.86161;0.86173;0.86167;0;T;True;2
1621244337000;11528024;0.86161;0.86173;0.86167;0;T;True;2
1621244338000;11528025;0.86161;0.86173;0.86167;0;T;True;2
1621244339000;11528028;0.86163;0.86175;0.86169;2;T;True;2
1621244340000;11528029;0.86163;0.86175;0.86169;0;T;True;2
1621244341000;11528033;0.86167;0.86179;0.86173;3;T;True;2
1621244342000;11528039;0.86165;0.86177;0.86171;5;T;True;2
1621244343000;11528040;0.86165;0.86177;0.86171;0;T;True;2
1621244344000;11528045;0.86165;0.86177;0.86171;4;T;True;2
1621244345000;11528047;0.86166;0.86178;0.86172;1;T;True;2
1621244346000;11528050;0.86168;0.8618;0.86174;2;T;True;2
1621244347000;11528052;0.86169;0.86181;0.86175;1;T;True;2
1621244348000;11528057;0.86168;0.8618;0.86174;4;T;True;2
1621244349000;11528060;0.86169;0.86181;0.86175;2;T;True;2
1621244350000;11528061;0.86169;0.86181;0.86175;0;T;True;2
1621244351000;11528063;0.86169;0.86181;0.86175;1;T;True;2
1621244352000;11528067;0.86169;0.86181;0.86175;3;T;True;2
1621244353000;11528072;0.86171;0.86183;0.86177;4;T;True;2
1621244354000;11528073;0.86171;0.86183;0.86177;0;T;True;2
1621244355000;11528074;0.86171;0.86183;0.86177;0;T;True;2
1621244356000;11528075;0.86171;0.86183;0.86177;0;T;True;2
1621244357000;11528079;0.86173;0.86185;0.86179;3;T;True;2
1621244358000;11528080;0.86173;0.86185;0.86179;0;T;True;2
1621244359000;11528084;0.86174;0.86186;0.8618;3;T;True;2
1621244360000;11528089;0.86178;0.8619;0.86184;4;T;True;2
1621244361000;11528091;0.86179;0.86191;0.86185;1;T;True;2
1621244362000;11528093;0.86179;0.86191;0.86185;1;T;True;2
1621244363000;11528094;0.86179;0.86191;0.86185;0;T;True;2
1621244364000;11528095;0.86179;0.86191;0.86185;0;T;True;2
1621244365000;11528098;0.86179;0.86191;0.86185;2;T;True;2
1621244366000;11528104;0.86177;0.86189;0.86183;5;T;True;2
1621244367000;11528106;0.86177;0.86189;0.86183;1;T;True;2
1621244368000;11528108;0.86177;0.86189;0.86183;1;T;True;2
1621244369000;11528114;0.86178;0.8619;0.86184;5;T;True;2
1621244370000;11528117;0.86179;0.86191;0.86185;2;T;True;2
1621244371000;11528118;0.86179;0.86191;0.86185;0;T;True;2
1621244372000;11528125;0.86181;0.86193;0.86187;6;T;True;2
1621244373000;11528128;0.86181;0.86193;0.86187;2;T;True;2
1621244374000;11528131;0.86182;0.86194;0.86188;2;T;True;2
1621244375000;11528134;0.86182;0.86194;0.86188;2;T;True;2
1621244376000;11528137;0.86181;0.86193;0.86187;2;T;True;2
1621244377000;11528141;0.86179;0.86191;0.86185;3;T;True;2
1621244378000;11528142;0.86179;0.86191;0.86185;0;T;True;2
1621244379000;11528145;0.86179;0.86191;0.86185;2;T;True;2
1621244380000;11528146;0.86179;0.86191;0.86185;0;T;True;2
1621244381000;11528148;0.86179;0.86191;0.86185;1;T;True;2
1621244382000;11528151;0.8618;0.86192;0.86186;2;T;True;2
1621244383000;11528152;0.8618;0.86192;0.86186;0;T;True;2
1621244384000;11528158;0.86183;0.86195;0.86189;5;T;True;2
1621244385000;11528161;0.86183;0.86195;0.86189;2;T;True;2
1621244386000;11528165;0.86183;0.86195;0.86189;3;T;True;2
1621244387000;11528168;0.86183;0.86195;0.86189;2;T;True;2
1621244388000;11528170;0.86183;0.86195;0.86189;1;T;True;2
1621244389000;11528171;0.86183;0.86195;0.86189;0;T;True;2
1621244390000;11528172;0.86183;0.86195;0.86189;0;T;True;2
1621244391000;11528173;0.86183;0.86195;0.86189;0;T;True;2
1621244392000;11528175;0.86183;0.86195;0.86189;1;T;True;2
1621244393000;11528177;0.86183;0.86195;0.86189;1;T;True;2
1621244394000;11528180;0.86182;0.86194;0.86188;2;T;True;2
1621244395000;11528190;0.86177;0.86189;0.86183;9;T;True;2
1621244396000;11528191;0.86177;0.86189;0.86183;0;T;True;2
1621244397000;11528196;0.86179;0.86191;0.86185;4;T;True;2
1621244398000;11528198;0.86179;0.86191;0.86185;1;T;True;2
1621244399000;11528200;0.86179;0.86191;0.86185;1;T;True;2
1621244400000;11528203;0.8618;0.86192;0.86186;2;T;True;2
1621244401000;11528210;0.86183;0.86195;0.86189;6;T;True;2
1621244402000;11528214;0.86182;0.86194;0.86188;3;T;True;2
1621244403000;11528216;0.86183;0.86195;0.86189;1;T;True;2
1621244404000;11528217;0.86183;0.86195;0.86189;0;T;True;2
1621244405000;11528219;0.86183;0.86195;0.86189;1;T;True;2
1621244406000;11528224;0.86183;0.86195;0.86189;4;T;True;2
1621244407000;11528229;0.86183;0.86195;0.86189;4;T;True;2
1621244408000;11528230;0.86183;0.86195;0.86189;0;T;True;2
1621244409000;11528232;0.86185;0.86197;0.86191;1;T;True;2
1621244410000;11528233;0.86185;0.86197;0.86191;0;T;True;2
1621244411000;11528235;0.86185;0.86197;0.86191;1;T;True;2
1621244412000;11528237;0.86186;0.86198;0.86192;1;T;True;2
1621244413000;11528238;0.86186;0.86198;0.86192;0;T;True;2
1621244414000;11528240;0.86187;0.86199;0.86193;1;T;True;2
1621244415000;11528241;0.86187;0.86199;0.86193;0;T;True;2
1621244416000;11528244;0.86187;0.86199;0.86193;2;T;True;2
1621244417000;11528245;0.86187;0.86199;0.86193;0;T;True;2
1621244418000;11528248;0.86186;0.86198;0.86192;2;T;True;2
1621244419000;11528253;0.86185;0.86197;0.86191;4;T;True;2
1621244420000;11528255;0.86185;0.86197;0.86191;1;T;True;2
1621244421000;11528258;0.86187;0.86199;0.86193;2;T;True;2
1621244422000;11528262;0.86189;0.86201;0.86195;3;T;True;2
1621244423000;11528263;0.86189;0.86201;0.86195;0;T;True;2
1621244424000;11528271;0.86189;0.86201;0.86195;7;T;True;2
1621244425000;11528273;0.86188;0.862;0.86194;1;T;True;2
1621244426000;11528275;0.86188;0.862;0.86194;1;T;True;2
1621244427000;11528278;0.86189;0.86201;0.86195;2;T;True;2
1621244428000;11528281;0.86191;0.86203;0.86197;2;T;True;2
1621244429000;11528282;0.86191;0.86203;0.86197;0;T;True;2
1621244430000;11528283;0.86191;0.86203;0.86197;0;T;True;2
1621244431000;11528284;0.86191;0.86203;0.86197;0;T;True;2
1621244432000;11528286;0.86191;0.86203;0.86197;1;T;True;2
1621244433000;11528289;0.86189;0.86201;0.86195;2;T;True;2
1621244434000;11528291;0.86189;0.86201;0.86195;1;T;True;2
1621244435000;11528292;0.86189;0.86201;0.86195;0;T;True;2
1621244436000;11528295;0.86191;0.86203;0.86197;2;T;True;2
1621244437000;11528296;0.86191;0.86203;0.86197;0;T;True;2
1621244438000;11528297;0.86191;0.86203;0.86197;0;T;True;2
1621244439000;11528299;0.86191;0.86203;0.86197;1;T;True;2
1621244440000;11528300;0.86191;0.86203;0.86197;0;T;True;2
1621244441000;11528302;0.86191;0.86203;0.86197;1;T;True;2
1621244442000;11528303;0.86191;0.86203;0.86197;0;T;True;2
1621244443000;11528306;0.86189;0.86201;0.86195;2;T;True;2
1621244444000;11528311;0.86188;0.862;0.86194;4;T;True;2
1621244445000;11528312;0.86188;0.862;0.86194;0;T;True;2
1621244446000;11528315;0.86191;0.86203;0.86197;2;T;True;2
1621244447000;11528317;0.86191;0.86203;0.86197;1;T;True;2
1621244448000;11528319;0.8619;0.86202;0.86196;1;T;True;2
1621244449000;11528320;0.8619;0.86202;0.86196;0;T;True;2
1621244450000;11528322;0.8619;0.86202;0.86196;1;T;True;2
1621244451000;11528324;0.8619;0.86202;0.86196;1;T;True;2
1621244452000;11528333;0.86199;0.86211;0.86205;8;T;True;2
1621244453000;11528335;0.86199;0.86211;0.86205;1;T;True;2
1621244454000;11528337;0.86199;0.86211;0.86205;1;T;True;2
1621244455000;11528338;0.86199;0.86211;0.86205;0;T;True;2
1621244456000;11528340;0.86199;0.86211;0.86205;1;T;True;2
1621244457000;11528342;0.86198;0.8621;0.86204;1;T;True;2
1621244458000;11528343;0.86198;0.8621;0.86204;0;T;True;2
1621244459000;11528345;0.86199;0.86211;0.86205;1;T;True;2
1621244460000;11528346;0.86199;0.86211;0.86205;0;T;True;2
1621244461000;11528350;0.86202;0.86214;0.86208;3;T;True;2
1621244462000;11528352;0.86203;0.86215;0.86209;1;T;True;2
1621244463000;11528354;0.86203;0.86215;0.86209;1;T;True;2
1621244464000;11528355;0.86203;0.86215;0.86209;0;T;True;2
1621244465000;11528356;0.86203;0.86215;0.86209;0;T;True;2
1621244466000;11528365;0.86208;0.8622;0.86214;8;T;True;2
1621244467000;11528366;0.86208;0.8622;0.86214;0;T;True;2
1621244468000;11528371;0.86207;0.86219;0.86213;4;T;True;2
1621244469000;11528372;0.86207;0.86219;0.86213;0;T;True;2
1621244470000;11528373;0.86207;0.86219;0.86213;0;T;True;2
1621244471000;11528374;0.86207;0.86219;0.86213;0;T;True;2
1621244472000;11528375;0.86207;0.86219;0.86213;0;T;True;2
1621244473000;11528376;0.86207;0.86219;0.86213;0;T;True;2
1621244474000;11528378;0.86205;0.86217;0.86211;1;T;True;2
1621244475000;11528379;0.86205;0.86217;0.86211;0;T;True;2
1621244476000;11528380;0.86205;0.86217;0.86211;0;T;True;2
1621244477000;11528381;0.86205;0.86217;0.86211;0;T;True;2
1621244478000;11528382;0.86205;0.86217;0.86211;0;T;True;2
1621244479000;11528383;0.86205;0.86217;0.86211;0;T;True;2
1621244480000;11528384;0.86205;0.86217;0.86211;0;T;True;2
1621244481000;11528385;0.86205;0.86217;0.86211;0;T;True;2
1621244482000;11528387;0.86206;0.86218;0.86212;1;T;True;2
1621244483000;11528388;0.86206;0.86218;0.86212;0;T;True;2
1621244484000;11528389;0.86206;0.86218;0.86212;0;T;True;2
1621244485000;11528390;0.86206;0.86218;0.86212;0;T;True;2
1621244486000;11528391;0.86206;0.86218;0.86212;0;T;True;2
1621244487000;11528393;0.86205;0.86217;0.86211;1;T;True;2
1621244488000;11528396;0.86203;0.86215;0.86209;2;T;True;2
1621244489000;11528398;0.86203;0.86215;0.86209;1;T;True;2
1621244490000;11528399;0.86203;0.86215;0.86209;0;T;True;2
1621244491000;11528400;0.86203;0.86215;0.86209;0;T;True;2
1621244492000;11528401;0.86203;0.86215;0.86209;0;T;True;2
1621244493000;11528405;0.86202;0.86214;0.86208;3;T;True;2
1621244494000;11528408;0.86203;0.86215;0.86209;2;T;True;2
1621244495000;11528410;0.86203;0.86215;0.86209;1;T;True;2
1621244496000;11528411;0.86203;0.86215;0.86209;0;T;True;2
1621244497000;11528412;0.86203;0.86215;0.86209;0;T;True;2
1621244498000;11528419;0.86199;0.86211;0.86205;6;T;True;2
1621244499000;11528422;0.86201;0.86213;0.86207;2;T;True;2
1621244500000;11528423;0.86201;0.86213;0.86207;0;T;True;2
1621244501000;11528424;0.86201;0.86213;0.86207;0;T;True;2
1621244502000;11528425;0.86201;0.86213;0.86207;0;T;True;2
1621244503000;11528428;0.86202;0.86214;0.86208;2;T;True;2
1621244504000;11528429;0.86202;0.86214;0.86208;0;T;True;2
1621244505000;11528431;0.86203;0.86215;0.86209;1;T;True;2
1621244506000;11528432;0.86203;0.86215;0.86209;0;T;True;2
1621244507000;11528433;0.86203;0.86215;0.86209;0;T;True;2
1621244508000;11528436;0.86203;0.86215;0.86209;2;T;True;2
1621244509000;11528437;0.86203;0.86215;0.86209;0;T;True;2
1621244510000;11528438;0.86203;0.86215;0.86209;0;T;True;2
1621244511000;11528439;0.86203;0.86215;0.86209;0;T;True;2
1621244512000;11528440;0.86203;0.86215;0.86209;0;T;True;2
1621244513000;11528441;0.86203;0.86215;0.86209;0;T;True;2
1621244514000;11528442;0.86203;0.86215;0.86209;0;T;True;2
1621244515000;11528443;0.86203;0.86215;0.86209;0;T;True;2
1621244516000;11528444;0.86203;0.86215;0.86209;0;T;True;2
1621244517000;11528445;0.86203;0.86215;0.86209;0;T;True;2
1621244518000;11528446;0.86203;0.86215;0.86209;0;T;True;2
1621244519000;11528451;0.86198;0.8621;0.86204;4;T;True;2
1621244520000;11528452;0.86198;0.8621;0.86204;0;T;True;2
1621244521000;11528454;0.86197;0.86209;0.86203;1;T;True;2
1621244522000;11528455;0.86197;0.86209;0.86203;0;T;True;2
1621244523000;11528457;0.86196;0.86208;0.86202;1;T;True;2
1621244524000;11528458;0.86196;0.86208;0.86202;0;T;True;2
1621244525000;11528460;0.86195;0.86207;0.86201;1;T;True;2
1621244526000;11528461;0.86195;0.86207;0.86201;0;T;True;2
1621244527000;11528462;0.86195;0.86207;0.86201;0;T;True;2
1621244528000;11528463;0.86195;0.86207;0.86201;0;T;True;2
1621244529000;11528464;0.86195;0.86207;0.86201;0;T;True;2
1621244530000;11528467;0.86193;0.86205;0.86199;2;T;True;2
1621244531000;11528468;0.86193;0.86205;0.86199;0;T;True;2
1621244532000;11528469;0.86193;0.86205;0.86199;0;T;True;2
1621244533000;11528470;0.86193;0.86205;0.86199;0;T;True;2
1621244534000;11528471;0.86193;0.86205;0.86199;0;T;True;2
1621244535000;11528472;0.86193;0.86205;0.86199;0;T;True;2
1621244536000;11528473;0.86193;0.86205;0.86199;0;T;True;2
1621244537000;11528474;0.86193;0.86205;0.86199;0;T;True;2
1621244538000;11528475;0.86193;0.86205;0.86199;0;T;True;2
1621244539000;11528476;0.86193;0.86205;0.86199;0;T;True;2
1621244540000;11528477;0.86193;0.86205;0.86199;0;T;True;2
1621244541000;11528478;0.86193;0.86205;0.86199;0;T;True;2
1621244542000;11528479;0.86193;0.86205;0.86199;0;T;True;2
1621244543000;11528481;0.86195;0.86207;0.86201;1;T;True;2
1621244544000;11528483;0.86194;0.86206;0.862;1;T;True;2
1621244545000;11528486;0.86196;0.86208;0.86202;2;T;True;2
1621244546000;11528487;0.86196;0.86208;0.86202;0;T;True;2
1621244547000;11528489;0.86197;0.86209;0.86203;1;T;True;2
1621244548000;11528493;0.86193;0.86205;0.86199;3;T;True;2
1621244549000;11528495;0.86192;0.86204;0.86198;1;T;True;2
1621244550000;11528497;0.86191;0.86203;0.86197;1;T;True;2
1621244551000;11528498;0.86191;0.86203;0.86197;0;T;True;2
1621244552000;11528499;0.86191;0.86203;0.86197;0;T;True;2
1621244553000;11528500;0.86191;0.86203;0.86197;0;T;True;2
1621244554000;11528501;0.86191;0.86203;0.86197;0;T;True;2
1621244555000;11528502;0.86191;0.86203;0.86197;0;T;True;2
1621244556000;11528503;0.86191;0.86203;0.86197;0;T;True;2
1621244557000;11528504;0.86191;0.86203;0.86197;0;T;True;2
1621244558000;11528505;0.86191;0.86203;0.86197;0;T;True;2
1621244559000;11528507;0.86192;0.86204;0.86198;1;T;True;2
1621244560000;11528509;0.86193;0.86205;0.86199;1;T;True;2
1621244561000;11528510;0.86193;0.86205;0.86199;0;T;True;2
1621244562000;11528511;0.86193;0.86205;0.86199;0;T;True;2
1621244563000;11528512;0.86193;0.86205;0.86199;0;T;True;2
1621244564000;11528513;0.86193;0.86205;0.86199;0;T;True;2
1621244565000;11528514;0.86193;0.86205;0.86199;0;T;True;2
1621244566000;11528515;0.86193;0.86205;0.86199;0;T;True;2
1621244567000;11528516;0.86193;0.86205;0.86199;0;T;True;2
1621244568000;11528517;0.86193;0.86205;0.86199;0;T;True;2
1621244569000;11528518;0.86193;0.86205;0.86199;0;T;True;2
1621244570000;11528519;0.86193;0.86205;0.86199;0;T;True;2
1621244571000;11528520;0.86193;0.86205;0.86199;0;T;True;2
1621244572000;11528521;0.86193;0.86205;0.86199;0;T;True;2
1621244573000;11528522;0.86193;0.86205;0.86199;0;T;True;2
1621244574000;11528523;0.86193;0.86205;0.86199;0;T;True;2
1621244575000;11528524;0.86193;0.86205;0.86199;0;T;True;2
1621244576000;11528525;0.86193;0.86205;0.86199;0;T;True;2
1621244577000;11528526;0.86193;0.86205;0.86199;0;T;True;2
1621244578000;11528527;0.86193;0.86205;0.86199;0;T;True;2
1621244579000;11528528;0.86193;0.86205;0.86199;0;T;True;2
1621244580000;11528529;0.86193;0.86205;0.86199;0;T;True;2
1621244581000;11528530;0.86193;0.86205;0.86199;0;T;True;2
1621244582000;11528531;0.86193;0.86205;0.86199;0;T;True;2
1621244583000;11528532;0.86193;0.86205;0.86199;0;T;True;2
1621244584000;11528533;0.86193;0.86205;0.86199;0;T;True;2
1621244585000;11528534;0.86193;0.86205;0.86199;0;T;True;2
1621244586000;11528541;0.86193;0.86205;0.86199;6;T;True;2
1621244587000;11528544;0.86193;0.86205;0.86199;2;T;True;2
1621244588000;11528545;0.86193;0.86205;0.86199;0;T;True;2
1621244589000;11528551;0.86192;0.86204;0.86198;5;T;True;2
1621244590000;11528552;0.86192;0.86204;0.86198;0;T;True;2
1621244591000;11528556;0.86191;0.86203;0.86197;3;T;True;2
1621244592000;11528557;0.86191;0.86203;0.86197;0;T;True;2
1621244593000;11528558;0.86191;0.86203;0.86197;0;T;True;2
1621244594000;11528559;0.86191;0.86203;0.86197;0;T;True;2
1621244595000;11528561;0.86191;0.86203;0.86197;1;T;True;2
1621244596000;11528562;0.86191;0.86203;0.86197;0;T;True;2
1621244597000;11528563;0.86191;0.86203;0.86197;0;T;True;2
1621244598000;11528564;0.86191;0.86203;0.86197;0;T;True;2
1621244599000;11528567;0.8619;0.86202;0.86196;2;T;True;2
1621244600000;11528570;0.86189;0.86201;0.86195;2;T;True;2
1621244601000;11528574;0.86187;0.86199;0.86193;3;T;True;2
1621244602000;11528575;0.86187;0.86199;0.86193;0;T;True;2
1621244603000;11528577;0.86187;0.86199;0.86193;1;T;True;2
1621244604000;11528578;0.86187;0.86199;0.86193;0;T;True;2
1621244605000;11528581;0.86187;0.86199;0.86193;2;T;True;2
1621244606000;11528582;0.86187;0.86199;0.86193;0;T;True;2
1621244607000;11528585;0.86186;0.86198;0.86192;2;T;True;2
1621244608000;11528586;0.86186;0.86198;0.86192;0;T;True;2
1621244609000;11528587;0.86186;0.86198;0.86192;0;T;True;2
1621244610000;11528588;0.86186;0.86198;0.86192;0;T;True;2
1621244611000;11528590;0.86185;0.86197;0.86191;1;T;True;2
1621244612000;11528594;0.86185;0.86197;0.86191;3;T;True;2
1621244613000;11528597;0.86185;0.86197;0.86191;2;T;True;2
1621244614000;11528599;0.86185;0.86197;0.86191;1;T;True;2
1621244615000;11528608;0.86181;0.86193;0.86187;8;T;True;2
1621244616000;11528610;0.86181;0.86193;0.86187;1;T;True;2
1621244617000;11528613;0.86179;0.86191;0.86185;2;T;True;2
1621244618000;11528615;0.86179;0.86191;0.86185;1;T;True;2
1621244619000;11528620;0.86178;0.8619;0.86184;4;T;True;2
1621244620000;11528622;0.86177;0.86189;0.86183;1;T;True;2
1621244621000;11528623;0.86177;0.86189;0.86183;0;T;True;2
1621244622000;11528624;0.86177;0.86189;0.86183;0;T;True;2
1621244623000;11528625;0.86177;0.86189;0.86183;0;T;True;2
1621244624000;11528626;0.86177;0.86189;0.86183;0;T;True;2
1621244625000;11528627;0.86177;0.86189;0.86183;0;T;True;2
1621244626000;11528629;0.86179;0.86191;0.86185;1;T;True;2
1621244627000;11528630;0.86179;0.86191;0.86185;0;T;True;2
1621244628000;11528631;0.86179;0.86191;0.86185;0;T;True;2
1621244629000;11528632;0.86179;0.86191;0.86185;0;T;True;2
1621244630000;11528633;0.86179;0.86191;0.86185;0;T;True;2
1621244631000;11528634;0.86179;0.86191;0.86185;0;T;True;2
1621244632000;11528635;0.86179;0.86191;0.86185;0;T;True;2
1621244633000;11528637;0.86175;0.86187;0.86181;1;T;True;2
1621244634000;11528643;0.86174;0.86186;0.8618;5;T;True;2
1621244635000;11528644;0.86174;0.86186;0.8618;0;T;True;2
1621244636000;11528648;0.86175;0.86187;0.86181;3;T;True;2
1621244637000;11528649;0.86175;0.86187;0.86181;0;T;True;2
1621244638000;11528651;0.86176;0.86188;0.86182;1;T;True;2
1621244639000;11528652;0.86176;0.86188;0.86182;0;T;True;2
1621244640000;11528653;0.86176;0.86188;0.86182;0;T;True;2
1621244641000;11528654;0.86176;0.86188;0.86182;0;T;True;2
1621244642000;11528656;0.86177;0.86189;0.86183;1;T;True;2
1621244643000;11528657;0.86177;0.86189;0.86183;0;T;True;2
1621244644000;11528658;0.86177;0.86189;0.86183;0;T;True;2
1621244645000;11528660;0.86178;0.8619;0.86184;1;T;True;2
1621244646000;11528662;0.86177;0.86189;0.86183;1;T;True;2
1621244647000;11528663;0.86177;0.86189;0.86183;0;T;True;2
1621244648000;11528664;0.86177;0.86189;0.86183;0;T;True;2
1621244649000;11528668;0.86178;0.8619;0.86184;3;T;True;2
1621244650000;11528669;0.86178;0.8619;0.86184;0;T;True;2
1621244651000;11528670;0.86178;0.8619;0.86184;0;T;True;2
1621244652000;11528672;0.86179;0.86191;0.86185;1;T;True;2
1621244653000;11528673;0.86179;0.86191;0.86185;0;T;True;2
1621244654000;11528674;0.86179;0.86191;0.86185;0;T;True;2
1621244655000;11528675;0.86179;0.86191;0.86185;0;T;True;2
1621244656000;11528676;0.86179;0.86191;0.86185;0;T;True;2
1621244657000;11528677;0.86179;0.86191;0.86185;0;T;True;2
1621244658000;11528678;0.86179;0.86191;0.86185;0;T;True;2
1621244659000;11528679;0.86179;0.86191;0.86185;0;T;True;2
1621244660000;11528680;0.86179;0.86191;0.86185;0;T;True;2
1621244661000;11528681;0.86179;0.86191;0.86185;0;T;True;2
1621244662000;11528682;0.86179;0.86191;0.86185;0;T;True;2
1621244663000;11528683;0.86179;0.86191;0.86185;0;T;True;2
1621244664000;11528684;0.86179;0.86191;0.86185;0;T;True;2
1621244665000;11528685;0.86179;0.86191;0.86185;0;T;True;2
1621244666000;11528686;0.86179;0.86191;0.86185;0;T;True;2
1621244667000;11528687;0.86179;0.86191;0.86185;0;T;True;2
1621244668000;11528688;0.86179;0.86191;0.86185;0;T;True;2
1621244669000;11528689;0.86179;0.86191;0.86185;0;T;True;2
1621244670000;11528690;0.86179;0.86191;0.86185;0;T;True;2
1621244671000;11528691;0.86179;0.86191;0.86185;0;T;True;2
1621244672000;11528696;0.86175;0.86187;0.86181;4;T;True;2
1621244673000;11528697;0.86175;0.86187;0.86181;0;T;True;2
1621244674000;11528698;0.86175;0.86187;0.86181;0;T;True;2
1621244675000;11528700;0.86176;0.86188;0.86182;1;T;True;2
1621244676000;11528701;0.86176;0.86188;0.86182;0;T;True;2
1621244677000;11528702;0.86176;0.86188;0.86182;0;T;True;2
1621244678000;11528703;0.86176;0.86188;0.86182;0;T;True;2
1621244679000;11528704;0.86176;0.86188;0.86182;0;T;True;2
1621244680000;11528706;0.86177;0.86189;0.86183;1;T;True;2
1621244681000;11528710;0.86177;0.86189;0.86183;3;T;True;2
1621244682000;11528712;0.86177;0.86189;0.86183;1;T;True;2
1621244683000;11528714;0.86178;0.8619;0.86184;1;T;True;2
1621244684000;11528715;0.86178;0.8619;0.86184;0;T;True;2
1621244685000;11528717;0.86177;0.86189;0.86183;1;T;True;2
1621244686000;11528718;0.86177;0.86189;0.86183;0;T;True;2
1621244687000;11528719;0.86177;0.86189;0.86183;0;T;True;2
1621244688000;11528720;0.86177;0.86189;0.86183;0;T;True;2
1621244689000;11528721;0.86177;0.86189;0.86183;0;T;True;2
1621244690000;11528722;0.86177;0.86189;0.86183;0;T;True;2
1621244691000;11528723;0.86177;0.86189;0.86183;0;T;True;2
1621244692000;11528724;0.86177;0.86189;0.86183;0;T;True;2
1621244693000;11528725;0.86177;0.86189;0.86183;0;T;True;2
1621244694000;11528726;0.86177;0.86189;0.86183;0;T;True;2
1621244695000;11528727;0.86177;0.86189;0.86183;0;T;True;2
1621244696000;11528730;0.86178;0.8619;0.86184;2;T;True;2
1621244697000;11528731;0.86178;0.8619;0.86184;0;T;True;2
1621244698000;11528732;0.86178;0.8619;0.86184;0;T;True;2
1621244699000;11528733;0.86178;0.8619;0.86184;0;T;True;2
1621244700000;11528734;0.86178;0.8619;0.86184;0;T;True;2
1621244701000;11528736;0.86179;0.86191;0.86185;1;T;True;2
1621244702000;11528742;0.86182;0.86194;0.86188;5;T;True;2
1621244703000;11528746;0.86181;0.86193;0.86187;3;T;True;2
1621244704000;11528747;0.86181;0.86193;0.86187;0;T;True;2
1621244705000;11528749;0.86179;0.86191;0.86185;1;T;True;2
1621244706000;11528756;0.86183;0.86195;0.86189;6;T;True;2
1621244707000;11528757;0.86183;0.86195;0.86189;0;T;True;2
1621244708000;11528758;0.86183;0.86195;0.86189;0;T;True;2
1621244709000;11528760;0.86184;0.86196;0.8619;1;T;True;2
1621244710000;11528762;0.86185;0.86197;0.86191;1;T;True;2
1621244711000;11528763;0.86185;0.86197;0.86191;0;T;True;2
1621244712000;11528764;0.86185;0.86197;0.86191;0;T;True;2
1621244713000;11528765;0.86185;0.86197;0.86191;0;T;True;2
1621244714000;11528766;0.86185;0.86197;0.86191;0;T;True;2
1621244715000;11528768;0.86186;0.86198;0.86192;1;T;True;2
1621244716000;11528769;0.86186;0.86198;0.86192;0;T;True;2
1621244717000;11528770;0.86186;0.86198;0.86192;0;T;True;2
1621244718000;11528771;0.86186;0.86198;0.86192;0;T;True;2
1621244719000;11528773;0.86187;0.86199;0.86193;1;T;True;2
1621244720000;11528774;0.86187;0.86199;0.86193;0;T;True;2
1621244721000;11528775;0.86187;0.86199;0.86193;0;T;True;2
1621244722000;11528776;0.86187;0.86199;0.86193;0;T;True;2
1621244723000;11528778;0.86185;0.86197;0.86191;1;T;True;2
1621244724000;11528780;0.86186;0.86198;0.86192;1;T;True;2
1621244725000;11528781;0.86186;0.86198;0.86192;0;T;True;2
1621244726000;11528787;0.86189;0.86201;0.86195;5;T;True;2
1621244727000;11528788;0.86189;0.86201;0.86195;0;T;True;2
1621244728000;11528789;0.86189;0.86201;0.86195;0;T;True;2
1621244729000;11528791;0.86189;0.86201;0.86195;1;T;True;2
1621244730000;11528792;0.86189;0.86201;0.86195;0;T;True;2
1621244731000;11528795;0.86189;0.86201;0.86195;2;T;True;2
1621244732000;11528797;0.8619;0.86202;0.86196;1;T;True;2
1621244733000;11528801;0.86191;0.86203;0.86197;3;T;True;2
1621244734000;11528802;0.86191;0.86203;0.86197;0;T;True;2
1621244735000;11528803;0.86191;0.86203;0.86197;0;T;True;2
1621244736000;11528804;0.86191;0.86203;0.86197;0;T;True;2
1621244737000;11528805;0.86191;0.86203;0.86197;0;T;True;2
1621244738000;11528806;0.86191;0.86203;0.86197;0;T;True;2
1621244739000;11528807;0.86191;0.86203;0.86197;0;T;True;2
1621244740000;11528809;0.86189;0.86201;0.86195;1;T;True;2
1621244741000;11528810;0.86189;0.86201;0.86195;0;T;True;2
1621244742000;11528811;0.86189;0.86201;0.86195;0;T;True;2
1621244743000;11528817;0.86189;0.86201;0.86195;5;T;True;2
1621244744000;11528818;0.86189;0.86201;0.86195;0;T;True;2
1621244745000;11528819;0.86189;0.86201;0.86195;0;T;True;2
1621244746000;11528820;0.86189;0.86201;0.86195;0;T;True;2
1621244747000;11528822;0.86189;0.86201;0.86195;1;T;True;2
1621244748000;11528832;0.86189;0.86201;0.86195;9;T;True;2
1621244749000;11528834;0.8619;0.86202;0.86196;1;T;True;2
1621244750000;11528835;0.8619;0.86202;0.86196;0;T;True;2
1621244751000;11528837;0.8619;0.86202;0.86196;1;T;True;2
1621244752000;11528839;0.8619;0.86202;0.86196;1;T;True;2
1621244753000;11528841;0.86191;0.86203;0.86197;1;T;True;2
1621244754000;11528842;0.86191;0.86203;0.86197;0;T;True;2
1621244755000;11528843;0.86191;0.86203;0.86197;0;T;True;2
1621244756000;11528844;0.86191;0.86203;0.86197;0;T;True;2
1621244757000;11528845;0.86191;0.86203;0.86197;0;T;True;2
1621244758000;11528847;0.86191;0.86203;0.86197;1;T;True;2
1621244759000;11528848;0.86191;0.86203;0.86197;0;T;True;2
1621244760000;11528849;0.86191;0.86203;0.86197;0;T;True;2
1621244761000;11528852;0.86192;0.86204;0.86198;2;T;True;2
1621244762000;11528853;0.86192;0.86204;0.86198;0;T;True;2
1621244763000;11528860;0.86192;0.86204;0.86198;6;T;True;2
1621244764000;11528862;0.86192;0.86204;0.86198;1;T;True;2
1621244765000;11528863;0.86192;0.86204;0.86198;0;T;True;2
1621244766000;11528865;0.86192;0.86204;0.86198;1;T;True;2
1621244767000;11528866;0.86192;0.86204;0.86198;0;T;True;2
1621244768000;11528868;0.86192;0.86204;0.86198;1;T;True;2
1621244769000;11528870;0.86192;0.86204;0.86198;1;T;True;2
1621244770000;11528872;0.86192;0.86204;0.86198;1;T;True;2
1621244771000;11528873;0.86192;0.86204;0.86198;0;T;True;2
1621244772000;11528875;0.86192;0.86204;0.86198;1;T;True;2
1621244773000;11528883;0.86197;0.86209;0.86203;7;T;True;2
1621244774000;11528894;0.86201;0.86213;0.86207;10;T;True;2
1621244775000;11528903;0.86198;0.8621;0.86204;8;T;True;2
1621244776000;11528906;0.86197;0.86209;0.86203;2;T;True;2
1621244777000;11528909;0.86193;0.86205;0.86199;2;T;True;2
1621244778000;11528910;0.86193;0.86205;0.86199;0;T;True;2
1621244779000;11528913;0.86189;0.86201;0.86195;2;T;True;2
1621244780000;11528914;0.86189;0.86201;0.86195;0;T;True;2
1621244781000;11528920;0.8619;0.86202;0.86196;5;T;True;2
1621244782000;11528922;0.86191;0.86203;0.86197;1;T;True;2
1621244783000;11528924;0.86191;0.86203;0.86197;1;T;True;2
1621244784000;11528928;0.8619;0.86202;0.86196;3;T;True;2
1621244785000;11528930;0.8619;0.86202;0.86196;1;T;True;2
1621244786000;11528932;0.86191;0.86203;0.86197;1;T;True;2
1621244787000;11528933;0.86191;0.86203;0.86197;0;T;True;2
1621244788000;11528945;0.86187;0.86199;0.86193;11;T;True;2
1621244789000;11528950;0.86181;0.86193;0.86187;4;T;True;2
1621244790000;11528954;0.8618;0.86192;0.86186;3;T;True;2
1621244791000;11528958;0.86181;0.86193;0.86187;3;T;True;2
1621244792000;11528960;0.86181;0.86193;0.86187;1;T;True;2
1621244793000;11528963;0.86181;0.86193;0.86187;2;T;True;2
1621244794000;11528968;0.86179;0.86191;0.86185;4;T;True;2
1621244795000;11528969;0.86179;0.86191;0.86185;0;T;True;2
1621244796000;11528973;0.86179;0.86191;0.86185;3;T;True;2
1621244797000;11528975;0.86177;0.86189;0.86183;1;T;True;2
1621244798000;11528976;0.86177;0.86189;0.86183;0;T;True;2
1621244799000;11528977;0.86177;0.86189;0.86183;0;T;True;2
1621244800000;11528978;0.86177;0.86189;0.86183;0;T;True;2
1621244801000;11528979;0.86177;0.86189;0.86183;0;T;True;2
1621244802000;11528980;0.86177;0.86189;0.86183;0;T;True;2
1621244803000;11528981;0.86177;0.86189;0.86183;0;T;True;2
1621244804000;11528984;0.86177;0.86189;0.86183;2;T;True;2
1621244805000;11528991;0.8618;0.86192;0.86186;6;T;True;2
1621244806000;11528995;0.86183;0.86195;0.86189;3;T;True;2
1621244807000;11528999;0.86182;0.86194;0.86188;3;T;True;2
1621244808000;11529002;0.86181;0.86193;0.86187;2;T;True;2
1621244809000;11529006;0.86182;0.86194;0.86188;3;T;True;2
1621244810000;11529007;0.86182;0.86194;0.86188;0;T;True;2
1621244811000;11529009;0.86181;0.86193;0.86187;1;T;True;2
1621244812000;11529011;0.86181;0.86193;0.86187;1;T;True;2
1621244813000;11529012;0.86181;0.86193;0.86187;0;T;True;2
1621244814000;11529013;0.86181;0.86193;0.86187;0;T;True;2
1621244815000;11529014;0.86181;0.86193;0.86187;0;T;True;2
1621244816000;11529022;0.86176;0.86188;0.86182;7;T;True;2
1621244817000;11529023;0.86176;0.86188;0.86182;0;T;True;2
1621244818000;11529024;0.86176;0.86188;0.86182;0;T;True;2
1621244819000;11529027;0.86177;0.86189;0.86183;2;T;True;2
1621244820000;11529028;0.86177;0.86189;0.86183;0;T;True;2
1621244821000;11529033;0.86176;0.86188;0.86182;4;T;True;2
1621244822000;11529040;0.8618;0.86192;0.86186;6;T;True;2
1621244823000;11529054;0.86187;0.86199;0.86193;13;T;True;2
1621244824000;11529056;0.86187;0.86199;0.86193;1;T;True;2
1621244825000;11529058;0.86186;0.86198;0.86192;1;T;True;2
1621244826000;11529063;0.86185;0.86197;0.86191;4;T;True;2
1621244827000;11529073;0.86194;0.86206;0.862;9;T;True;2
1621244828000;11529077;0.86195;0.86207;0.86201;3;T;True;2
1621244829000;11529080;0.86195;0.86207;0.86201;2;T;True;2
1621244830000;11529081;0.86195;0.86207;0.86201;0;T;True;2
1621244831000;11529086;0.86197;0.86209;0.86203;4;T;True;2
1621244832000;11529091;0.86199;0.86211;0.86205;4;T;True;2
1621244833000;11529096;0.86203;0.86215;0.86209;4;T;True;2
1621244834000;11529101;0.86201;0.86213;0.86207;4;T;True;2
1621244835000;11529106;0.86199;0.86211;0.86205;4;T;True;2
1621244836000;11529112;0.86201;0.86213;0.86207;5;T;True;2
1621244837000;11529117;0.86203;0.86215;0.86209;4;T;True;2
1621244838000;11529118;0.86203;0.86215;0.86209;0;T;True;2
1621244839000;11529121;0.86205;0.86217;0.86211;2;T;True;2
1621244840000;11529128;0.86209;0.86221;0.86215;6;T;True;2
1621244841000;11529129;0.86209;0.86221;0.86215;0;T;True;2
1621244842000;11529134;0.86213;0.86225;0.86219;4;T;True;2
1621244843000;11529144;0.86215;0.86227;0.86221;9;T;True;2
1621244844000;11529147;0.86217;0.86229;0.86223;2;T;True;2
1621244845000;11529149;0.86219;0.86231;0.86225;1;T;True;2
1621244846000;11529150;0.86219;0.86231;0.86225;0;T;True;2
1621244847000;11529151;0.86219;0.86231;0.86225;0;T;True;2
1621244848000;11529156;0.86215;0.86227;0.86221;4;T;True;2
1621244849000;11529158;0.86214;0.86226;0.8622;1;T;True;2
1621244850000;11529159;0.86214;0.86226;0.8622;0;T;True;2
1621244851000;11529165;0.86215;0.86227;0.86221;5;T;True;2
1621244852000;11529169;0.86217;0.86229;0.86223;3;T;True;2
1621244853000;11529173;0.86216;0.86228;0.86222;3;T;True;2
1621244854000;11529174;0.86216;0.86228;0.86222;0;T;True;2
1621244855000;11529177;0.86217;0.86229;0.86223;2;T;True;2
1621244856000;11529178;0.86217;0.86229;0.86223;0;T;True;2
1621244857000;11529184;0.8621;0.86222;0.86216;5;T;True;2
1621244858000;11529185;0.8621;0.86222;0.86216;0;T;True;2
1621244859000;11529186;0.8621;0.86222;0.86216;0;T;True;2
1621244860000;11529188;0.86209;0.86221;0.86215;1;T;True;2
1621244861000;11529190;0.86211;0.86223;0.86217;1;T;True;2
1621244862000;11529193;0.86211;0.86223;0.86217;2;T;True;2
1621244863000;11529195;0.86211;0.86223;0.86217;1;T;True;2
1621244864000;11529202;0.86219;0.86231;0.86225;6;T;True;2
1621244865000;11529203;0.86219;0.86231;0.86225;0;T;True;2
1621244866000;11529204;0.86219;0.86231;0.86225;0;T;True;2
1621244867000;11529205;0.86219;0.86231;0.86225;0;T;True;2
1621244868000;11529206;0.86219;0.86231;0.86225;0;T;True;2
1621244869000;11529208;0.86217;0.86229;0.86223;1;T;True;2
1621244870000;11529209;0.86217;0.86229;0.86223;0;T;True;2
1621244871000;11529212;0.86218;0.8623;0.86224;2;T;True;2
1621244872000;11529216;0.86218;0.8623;0.86224;3;T;True;2
1621244873000;11529219;0.86218;0.8623;0.86224;2;T;True;2
1621244874000;11529223;0.86215;0.86227;0.86221;3;T;True;2
1621244875000;11529224;0.86215;0.86227;0.86221;0;T;True;2
1621244876000;11529225;0.86215;0.86227;0.86221;0;T;True;2
1621244877000;11529226;0.86215;0.86227;0.86221;0;T;True;2
1621244878000;11529229;0.86217;0.86229;0.86223;2;T;True;2
1621244879000;11529230;0.86217;0.86229;0.86223;0;T;True;2
1621244880000;11529231;0.86217;0.86229;0.86223;0;T;True;2
1621244881000;11529233;0.86217;0.86229;0.86223;1;T;True;2
1621244882000;11529236;0.86221;0.86233;0.86227;2;T;True;2
1621244883000;11529242;0.86224;0.86236;0.8623;5;T;True;2
1621244884000;11529243;0.86224;0.86236;0.8623;0;T;True;2
1621244885000;11529244;0.86224;0.86236;0.8623;0;T;True;2
1621244886000;11529247;0.86226;0.86238;0.86232;2;T;True;2
1621244887000;11529248;0.86226;0.86238;0.86232;0;T;True;2
1621244888000;11529254;0.86219;0.86231;0.86225;5;T;True;2
1621244889000;11529257;0.86217;0.86229;0.86223;2;T;True;2
1621244890000;11529258;0.86217;0.86229;0.86223;0;T;True;2
1621244891000;11529259;0.86217;0.86229;0.86223;0;T;True;2
1621244892000;11529260;0.86217;0.86229;0.86223;0;T;True;2
1621244893000;11529261;0.86217;0.86229;0.86223;0;T;True;2
1621244894000;11529264;0.86214;0.86226;0.8622;2;T;True;2
1621244895000;11529268;0.86211;0.86223;0.86217;3;T;True;2
1621244896000;11529271;0.86211;0.86223;0.86217;2;T;True;2
1621244897000;11529274;0.86211;0.86223;0.86217;2;T;True;2
1621244898000;11529276;0.86211;0.86223;0.86217;1;T;True;2
1621244899000;11529279;0.86211;0.86223;0.86217;2;T;True;2
1621244900000;11529281;0.86209;0.86221;0.86215;1;T;True;2
1621244901000;11529282;0.86209;0.86221;0.86215;0;T;True;2
1621244902000;11529283;0.86209;0.86221;0.86215;0;T;True;2
1621244903000;11529284;0.86209;0.86221;0.86215;0;T;True;2
1621244904000;11529285;0.86209;0.86221;0.86215;0;T;True;2
1621244905000;11529286;0.86209;0.86221;0.86215;0;T;True;2
1621244906000;11529289;0.86211;0.86223;0.86217;2;T;True;2
1621244907000;11529292;0.86211;0.86223;0.86217;2;T;True;2
1621244908000;11529294;0.86213;0.86225;0.86219;1;T;True;2
1621244909000;11529300;0.86211;0.86223;0.86217;5;T;True;2
1621244910000;11529302;0.86211;0.86223;0.86217;1;T;True;2
1621244911000;11529308;0.86205;0.86217;0.86211;5;T;True;2
1621244912000;11529309;0.86205;0.86217;0.86211;0;T;True;2
1621244913000;11529310;0.86205;0.86217;0.86211;0;T;True;2
1621244914000;11529312;0.86203;0.86215;0.86209;1;T;True;2
1621244915000;11529315;0.86205;0.86217;0.86211;2;T;True;2
1621244916000;11529316;0.86205;0.86217;0.86211;0;T;True;2
1621244917000;11529317;0.86205;0.86217;0.86211;0;T;True;2
1621244918000;11529320;0.86207;0.86219;0.86213;2;T;True;2
1621244919000;11529321;0.86207;0.86219;0.86213;0;T;True;2
1621244920000;11529322;0.86207;0.86219;0.86213;0;T;True;2
1621244921000;11529323;0.86207;0.86219;0.86213;0;T;True;2
1621244922000;11529324;0.86207;0.86219;0.86213;0;T;True;2
1621244923000;11529325;0.86207;0.86219;0.86213;0;T;True;2
1621244924000;11529326;0.86207;0.86219;0.86213;0;T;True;2
1621244925000;11529331;0.86207;0.86219;0.86213;4;T;True;2
1621244926000;11529332;0.86207;0.86219;0.86213;0;T;True;2
1621244927000;11529333;0.86207;0.86219;0.86213;0;T;True;2
1621244928000;11529334;0.86207;0.86219;0.86213;0;T;True;2
1621244929000;11529335;0.86207;0.86219;0.86213;0;T;True;2
1621244930000;11529337;0.86208;0.8622;0.86214;1;T;True;2
1621244931000;11529338;0.86208;0.8622;0.86214;0;T;True;2
1621244932000;11529339;0.86208;0.8622;0.86214;0;T;True;2
1621244933000;11529342;0.8621;0.86222;0.86216;2;T;True;2
1621244934000;11529343;0.8621;0.86222;0.86216;0;T;True;2
1621244935000;11529344;0.8621;0.86222;0.86216;0;T;True;2
1621244936000;11529345;0.8621;0.86222;0.86216;0;T;True;2
1621244937000;11529346;0.8621;0.86222;0.86216;0;T;True;2
1621244938000;11529348;0.86211;0.86223;0.86217;1;T;True;2
1621244939000;11529349;0.86211;0.86223;0.86217;0;T;True;2
1621244940000;11529350;0.86211;0.86223;0.86217;0;T;True;2
1621244941000;11529351;0.86211;0.86223;0.86217;0;T;True;2
1621244942000;11529352;0.86211;0.86223;0.86217;0;T;True;2
1621244943000;11529353;0.86211;0.86223;0.86217;0;T;True;2
1621244944000;11529357;0.86208;0.8622;0.86214;3;T;True;2
1621244945000;11529360;0.86207;0.86219;0.86213;2;T;True;2
1621244946000;11529361;0.86207;0.86219;0.86213;0;T;True;2
1621244947000;11529363;0.86208;0.8622;0.86214;1;T;True;2
1621244948000;11529364;0.86208;0.8622;0.86214;0;T;True;2
1621244949000;11529365;0.86208;0.8622;0.86214;0;T;True;2
1621244950000;11529367;0.86207;0.86219;0.86213;1;T;True;2
1621244951000;11529374;0.86206;0.86218;0.86212;6;T;True;2
1621244952000;11529378;0.86205;0.86217;0.86211;3;T;True;2
1621244953000;11529382;0.86207;0.86219;0.86213;3;T;True;2
1621244954000;11529383;0.86207;0.86219;0.86213;0;T;True;2
1621244955000;11529384;0.86207;0.86219;0.86213;0;T;True;2
1621244956000;11529385;0.86207;0.86219;0.86213;0;T;True;2
1621244957000;11529386;0.86207;0.86219;0.86213;0;T;True;2
1621244958000;11529387;0.86207;0.86219;0.86213;0;T;True;2
1621244959000;11529390;0.86209;0.86221;0.86215;2;T;True;2
1621244960000;11529394;0.86207;0.86219;0.86213;3;T;True;2
1621244961000;11529395;0.86207;0.86219;0.86213;0;T;True;2
1621244962000;11529399;0.86208;0.8622;0.86214;3;T;True;2
1621244963000;11529401;0.86209;0.86221;0.86215;1;T;True;2
1621244964000;11529403;0.86209;0.86221;0.86215;1;T;True;2
1621244965000;11529404;0.86209;0.86221;0.86215;0;T;True;2
1621244966000;11529405;0.86209;0.86221;0.86215;0;T;True;2
1621244967000;11529406;0.86209;0.86221;0.86215;0;T;True;2
1621244968000;11529407;0.86209;0.86221;0.86215;0;T;True;2
1621244969000;11529408;0.86209;0.86221;0.86215;0;T;True;2
1621244970000;11529409;0.86209;0.86221;0.86215;0;T;True;2
1621244971000;11529410;0.86209;0.86221;0.86215;0;T;True;2
1621244972000;11529412;0.86209;0.86221;0.86215;1;T;True;2
1621244973000;11529415;0.86209;0.86221;0.86215;2;T;True;2
1621244974000;11529416;0.86209;0.86221;0.86215;0;T;True;2
1621244975000;11529418;0.86209;0.86221;0.86215;1;T;True;2
1621244976000;11529419;0.86209;0.86221;0.86215;0;T;True;2
1621244977000;11529420;0.86209;0.86221;0.86215;0;T;True;2
1621244978000;11529421;0.86209;0.86221;0.86215;0;T;True;2
1621244979000;11529425;0.86206;0.86218;0.86212;3;T;True;2
1621244980000;11529426;0.86206;0.86218;0.86212;0;T;True;2
1621244981000;11529427;0.86206;0.86218;0.86212;0;T;True;2
1621244982000;11529429;0.86205;0.86217;0.86211;1;T;True;2
1621244983000;11529430;0.86205;0.86217;0.86211;0;T;True;2
1621244984000;11529432;0.86205;0.86217;0.86211;1;T;True;2
1621244985000;11529434;0.86205;0.86217;0.86211;1;T;True;2
1621244986000;11529435;0.86205;0.86217;0.86211;0;T;True;2
1621244987000;11529437;0.86205;0.86217;0.86211;1;T;True;2
1621244988000;11529438;0.86205;0.86217;0.86211;0;T;True;2
1621244989000;11529439;0.86205;0.86217;0.86211;0;T;True;2
1621244990000;11529440;0.86205;0.86217;0.86211;0;T;True;2
1621244991000;11529441;0.86205;0.86217;0.86211;0;T;True;2
1621244992000;11529443;0.86203;0.86215;0.86209;1;T;True;2
1621244993000;11529444;0.86203;0.86215;0.86209;0;T;True;2
1621244994000;11529448;0.86201;0.86213;0.86207;3;T;True;2
1621244995000;11529452;0.86199;0.86211;0.86205;3;T;True;2
1621244996000;11529454;0.86197;0.86209;0.86203;1;T;True;2
1621244997000;11529455;0.86197;0.86209;0.86203;0;T;True;2
1621244998000;11529457;0.86197;0.86209;0.86203;1;T;True;2
1621244999000;11529461;0.86195;0.86207;0.86201;3;T;True;2
1621245000000;11529462;0.86195;0.86207;0.86201;0;T;True;2
1621245001000;11529466;0.86195;0.86207;0.86201;3;T;True;2
1621245002000;11529473;0.86197;0.86209;0.86203;6;T;True;2
1621245003000;11529475;0.86196;0.86208;0.86202;1;T;True;2
1621245004000;11529476;0.86196;0.86208;0.86202;0;T;True;2
1621245005000;11529477;0.86196;0.86208;0.86202;0;T;True;2
1621245006000;11529478;0.86196;0.86208;0.86202;0;T;True;2
1621245007000;11529480;0.86195;0.86207;0.86201;1;T;True;2
1621245008000;11529481;0.86195;0.86207;0.86201;0;T;True;2
1621245009000;11529482;0.86195;0.86207;0.86201;0;T;True;2
1621245010000;11529483;0.86195;0.86207;0.86201;0;T;True;2
1621245011000;11529484;0.86195;0.86207;0.86201;0;T;True;2
1621245012000;11529485;0.86195;0.86207;0.86201;0;T;True;2
1621245013000;11529486;0.86195;0.86207;0.86201;0;T;True;2
1621245014000;11529488;0.86195;0.86207;0.86201;1;T;True;2
1621245015000;11529490;0.86195;0.86207;0.86201;1;T;True;2
1621245016000;11529493;0.86195;0.86207;0.86201;2;T;True;2
1621245017000;11529494;0.86195;0.86207;0.86201;0;T;True;2
1621245018000;11529497;0.86195;0.86207;0.86201;2;T;True;2
1621245019000;11529498;0.86195;0.86207;0.86201;0;T;True;2
1621245020000;11529499;0.86195;0.86207;0.86201;0;T;True;2
1621245021000;11529500;0.86195;0.86207;0.86201;0;T;True;2
1621245022000;11529501;0.86195;0.86207;0.86201;0;T;True;2
1621245023000;11529503;0.86195;0.86207;0.86201;1;T;True;2
1621245024000;11529506;0.86195;0.86207;0.86201;2;T;True;2
1621245025000;11529507;0.86195;0.86207;0.86201;0;T;True;2
1621245026000;11529508;0.86195;0.86207;0.86201;0;T;True;2
1621245027000;11529510;0.86195;0.86207;0.86201;1;T;True;2
1621245028000;11529511;0.86195;0.86207;0.86201;0;T;True;2
1621245029000;11529518;0.86201;0.86213;0.86207;6;T;True;2
1621245030000;11529519;0.86201;0.86213;0.86207;0;T;True;2
1621245031000;11529527;0.86197;0.86209;0.86203;7;T;True;2
1621245032000;11529529;0.86197;0.86209;0.86203;1;T;True;2
1621245033000;11529532;0.86197;0.86209;0.86203;2;T;True;2
1621245034000;11529538;0.86199;0.86211;0.86205;5;T;True;2
1621245035000;11529539;0.86199;0.86211;0.86205;0;T;True;2
1621245036000;11529544;0.86199;0.86211;0.86205;4;T;True;2
1621245037000;11529545;0.86199;0.86211;0.86205;0;T;True;2
1621245038000;11529546;0.86199;0.86211;0.86205;0;T;True;2
1621245039000;11529547;0.86199;0.86211;0.86205;0;T;True;2
1621245040000;11529548;0.86199;0.86211;0.86205;0;T;True;2
1621245041000;11529549;0.86199;0.86211;0.86205;0;T;True;2
1621245042000;11529553;0.86201;0.86213;0.86207;3;T;True;2
1621245043000;11529555;0.862;0.86212;0.86206;1;T;True;2
1621245044000;11529556;0.862;0.86212;0.86206;0;T;True;2
1621245045000;11529557;0.862;0.86212;0.86206;0;T;True;2
1621245046000;11529558;0.862;0.86212;0.86206;0;T;True;2
1621245047000;11529560;0.86201;0.86213;0.86207;1;T;True;2
1621245048000;11529562;0.862;0.86212;0.86206;1;T;True;2
1621245049000;11529565;0.86199;0.86211;0.86205;2;T;True;2
1621245050000;11529568;0.862;0.86212;0.86206;2;T;True;2
1621245051000;11529569;0.862;0.86212;0.86206;0;T;True;2
1621245052000;11529570;0.862;0.86212;0.86206;0;T;True;2
1621245053000;11529571;0.862;0.86212;0.86206;0;T;True;2
1621245054000;11529572;0.862;0.86212;0.86206;0;T;True;2
1621245055000;11529573;0.862;0.86212;0.86206;0;T;True;2
1621245056000;11529574;0.862;0.86212;0.86206;0;T;True;2
1621245057000;11529577;0.862;0.86212;0.86206;2;T;True;2
1621245058000;11529580;0.86201;0.86213;0.86207;2;T;True;2
1621245059000;11529582;0.86201;0.86213;0.86207;1;T;True;2
1621245060000;11529583;0.86201;0.86213;0.86207;0;T;True;2
1621245061000;11529584;0.86201;0.86213;0.86207;0;T;True;2
1621245062000;11529585;0.86201;0.86213;0.86207;0;T;True;2
1621245063000;11529586;0.86201;0.86213;0.86207;0;T;True;2
1621245064000;11529587;0.86201;0.86213;0.86207;0;T;True;2
1621245065000;11529588;0.86201;0.86213;0.86207;0;T;True;2
1621245066000;11529589;0.86201;0.86213;0.86207;0;T;True;2
1621245067000;11529595;0.86199;0.86211;0.86205;5;T;True;2
1621245068000;11529599;0.86197;0.86209;0.86203;3;T;True;2
1621245069000;11529600;0.86197;0.86209;0.86203;0;T;True;2
1621245070000;11529601;0.86197;0.86209;0.86203;0;T;True;2
1621245071000;11529602;0.86197;0.86209;0.86203;0;T;True;2
1621245072000;11529608;0.862;0.86212;0.86206;5;T;True;2
1621245073000;11529611;0.86201;0.86213;0.86207;2;T;True;2
1621245074000;11529614;0.86201;0.86213;0.86207;2;T;True;2
1621245075000;11529616;0.86201;0.86213;0.86207;1;T;True;2
1621245076000;11529617;0.86201;0.86213;0.86207;0;T;True;2
1621245077000;11529620;0.86201;0.86213;0.86207;2;T;True;2
1621245078000;11529621;0.86201;0.86213;0.86207;0;T;True;2
1621245079000;11529622;0.86201;0.86213;0.86207;0;T;True;2
1621245080000;11529628;0.86201;0.86213;0.86207;5;T;True;2
1621245081000;11529634;0.86205;0.86217;0.86211;5;T;True;2
1621245082000;11529639;0.86206;0.86218;0.86212;4;T;True;2
1621245083000;11529640;0.86206;0.86218;0.86212;0;T;True;2
1621245084000;11529642;0.86206;0.86218;0.86212;1;T;True;2
1621245085000;11529645;0.86207;0.86219;0.86213;2;T;True;2
1621245086000;11529647;0.86207;0.86219;0.86213;1;T;True;2
1621245087000;11529648;0.86207;0.86219;0.86213;0;T;True;2
1621245088000;11529651;0.86205;0.86217;0.86211;2;T;True;2
1621245089000;11529652;0.86205;0.86217;0.86211;0;T;True;2
1621245090000;11529653;0.86205;0.86217;0.86211;0;T;True;2
1621245091000;11529657;0.86205;0.86217;0.86211;3;T;True;2
1621245092000;11529658;0.86205;0.86217;0.86211;0;T;True;2
1621245093000;11529659;0.86205;0.86217;0.86211;0;T;True;2
1621245094000;11529661;0.86205;0.86217;0.86211;1;T;True;2
1621245095000;11529662;0.86205;0.86217;0.86211;0;T;True;2
1621245096000;11529663;0.86205;0.86217;0.86211;0;T;True;2
1621245097000;11529665;0.86205;0.86217;0.86211;1;T;True;2
1621245098000;11529666;0.86205;0.86217;0.86211;0;T;True;2
1621245099000;11529667;0.86205;0.86217;0.86211;0;T;True;2
1621245100000;11529668;0.86205;0.86217;0.86211;0;T;True;2
1621245101000;11529669;0.86205;0.86217;0.86211;0;T;True;2
1621245102000;11529670;0.86205;0.86217;0.86211;0;T;True;2
1621245103000;11529671;0.86205;0.86217;0.86211;0;T;True;2
1621245104000;11529672;0.86205;0.86217;0.86211;0;T;True;2
1621245105000;11529673;0.86205;0.86217;0.86211;0;T;True;2
1621245106000;11529674;0.86205;0.86217;0.86211;0;T;True;2
1621245107000;11529675;0.86205;0.86217;0.86211;0;T;True;2
1621245108000;11529676;0.86205;0.86217;0.86211;0;T;True;2
1621245109000;11529677;0.86205;0.86217;0.86211;0;T;True;2
1621245110000;11529678;0.86205;0.86217;0.86211;0;T;True;2
1621245111000;11529679;0.86205;0.86217;0.86211;0;T;True;2
1621245112000;11529684;0.86207;0.86219;0.86213;4;T;True;2
1621245113000;11529686;0.86208;0.8622;0.86214;1;T;True;2
1621245114000;11529687;0.86208;0.8622;0.86214;0;T;True;2
1621245115000;11529688;0.86208;0.8622;0.86214;0;T;True;2
1621245116000;11529689;0.86208;0.8622;0.86214;0;T;True;2
1621245117000;11529691;0.86207;0.86219;0.86213;1;T;True;2
1621245118000;11529692;0.86207;0.86219;0.86213;0;T;True;2
1621245119000;11529693;0.86207;0.86219;0.86213;0;T;True;2
1621245120000;11529694;0.86207;0.86219;0.86213;0;T;True;2
1621245121000;11529699;0.86213;0.86225;0.86219;4;T;True;2
1621245122000;11529700;0.86213;0.86225;0.86219;0;T;True;2
1621245123000;11529703;0.86213;0.86225;0.86219;2;T;True;2
1621245124000;11529704;0.86213;0.86225;0.86219;0;T;True;2
1621245125000;11529705;0.86213;0.86225;0.86219;0;T;True;2
1621245126000;11529706;0.86213;0.86225;0.86219;0;T;True;2
1621245127000;11529707;0.86213;0.86225;0.86219;0;T;True;2
1621245128000;11529710;0.86211;0.86223;0.86217;2;T;True;2
1621245129000;11529711;0.86211;0.86223;0.86217;0;T;True;2
1621245130000;11529712;0.86211;0.86223;0.86217;0;T;True;2
1621245131000;11529713;0.86211;0.86223;0.86217;0;T;True;2
1621245132000;11529714;0.86211;0.86223;0.86217;0;T;True;2
1621245133000;11529717;0.86209;0.86221;0.86215;2;T;True;2
1621245134000;11529721;0.86206;0.86218;0.86212;3;T;True;2
1621245135000;11529722;0.86206;0.86218;0.86212;0;T;True;2
1621245136000;11529727;0.86202;0.86214;0.86208;4;T;True;2
1621245137000;11529728;0.86202;0.86214;0.86208;0;T;True;2
1621245138000;11529729;0.86202;0.86214;0.86208;0;T;True;2
1621245139000;11529730;0.86202;0.86214;0.86208;0;T;True;2
1621245140000;11529732;0.86201;0.86213;0.86207;1;T;True;2
1621245141000;11529734;0.862;0.86212;0.86206;1;T;True;2
1621245142000;11529736;0.86199;0.86211;0.86205;1;T;True;2
1621245143000;11529737;0.86199;0.86211;0.86205;0;T;True;2
1621245144000;11529738;0.86199;0.86211;0.86205;0;T;True;2
1621245145000;11529739;0.86199;0.86211;0.86205;0;T;True;2
1621245146000;11529740;0.86199;0.86211;0.86205;0;T;True;2
1621245147000;11529741;0.86199;0.86211;0.86205;0;T;True;2
1621245148000;11529742;0.86199;0.86211;0.86205;0;T;True;2
1621245149000;11529743;0.86199;0.86211;0.86205;0;T;True;2
1621245150000;11529744;0.86199;0.86211;0.86205;0;T;True;2
1621245151000;11529746;0.86201;0.86213;0.86207;1;T;True;2
1621245152000;11529747;0.86201;0.86213;0.86207;0;T;True;2
1621245153000;11529748;0.86201;0.86213;0.86207;0;T;True;2
1621245154000;11529749;0.86201;0.86213;0.86207;0;T;True;2
1621245155000;11529750;0.86201;0.86213;0.86207;0;T;True;2
1621245156000;11529751;0.86201;0.86213;0.86207;0;T;True;2
1621245157000;11529752;0.86201;0.86213;0.86207;0;T;True;2
1621245158000;11529753;0.86201;0.86213;0.86207;0;T;True;2
1621245159000;11529757;0.86197;0.86209;0.86203;3;T;True;2
1621245160000;11529759;0.86195;0.86207;0.86201;1;T;True;2
1621245161000;11529760;0.86195;0.86207;0.86201;0;T;True;2
1621245162000;11529761;0.86195;0.86207;0.86201;0;T;True;2
1621245163000;11529762;0.86195;0.86207;0.86201;0;T;True;2
1621245164000;11529764;0.86195;0.86207;0.86201;1;T;True;2
1621245165000;11529766;0.86194;0.86206;0.862;1;T;True;2
1621245166000;11529768;0.86194;0.86206;0.862;1;T;True;2
1621245167000;11529771;0.86191;0.86203;0.86197;2;T;True;2
1621245168000;11529772;0.86191;0.86203;0.86197;0;T;True;2
1621245169000;11529774;0.86191;0.86203;0.86197;1;T;True;2
1621245170000;11529777;0.86191;0.86203;0.86197;2;T;True;2
1621245171000;11529779;0.86191;0.86203;0.86197;1;T;True;2
1621245172000;11529780;0.86191;0.86203;0.86197;0;T;True;2
1621245173000;11529782;0.86189;0.86201;0.86195;1;T;True;2
1621245174000;11529784;0.86189;0.86201;0.86195;1;T;True;2
1621245175000;11529787;0.86189;0.86201;0.86195;2;T;True;2
1621245176000;11529788;0.86189;0.86201;0.86195;0;T;True;2
1621245177000;11529790;0.86189;0.86201;0.86195;1;T;True;2
1621245178000;11529795;0.86191;0.86203;0.86197;4;T;True;2
1621245179000;11529797;0.86191;0.86203;0.86197;1;T;True;2
1621245180000;11529798;0.86191;0.86203;0.86197;0;T;True;2
1621245181000;11529805;0.86193;0.86205;0.86199;6;T;True;2
1621245182000;11529809;0.86195;0.86207;0.86201;3;T;True;2
1621245183000;11529813;0.86197;0.86209;0.86203;3;T;True;2
1621245184000;11529814;0.86197;0.86209;0.86203;0;T;True;2
1621245185000;11529817;0.86197;0.86209;0.86203;2;T;True;2
1621245186000;11529818;0.86197;0.86209;0.86203;0;T;True;2
1621245187000;11529823;0.86198;0.8621;0.86204;4;T;True;2
1621245188000;11529826;0.86199;0.86211;0.86205;2;T;True;2
1621245189000;11529828;0.86199;0.86211;0.86205;1;T;True;2
1621245190000;11529829;0.86199;0.86211;0.86205;0;T;True;2
1621245191000;11529830;0.86199;0.86211;0.86205;0;T;True;2
1621245192000;11529832;0.86198;0.8621;0.86204;1;T;True;2
1621245193000;11529835;0.86197;0.86209;0.86203;2;T;True;2
1621245194000;11529837;0.86198;0.8621;0.86204;1;T;True;2
1621245195000;11529839;0.86197;0.86209;0.86203;1;T;True;2
1621245196000;11529841;0.86198;0.8621;0.86204;1;T;True;2
1621245197000;11529842;0.86198;0.8621;0.86204;0;T;True;2
1621245198000;11529843;0.86198;0.8621;0.86204;0;T;True;2
1621245199000;11529845;0.86199;0.86211;0.86205;1;T;True;2
1621245200000;11529846;0.86199;0.86211;0.86205;0;T;True;2
1621245201000;11529848;0.86198;0.8621;0.86204;1;T;True;2
1621245202000;11529849;0.86198;0.8621;0.86204;0;T;True;2
1621245203000;11529850;0.86198;0.8621;0.86204;0;T;True;2
1621245204000;11529851;0.86198;0.8621;0.86204;0;T;True;2
1621245205000;11529854;0.86198;0.8621;0.86204;2;T;True;2
1621245206000;11529855;0.86198;0.8621;0.86204;0;T;True;2
1621245207000;11529856;0.86198;0.8621;0.86204;0;T;True;2
1621245208000;11529857;0.86198;0.8621;0.86204;0;T;True;2
1621245209000;11529858;0.86198;0.8621;0.86204;0;T;True;2
1621245210000;11529860;0.86197;0.86209;0.86203;1;T;True;2
1621245211000;11529861;0.86197;0.86209;0.86203;0;T;True;2
1621245212000;11529862;0.86197;0.86209;0.86203;0;T;True;2
1621245213000;11529863;0.86197;0.86209;0.86203;0;T;True;2
1621245214000;11529867;0.86201;0.86213;0.86207;3;T;True;2
1621245215000;11529868;0.86201;0.86213;0.86207;0;T;True;2
1621245216000;11529869;0.86201;0.86213;0.86207;0;T;True;2
1621245217000;11529870;0.86201;0.86213;0.86207;0;T;True;2
1621245218000;11529871;0.86201;0.86213;0.86207;0;T;True;2
1621245219000;11529872;0.86201;0.86213;0.86207;0;T;True;2
1621245220000;11529873;0.86201;0.86213;0.86207;0;T;True;2
1621245221000;11529874;0.86201;0.86213;0.86207;0;T;True;2
1621245222000;11529875;0.86201;0.86213;0.86207;0;T;True;2
1621245223000;11529877;0.86202;0.86214;0.86208;1;T;True;2
1621245224000;11529879;0.86202;0.86214;0.86208;1;T;True;2
1621245225000;11529881;0.86203;0.86215;0.86209;1;T;True;2
1621245226000;11529882;0.86203;0.86215;0.86209;0;T;True;2
1621245227000;11529889;0.86206;0.86218;0.86212;6;T;True;2
1621245228000;11529896;0.86211;0.86223;0.86217;6;T;True;2
1621245229000;11529898;0.86212;0.86224;0.86218;1;T;True;2
1621245230000;11529899;0.86212;0.86224;0.86218;0;T;True;2
1621245231000;11529900;0.86212;0.86224;0.86218;0;T;True;2
1621245232000;11529902;0.86212;0.86224;0.86218;1;T;True;2
1621245233000;11529905;0.86211;0.86223;0.86217;2;T;True;2
1621245234000;11529906;0.86211;0.86223;0.86217;0;T;True;2
1621245235000;11529907;0.86211;0.86223;0.86217;0;T;True;2
1621245236000;11529908;0.86211;0.86223;0.86217;0;T;True;2
1621245237000;11529909;0.86211;0.86223;0.86217;0;T;True;2
1621245238000;11529910;0.86211;0.86223;0.86217;0;T;True;2
1621245239000;11529911;0.86211;0.86223;0.86217;0;T;True;2
1621245240000;11529914;0.86211;0.86223;0.86217;2;T;True;2
1621245241000;11529915;0.86211;0.86223;0.86217;0;T;True;2
1621245242000;11529916;0.86211;0.86223;0.86217;0;T;True;2
1621245243000;11529919;0.86213;0.86225;0.86219;2;T;True;2
1621245244000;11529921;0.86212;0.86224;0.86218;1;T;True;2
1621245245000;11529922;0.86212;0.86224;0.86218;0;T;True;2
1621245246000;11529924;0.86211;0.86223;0.86217;1;T;True;2
1621245247000;11529925;0.86211;0.86223;0.86217;0;T;True;2
1621245248000;11529926;0.86211;0.86223;0.86217;0;T;True;2
1621245249000;11529927;0.86211;0.86223;0.86217;0;T;True;2
1621245250000;11529928;0.86211;0.86223;0.86217;0;T;True;2
1621245251000;11529930;0.86213;0.86225;0.86219;1;T;True;2
1621245252000;11529931;0.86213;0.86225;0.86219;0;T;True;2
1621245253000;11529938;0.86211;0.86223;0.86217;6;T;True;2
1621245254000;11529939;0.86211;0.86223;0.86217;0;T;True;2
1621245255000;11529940;0.86211;0.86223;0.86217;0;T;True;2
1621245256000;11529942;0.8621;0.86222;0.86216;1;T;True;2
1621245257000;11529943;0.8621;0.86222;0.86216;0;T;True;2
1621245258000;11529947;0.86207;0.86219;0.86213;3;T;True;2
1621245259000;11529948;0.86207;0.86219;0.86213;0;T;True;2
1621245260000;11529950;0.86205;0.86217;0.86211;1;T;True;2
1621245261000;11529953;0.86206;0.86218;0.86212;2;T;True;2
1621245262000;11529954;0.86206;0.86218;0.86212;0;T;True;2
1621245263000;11529956;0.86205;0.86217;0.86211;1;T;True;2
1621245264000;11529957;0.86205;0.86217;0.86211;0;T;True;2
1621245265000;11529958;0.86205;0.86217;0.86211;0;T;True;2
1621245266000;11529962;0.86203;0.86215;0.86209;3;T;True;2
1621245267000;11529964;0.86202;0.86214;0.86208;1;T;True;2
1621245268000;11529965;0.86202;0.86214;0.86208;0;T;True;2
1621245269000;11529969;0.86201;0.86213;0.86207;3;T;True;2
1621245270000;11529972;0.86201;0.86213;0.86207;2;T;True;2
1621245271000;11529974;0.86202;0.86214;0.86208;1;T;True;2
1621245272000;11529976;0.86203;0.86215;0.86209;1;T;True;2
1621245273000;11529979;0.86201;0.86213;0.86207;2;T;True;2
1621245274000;11529980;0.86201;0.86213;0.86207;0;T;True;2
1621245275000;11529981;0.86201;0.86213;0.86207;0;T;True;2
1621245276000;11529982;0.86201;0.86213;0.86207;0;T;True;2
1621245277000;11529986;0.86199;0.86211;0.86205;3;T;True;2
1621245278000;11529987;0.86199;0.86211;0.86205;0;T;True;2
1621245279000;11529989;0.86197;0.86209;0.86203;1;T;True;2
1621245280000;11529990;0.86197;0.86209;0.86203;0;T;True;2
1621245281000;11529991;0.86197;0.86209;0.86203;0;T;True;2
1621245282000;11529992;0.86197;0.86209;0.86203;0;T;True;2
1621245283000;11529993;0.86197;0.86209;0.86203;0;T;True;2
1621245284000;11529994;0.86197;0.86209;0.86203;0;T;True;2
1621245285000;11529995;0.86197;0.86209;0.86203;0;T;True;2
1621245286000;11529996;0.86197;0.86209;0.86203;0;T;True;2
1621245287000;11529997;0.86197;0.86209;0.86203;0;T;True;2
1621245288000;11529998;0.86197;0.86209;0.86203;0;T;True;2
1621245289000;11530003;0.86201;0.86213;0.86207;4;T;True;2
1621245290000;11530004;0.86201;0.86213;0.86207;0;T;True;2
1621245291000;11530005;0.86201;0.86213;0.86207;0;T;True;2
1621245292000;11530008;0.86203;0.86215;0.86209;2;T;True;2
1621245293000;11530010;0.86204;0.86216;0.8621;1;T;True;2
1621245294000;11530014;0.86204;0.86216;0.8621;3;T;True;2
1621245295000;11530016;0.86203;0.86215;0.86209;1;T;True;2
1621245296000;11530017;0.86203;0.86215;0.86209;0;T;True;2
1621245297000;11530018;0.86203;0.86215;0.86209;0;T;True;2
1621245298000;11530019;0.86203;0.86215;0.86209;0;T;True;2
1621245299000;11530020;0.86203;0.86215;0.86209;0;T;True;2
1621245300000;11530021;0.86203;0.86215;0.86209;0;T;True;2
1621245301000;11530022;0.86203;0.86215;0.86209;0;T;True;2
1621245302000;11530023;0.86203;0.86215;0.86209;0;T;True;2
1621245303000;11530024;0.86203;0.86215;0.86209;0;T;True;2
1621245304000;11530026;0.86205;0.86217;0.86211;1;T;True;2
1621245305000;11530027;0.86205;0.86217;0.86211;0;T;True;2
1621245306000;11530028;0.86205;0.86217;0.86211;0;T;True;2
1621245307000;11530029;0.86205;0.86217;0.86211;0;T;True;2
1621245308000;11530031;0.86206;0.86218;0.86212;1;T;True;2
1621245309000;11530032;0.86206;0.86218;0.86212;0;T;True;2
1621245310000;11530033;0.86206;0.86218;0.86212;0;T;True;2
1621245311000;11530035;0.86207;0.86219;0.86213;1;T;True;2
1621245312000;11530036;0.86207;0.86219;0.86213;0;T;True;2
1621245313000;11530037;0.86207;0.86219;0.86213;0;T;True;2
1621245314000;11530038;0.86207;0.86219;0.86213;0;T;True;2
1621245315000;11530039;0.86207;0.86219;0.86213;0;T;True;2
1621245316000;11530040;0.86207;0.86219;0.86213;0;T;True;2
1621245317000;11530041;0.86207;0.86219;0.86213;0;T;True;2
1621245318000;11530042;0.86207;0.86219;0.86213;0;T;True;2
1621245319000;11530043;0.86207;0.86219;0.86213;0;T;True;2
1621245320000;11530044;0.86207;0.86219;0.86213;0;T;True;2
1621245321000;11530049;0.86212;0.86224;0.86218;4;T;True;2
1621245322000;11530050;0.86212;0.86224;0.86218;0;T;True;2
1621245323000;11530052;0.86211;0.86223;0.86217;1;T;True;2
1621245324000;11530055;0.86212;0.86224;0.86218;2;T;True;2
1621245325000;11530057;0.86213;0.86225;0.86219;1;T;True;2
1621245326000;11530058;0.86213;0.86225;0.86219;0;T;True;2
1621245327000;11530061;0.86213;0.86225;0.86219;2;T;True;2
1621245328000;11530062;0.86213;0.86225;0.86219;0;T;True;2
1621245329000;11530063;0.86213;0.86225;0.86219;0;T;True;2
1621245330000;11530064;0.86213;0.86225;0.86219;0;T;True;2
1621245331000;11530065;0.86213;0.86225;0.86219;0;T;True;2
1621245332000;11530066;0.86213;0.86225;0.86219;0;T;True;2
1621245333000;11530069;0.86211;0.86223;0.86217;2;T;True;2
1621245334000;11530071;0.86212;0.86224;0.86218;1;T;True;2
1621245335000;11530072;0.86212;0.86224;0.86218;0;T;True;2
1621245336000;11530073;0.86212;0.86224;0.86218;0;T;True;2
1621245337000;11530075;0.86211;0.86223;0.86217;1;T;True;2
1621245338000;11530076;0.86211;0.86223;0.86217;0;T;True;2
1621245339000;11530077;0.86211;0.86223;0.86217;0;T;True;2
1621245340000;11530080;0.86213;0.86225;0.86219;2;T;True;2
1621245341000;11530081;0.86213;0.86225;0.86219;0;T;True;2
1621245342000;11530082;0.86213;0.86225;0.86219;0;T;True;2
1621245343000;11530083;0.86213;0.86225;0.86219;0;T;True;2
1621245344000;11530085;0.86212;0.86224;0.86218;1;T;True;2
1621245345000;11530086;0.86212;0.86224;0.86218;0;T;True;2
1621245346000;11530090;0.86209;0.86221;0.86215;3;T;True;2
1621245347000;11530092;0.86207;0.86219;0.86213;1;T;True;2
1621245348000;11530094;0.86208;0.8622;0.86214;1;T;True;2
1621245349000;11530095;0.86208;0.8622;0.86214;0;T;True;2
1621245350000;11530097;0.86209;0.86221;0.86215;1;T;True;2
1621245351000;11530099;0.86208;0.8622;0.86214;1;T;True;2
1621245352000;11530100;0.86208;0.8622;0.86214;0;T;True;2
1621245353000;11530101;0.86208;0.8622;0.86214;0;T;True;2
1621245354000;11530104;0.86208;0.8622;0.86214;2;T;True;2
1621245355000;11530106;0.86209;0.86221;0.86215;1;T;True;2
1621245356000;11530108;0.86208;0.8622;0.86214;1;T;True;2
1621245357000;11530110;0.86209;0.86221;0.86215;1;T;True;2
1621245358000;11530112;0.86207;0.86219;0.86213;1;T;True;2
1621245359000;11530113;0.86207;0.86219;0.86213;0;T;True;2
1621245360000;11530114;0.86207;0.86219;0.86213;0;T;True;2
1621245361000;11530116;0.86209;0.86221;0.86215;1;T;True;2
1621245362000;11530117;0.86209;0.86221;0.86215;0;T;True;2
1621245363000;11530118;0.86209;0.86221;0.86215;0;T;True;2
1621245364000;11530119;0.86209;0.86221;0.86215;0;T;True;2
1621245365000;11530121;0.86211;0.86223;0.86217;1;T;True;2
1621245366000;11530124;0.86211;0.86223;0.86217;2;T;True;2
1621245367000;11530126;0.86211;0.86223;0.86217;1;T;True;2
1621245368000;11530127;0.86211;0.86223;0.86217;0;T;True;2
1621245369000;11530128;0.86211;0.86223;0.86217;0;T;True;2
1621245370000;11530129;0.86211;0.86223;0.86217;0;T;True;2
1621245371000;11530130;0.86211;0.86223;0.86217;0;T;True;2
1621245372000;11530134;0.86207;0.86219;0.86213;3;T;True;2
1621245373000;11530135;0.86207;0.86219;0.86213;0;T;True;2
1621245374000;11530136;0.86207;0.86219;0.86213;0;T;True;2
1621245375000;11530137;0.86207;0.86219;0.86213;0;T;True;2
1621245376000;11530138;0.86207;0.86219;0.86213;0;T;True;2
1621245377000;11530141;0.86205;0.86217;0.86211;2;T;True;2
1621245378000;11530143;0.86204;0.86216;0.8621;1;T;True;2
1621245379000;11530145;0.86203;0.86215;0.86209;1;T;True;2
1621245380000;11530146;0.86203;0.86215;0.86209;0;T;True;2
1621245381000;11530147;0.86203;0.86215;0.86209;0;T;True;2
1621245382000;11530148;0.86203;0.86215;0.86209;0;T;True;2
1621245383000;11530149;0.86203;0.86215;0.86209;0;T;True;2
1621245384000;11530153;0.86199;0.86211;0.86205;3;T;True;2
1621245385000;11530156;0.86197;0.86209;0.86203;2;T;True;2
1621245386000;11530159;0.86201;0.86213;0.86207;2;T;True;2
1621245387000;11530160;0.86201;0.86213;0.86207;0;T;True;2
1621245388000;11530161;0.86201;0.86213;0.86207;0;T;True;2
