ts;n;bid;ask;value;volume;phase;round;active_id
1621218462000;11484625;0.86149;0.86161;0.86155;0;T;True;2
1621218463000;11484626;0.86149;0.86161;0.86155;0;T;True;2
1621218464000;11484627;0.86149;0.86161;0.86155;0;T;True;2
1621218465000;11484628;0.86149;0.86161;0.86155;0;T;True;2
1621218466000;11484629;0.86149;0.86161;0.86155;0;T;True;2
1621218467000;11484630;0.86149;0.86161;0.86155;0;T;True;2
1621218468000;11484631;0.86149;0.86161;0.86155;0;T;True;2
1621218469000;11484632;0.86149;0.86161;0.86155;0;T;True;2
1621218470000;11484633;0.86149;0.86161;0.86155;0;T;True;2
1621218471000;11484634;0.86149;0.86161;0.86155;0;T;True;2
1621218472000;11484635;0.86149;0.86161;0.86155;0;T;True;2
1621218473000;11484636;0.86149;0.86161;0.86155;0;T;True;2
1621218474000;11484637;0.86149;0.86161;0.86155;0;T;True;2
1621218475000;11484638;0.86149;0.86161;0.86155;0;T;True;2
1621218476000;11484639;0.86149;0.86161;0.86155;0;T;True;2
1621218477000;11484640;0.86149;0.86161;0.86155;0;T;True;2
1621218478000;11484641;0.86149;0.86161;0.86155;0;T;True;2
1621218479000;11484642;0.86149;0.86161;0.86155;0;T;True;2
1621218480000;11484643;0.86149;0.86161;0.86155;0;T;True;2
1621218481000;11484644;0.86149;0.86161;0.86155;0;T;True;2
1621218482000;11484645;0.86149;0.86161;0.86155;0;T;True;2
1621218483000;11484647;0.86149;0.86161;0.86155;1;T;True;2
1621218484000;11484651;0.86148;0.8616;0.86154;3;T;True;2
1621218485000;11484652;0.86148;0.8616;0.86154;0;T;True;2
1621218486000;11484654;0.86149;0.86161;0.86155;1;T;True;2
1621218487000;11484655;0.86149;0.86161;0.86155;0;T;True;2
1621218488000;11484657;0.86148;0.8616;0.86154;1;T;True;2
1621218489000;11484658;0.86148;0.8616;0.86154;0;T;True;2
1621218490000;11484660;0.86148;0.8616;0.86154;1;T;True;2
1621218491000;11484661;0.86148;0.8616;0.86154;0;T;True;2
1621218492000;11484664;0.86148;0.8616;0.86154;2;T;True;2
1621218493000;11484665;0.86148;0.8616;0.86154;0;T;True;2
1621218494000;11484667;0.86149;0.86161;0.86155;1;T;True;2
1621218495000;11484670;0.86149;0.86161;0.86155;2;T;True;2
1621218496000;11484671;0.86149;0.86161;0.86155;0;T;True;2
1621218497000;11484674;0.86147;0.86159;0.86153;2;T;True;2
1621218498000;11484675;0.86147;0.86159;0.86153;0;T;True;2
1621218499000;11484677;0.86146;0.86158;0.86152;1;T;True;2
1621218500000;11484678;0.86146;0.86158;0.86152;0;T;True;2
1621218501000;11484679;0.86146;0.86158;0.86152;0;T;True;2
1621218502000;11484680;0.86146;0.86158;0.86152;0;T;True;2
1621218503000;11484681;0.86146;0.86158;0.86152;0;T;True;2
1621218504000;11484682;0.86146;0.86158;0.86152;0;T;True;2
1621218505000;11484683;0.86146;0.86158;0.86152;0;T;True;2
1621218506000;11484686;0.86147;0.86159;0.86153;2;T;True;2
1621218507000;11484688;0.86148;0.8616;0.86154;1;T;True;2
1621218508000;11484689;0.86148;0.8616;0.86154;0;T;True;2
1621218509000;11484690;0.86148;0.8616;0.86154;0;T;True;2
1621218510000;11484691;0.86148;0.8616;0.86154;0;T;True;2
1621218511000;11484693;0.86147;0.86159;0.86153;1;T;True;2
1621218512000;11484694;0.86147;0.86159;0.86153;0;T;True;2
1621218513000;11484695;0.86147;0.86159;0.86153;0;T;True;2
1621218514000;11484696;0.86147;0.86159;0.86153;0;T;True;2
1621218515000;11484697;0.86147;0.86159;0.86153;0;T;True;2
1621218516000;11484698;0.86147;0.86159;0.86153;0;T;True;2
1621218517000;11484699;0.86147;0.86159;0.86153;0;T;True;2
1621218518000;11484700;0.86147;0.86159;0.86153;0;T;True;2
1621218519000;11484701;0.86147;0.86159;0.86153;0;T;True;2
1621218520000;11484702;0.86147;0.86159;0.86153;0;T;True;2
1621218521000;11484703;0.86147;0.86159;0.86153;0;T;True;2
1621218522000;11484704;0.86147;0.86159;0.86153;0;T;True;2
1621218523000;11484705;0.86147;0.86159;0.86153;0;T;True;2
1621218524000;11484706;0.86147;0.86159;0.86153;0;T;True;2
1621218525000;11484708;0.86148;0.8616;0.86154;1;T;True;2
1621218526000;11484709;0.86148;0.8616;0.86154;0;T;True;2
1621218527000;11484710;0.86148;0.8616;0.86154;0;T;True;2
1621218528000;11484711;0.86148;0.8616;0.86154;0;T;True;2
1621218529000;11484712;0.86148;0.8616;0.86154;0;T;True;2
1621218530000;11484713;0.86148;0.8616;0.86154;0;T;True;2
1621218531000;11484714;0.86148;0.8616;0.86154;0;T;True;2
1621218532000;11484715;0.86148;0.8616;0.86154;0;T;True;2
1621218533000;11484716;0.86148;0.8616;0.86154;0;T;True;2
1621218534000;11484717;0.86148;0.8616;0.86154;0;T;True;2
1621218535000;11484718;0.86148;0.8616;0.86154;0;T;True;2
1621218536000;11484719;0.86148;0.8616;0.86154;0;T;True;2
1621218537000;11484720;0.86148;0.8616;0.86154;0;T;True;2
1621218538000;11484721;0.86148;0.8616;0.86154;0;T;True;2
1621218539000;11484722;0.86148;0.8616;0.86154;0;T;True;2
1621218540000;11484723;0.86148;0.8616;0.86154;0;T;True;2
1621218541000;11484724;0.86148;0.8616;0.86154;0;T;True;2
1621218542000;11484726;0.86147;0.86159;0.86153;1;T;True;2
1621218543000;11484727;0.86147;0.86159;0.86153;0;T;True;2
1621218544000;11484728;0.86147;0.86159;0.86153;0;T;True;2
1621218545000;11484729;0.86147;0.86159;0.86153;0;T;True;2
1621218546000;11484730;0.86147;0.86159;0.86153;0;T;True;2
1621218547000;11484731;0.86147;0.86159;0.86153;0;T;True;2
1621218548000;11484732;0.86147;0.86159;0.86153;0;T;True;2
1621218549000;11484733;0.86147;0.86159;0.86153;0;T;True;2
1621218550000;11484734;0.86147;0.86159;0.86153;0;T;True;2
1621218551000;11484735;0.86147;0.86159;0.86153;0;T;True;2
1621218552000;11484738;0.86147;0.86159;0.86153;2;T;True;2
1621218553000;11484740;0.86148;0.8616;0.86154;1;T;True;2
1621218554000;11484741;0.86148;0.8616;0.86154;0;T;True;2
1621218555000;11484742;0.86148;0.8616;0.86154;0;T;True;2
1621218556000;11484743;0.86148;0.8616;0.86154;0;T;True;2
1621218557000;11484744;0.86148;0.8616;0.86154;0;T;True;2
1621218558000;11484745;0.86148;0.8616;0.86154;0;T;True;2
1621218559000;11484746;0.86148;0.8616;0.86154;0;T;True;2
1621218560000;11484747;0.86148;0.8616;0.86154;0;T;True;2
1621218561000;11484748;0.86148;0.8616;0.86154;0;T;True;2
1621218562000;11484749;0.86148;0.8616;0.86154;0;T;True;2
1621218563000;11484750;0.86148;0.8616;0.86154;0;T;True;2
1621218564000;11484751;0.86148;0.8616;0.86154;0;T;True;2
1621218565000;11484752;0.86148;0.8616;0.86154;0;T;True;2
1621218566000;11484753;0.86148;0.8616;0.86154;0;T;True;2
1621218567000;11484754;0.86148;0.8616;0.86154;0;T;True;2
1621218568000;11484755;0.86148;0.8616;0.86154;0;T;True;2
1621218569000;11484756;0.86148;0.8616;0.86154;0;T;True;2
1621218570000;11484757;0.86148;0.8616;0.86154;0;T;True;2
1621218571000;11484759;0.86149;0.86161;0.86155;1;T;True;2
1621218572000;11484760;0.86149;0.86161;0.86155;0;T;True;2
1621218573000;11484762;0.86148;0.8616;0.86154;1;T;True;2
1621218574000;11484764;0.86147;0.86159;0.86153;1;T;True;2
1621218575000;11484768;0.8615;0.86162;0.86156;3;T;True;2
1621218576000;11484769;0.8615;0.86162;0.86156;0;T;True;2
1621218577000;11484770;0.8615;0.86162;0.86156;0;T;True;2
1621218578000;11484771;0.8615;0.86162;0.86156;0;T;True;2
1621218579000;11484772;0.8615;0.86162;0.86156;0;T;True;2
1621218580000;11484773;0.8615;0.86162;0.86156;0;T;True;2
1621218581000;11484774;0.8615;0.86162;0.86156;0;T;True;2
1621218582000;11484775;0.8615;0.86162;0.86156;0;T;True;2
1621218583000;11484776;0.8615;0.86162;0.86156;0;T;True;2
1621218584000;11484778;0.86151;0.86163;0.86157;1;T;True;2
1621218585000;11484779;0.86151;0.86163;0.86157;0;T;True;2
1621218586000;11484780;0.86151;0.86163;0.86157;0;T;True;2
1621218587000;11484781;0.86151;0.86163;0.86157;0;T;True;2
1621218588000;11484783;0.86152;0.86164;0.86158;1;T;True;2
1621218589000;11484784;0.86152;0.86164;0.86158;0;T;True;2
1621218590000;11484785;0.86152;0.86164;0.86158;0;T;True;2
1621218591000;11484786;0.86152;0.86164;0.86158;0;T;True;2
1621218592000;11484787;0.86152;0.86164;0.86158;0;T;True;2
1621218593000;11484789;0.86151;0.86163;0.86157;1;T;True;2
1621218594000;11484792;0.86149;0.86161;0.86155;2;T;True;2
1621218595000;11484794;0.8615;0.86162;0.86156;1;T;True;2
1621218596000;11484795;0.8615;0.86162;0.86156;0;T;True;2
1621218597000;11484796;0.8615;0.86162;0.86156;0;T;True;2
1621218598000;11484797;0.8615;0.86162;0.86156;0;T;True;2
1621218599000;11484798;0.8615;0.86162;0.86156;0;T;True;2
1621218600000;11484799;0.8615;0.86162;0.86156;0;T;True;2
1621218601000;11484800;0.8615;0.86162;0.86156;0;T;True;2
1621218602000;11484801;0.8615;0.86162;0.86156;0;T;True;2
1621218603000;11484803;0.86149;0.86161;0.86155;1;T;True;2
1621218604000;11484805;0.8615;0.86162;0.86156;1;T;True;2
1621218605000;11484806;0.8615;0.86162;0.86156;0;T;True;2
1621218606000;11484807;0.8615;0.86162;0.86156;0;T;True;2
1621218607000;11484809;0.8615;0.86162;0.86156;1;T;True;2
1621218608000;11484810;0.8615;0.86162;0.86156;0;T;True;2
1621218609000;11484811;0.8615;0.86162;0.86156;0;T;True;2
1621218610000;11484812;0.8615;0.86162;0.86156;0;T;True;2
1621218611000;11484813;0.8615;0.86162;0.86156;0;T;True;2
1621218612000;11484814;0.8615;0.86162;0.86156;0;T;True;2
1621218613000;11484815;0.8615;0.86162;0.86156;0;T;True;2
1621218614000;11484816;0.8615;0.86162;0.86156;0;T;True;2
1621218615000;11484817;0.8615;0.86162;0.86156;0;T;True;2
1621218616000;11484819;0.86151;0.86163;0.86157;1;T;True;2
1621218617000;11484820;0.86151;0.86163;0.86157;0;T;True;2
1621218618000;11484821;0.86151;0.86163;0.86157;0;T;True;2
1621218619000;11484823;0.8615;0.86162;0.86156;1;T;True;2
1621218620000;11484824;0.8615;0.86162;0.86156;0;T;True;2
1621218621000;11484825;0.8615;0.86162;0.86156;0;T;True;2
1621218622000;11484826;0.8615;0.86162;0.86156;0;T;True;2
1621218623000;11484827;0.8615;0.86162;0.86156;0;T;True;2
1621218624000;11484828;0.8615;0.86162;0.86156;0;T;True;2
1621218625000;11484829;0.8615;0.86162;0.86156;0;T;True;2
1621218626000;11484831;0.86151;0.86163;0.86157;1;T;True;2
1621218627000;11484832;0.86151;0.86163;0.86157;0;T;True;2
1621218628000;11484834;0.86151;0.86163;0.86157;1;T;True;2
1621218629000;11484839;0.86156;0.86168;0.86162;4;T;True;2
1621218630000;11484840;0.86156;0.86168;0.86162;0;T;True;2
1621218631000;11484841;0.86156;0.86168;0.86162;0;T;True;2
1621218632000;11484842;0.86156;0.86168;0.86162;0;T;True;2
1621218633000;11484843;0.86156;0.86168;0.86162;0;T;True;2
1621218634000;11484844;0.86156;0.86168;0.86162;0;T;True;2
1621218635000;11484845;0.86156;0.86168;0.86162;0;T;True;2
1621218636000;11484846;0.86156;0.86168;0.86162;0;T;True;2
1621218637000;11484847;0.86156;0.86168;0.86162;0;T;True;2
1621218638000;11484848;0.86156;0.86168;0.86162;0;T;True;2
1621218639000;11484849;0.86156;0.86168;0.86162;0;T;True;2
1621218640000;11484850;0.86156;0.86168;0.86162;0;T;True;2
1621218641000;11484851;0.86156;0.86168;0.86162;0;T;True;2
1621218642000;11484852;0.86156;0.86168;0.86162;0;T;True;2
1621218643000;11484853;0.86156;0.86168;0.86162;0;T;True;2
1621218644000;11484854;0.86156;0.86168;0.86162;0;T;True;2
1621218645000;11484855;0.86156;0.86168;0.86162;0;T;True;2
1621218646000;11484856;0.86156;0.86168;0.86162;0;T;True;2
1621218647000;11484857;0.86156;0.86168;0.86162;0;T;True;2
1621218648000;11484865;0.86152;0.86164;0.86158;7;T;True;2
1621218649000;11484866;0.86152;0.86164;0.86158;0;T;True;2
1621218650000;11484867;0.86152;0.86164;0.86158;0;T;True;2
1621218651000;11484874;0.86153;0.86165;0.86159;6;T;True;2
1621218652000;11484875;0.86153;0.86165;0.86159;0;T;True;2
1621218653000;11484877;0.86153;0.86165;0.86159;1;T;True;2
1621218654000;11484881;0.86151;0.86163;0.86157;3;T;True;2
1621218655000;11484882;0.86151;0.86163;0.86157;0;T;True;2
1621218656000;11484884;0.86151;0.86163;0.86157;1;T;True;2
1621218657000;11484885;0.86151;0.86163;0.86157;0;T;True;2
1621218658000;11484886;0.86151;0.86163;0.86157;0;T;True;2
1621218659000;11484888;0.8615;0.86162;0.86156;1;T;True;2
1621218660000;11484889;0.8615;0.86162;0.86156;0;T;True;2
1621218661000;11484891;0.86149;0.86161;0.86155;1;T;True;2
1621218662000;11484894;0.86149;0.86161;0.86155;2;T;True;2
1621218663000;11484895;0.86149;0.86161;0.86155;0;T;True;2
1621218664000;11484896;0.86149;0.86161;0.86155;0;T;True;2
1621218665000;11484897;0.86149;0.86161;0.86155;0;T;True;2
1621218666000;11484898;0.86149;0.86161;0.86155;0;T;True;2
1621218667000;11484899;0.86149;0.86161;0.86155;0;T;True;2
1621218668000;11484900;0.86149;0.86161;0.86155;0;T;True;2
1621218669000;11484902;0.8615;0.86162;0.86156;1;T;True;2
1621218670000;11484903;0.8615;0.86162;0.86156;0;T;True;2
1621218671000;11484904;0.8615;0.86162;0.86156;0;T;True;2
1621218672000;11484907;0.86149;0.86161;0.86155;2;T;True;2
1621218673000;11484909;0.86149;0.86161;0.86155;1;T;True;2
1621218674000;11484910;0.86149;0.86161;0.86155;0;T;True;2
1621218675000;11484911;0.86149;0.86161;0.86155;0;T;True;2
1621218676000;11484912;0.86149;0.86161;0.86155;0;T;True;2
1621218677000;11484913;0.86149;0.86161;0.86155;0;T;True;2
1621218678000;11484914;0.86149;0.86161;0.86155;0;T;True;2
1621218679000;11484921;0.86148;0.8616;0.86154;6;T;True;2
1621218680000;11484923;0.86148;0.8616;0.86154;1;T;True;2
1621218681000;11484925;0.86149;0.86161;0.86155;1;T;True;2
1621218682000;11484926;0.86149;0.86161;0.86155;0;T;True;2
1621218683000;11484927;0.86149;0.86161;0.86155;0;T;True;2
1621218684000;11484929;0.86149;0.86161;0.86155;1;T;True;2
1621218685000;11484931;0.86148;0.8616;0.86154;1;T;True;2
1621218686000;11484932;0.86148;0.8616;0.86154;0;T;True;2
1621218687000;11484933;0.86148;0.8616;0.86154;0;T;True;2
1621218688000;11484934;0.86148;0.8616;0.86154;0;T;True;2
1621218689000;11484935;0.86148;0.8616;0.86154;0;T;True;2
1621218690000;11484936;0.86148;0.8616;0.86154;0;T;True;2
1621218691000;11484937;0.86148;0.8616;0.86154;0;T;True;2
1621218692000;11484939;0.86147;0.86159;0.86153;1;T;True;2
1621218693000;11484940;0.86147;0.86159;0.86153;0;T;True;2
1621218694000;11484943;0.86146;0.86158;0.86152;2;T;True;2
1621218695000;11484944;0.86146;0.86158;0.86152;0;T;True;2
1621218696000;11484945;0.86146;0.86158;0.86152;0;T;True;2
1621218697000;11484946;0.86146;0.86158;0.86152;0;T;True;2
1621218698000;11484950;0.86146;0.86158;0.86152;3;T;True;2
1621218699000;11484951;0.86146;0.86158;0.86152;0;T;True;2
1621218700000;11484953;0.86145;0.86157;0.86151;1;T;True;2
1621218701000;11484955;0.86145;0.86157;0.86151;1;T;True;2
1621218702000;11484956;0.86145;0.86157;0.86151;0;T;True;2
1621218703000;11484957;0.86145;0.86157;0.86151;0;T;True;2
1621218704000;11484958;0.86145;0.86157;0.86151;0;T;True;2
1621218705000;11484959;0.86145;0.86157;0.86151;0;T;True;2
1621218706000;11484960;0.86145;0.86157;0.86151;0;T;True;2
1621218707000;11484961;0.86145;0.86157;0.86151;0;T;True;2
1621218708000;11484962;0.86145;0.86157;0.86151;0;T;True;2
1621218709000;11484963;0.86145;0.86157;0.86151;0;T;True;2
1621218710000;11484964;0.86145;0.86157;0.86151;0;T;True;2
1621218711000;11484965;0.86145;0.86157;0.86151;0;T;True;2
1621218712000;11484966;0.86145;0.86157;0.86151;0;T;True;2
1621218713000;11484967;0.86145;0.86157;0.86151;0;T;True;2
1621218714000;11484969;0.86146;0.86158;0.86152;1;T;True;2
1621218715000;11484970;0.86146;0.86158;0.86152;0;T;True;2
1621218716000;11484971;0.86146;0.86158;0.86152;0;T;True;2
1621218717000;11484972;0.86146;0.86158;0.86152;0;T;True;2
1621218718000;11484973;0.86146;0.86158;0.86152;0;T;True;2
1621218719000;11484974;0.86146;0.86158;0.86152;0;T;True;2
1621218720000;11484975;0.86146;0.86158;0.86152;0;T;True;2
1621218721000;11484976;0.86146;0.86158;0.86152;0;T;True;2
1621218722000;11484977;0.86146;0.86158;0.86152;0;T;True;2
1621218723000;11484978;0.86146;0.86158;0.86152;0;T;True;2
1621218724000;11484979;0.86146;0.86158;0.86152;0;T;True;2
1621218725000;11484980;0.86146;0.86158;0.86152;0;T;True;2
1621218726000;11484981;0.86146;0.86158;0.86152;0;T;True;2
1621218727000;11484983;0.86146;0.86158;0.86152;1;T;True;2
1621218728000;11484985;0.86145;0.86157;0.86151;1;T;True;2
1621218729000;11484986;0.86145;0.86157;0.86151;0;T;True;2
1621218730000;11484987;0.86145;0.86157;0.86151;0;T;True;2
1621218731000;11484988;0.86145;0.86157;0.86151;0;T;True;2
1621218732000;11484989;0.86145;0.86157;0.86151;0;T;True;2
1621218733000;11484990;0.86145;0.86157;0.86151;0;T;True;2
1621218734000;11484991;0.86145;0.86157;0.86151;0;T;True;2
1621218735000;11484992;0.86145;0.86157;0.86151;0;T;True;2
1621218736000;11484994;0.86144;0.86156;0.8615;1;T;True;2
1621218737000;11484995;0.86144;0.86156;0.8615;0;T;True;2
1621218738000;11484996;0.86144;0.86156;0.8615;0;T;True;2
1621218739000;11484997;0.86144;0.86156;0.8615;0;T;True;2
1621218740000;11484998;0.86144;0.86156;0.8615;0;T;True;2
1621218741000;11485000;0.86144;0.86156;0.8615;1;T;True;2
1621218742000;11485001;0.86144;0.86156;0.8615;0;T;True;2
1621218743000;11485002;0.86144;0.86156;0.8615;0;T;True;2
1621218744000;11485003;0.86144;0.86156;0.8615;0;T;True;2
1621218745000;11485004;0.86144;0.86156;0.8615;0;T;True;2
1621218746000;11485005;0.86144;0.86156;0.8615;0;T;True;2
1621218747000;11485008;0.86144;0.86156;0.8615;2;T;True;2
1621218748000;11485009;0.86144;0.86156;0.8615;0;T;True;2
1621218749000;11485010;0.86144;0.86156;0.8615;0;T;True;2
1621218750000;11485011;0.86144;0.86156;0.8615;0;T;True;2
1621218751000;11485012;0.86144;0.86156;0.8615;0;T;True;2
1621218752000;11485013;0.86144;0.86156;0.8615;0;T;True;2
1621218753000;11485016;0.86143;0.86155;0.86149;2;T;True;2
1621218754000;11485017;0.86143;0.86155;0.86149;0;T;True;2
1621218755000;11485018;0.86143;0.86155;0.86149;0;T;True;2
1621218756000;11485019;0.86143;0.86155;0.86149;0;T;True;2
1621218757000;11485020;0.86143;0.86155;0.86149;0;T;True;2
1621218758000;11485021;0.86143;0.86155;0.86149;0;T;True;2
1621218759000;11485022;0.86143;0.86155;0.86149;0;T;True;2
1621218760000;11485023;0.86143;0.86155;0.86149;0;T;True;2
1621218761000;11485024;0.86143;0.86155;0.86149;0;T;True;2
1621218762000;11485025;0.86143;0.86155;0.86149;0;T;True;2
1621218763000;11485026;0.86143;0.86155;0.86149;0;T;True;2
1621218764000;11485027;0.86143;0.86155;0.86149;0;T;True;2
1621218765000;11485028;0.86143;0.86155;0.86149;0;T;True;2
1621218766000;11485029;0.86143;0.86155;0.86149;0;T;True;2
1621218767000;11485030;0.86143;0.86155;0.86149;0;T;True;2
1621218768000;11485031;0.86143;0.86155;0.86149;0;T;True;2
1621218769000;11485033;0.86144;0.86156;0.8615;1;T;True;2
1621218770000;11485034;0.86144;0.86156;0.8615;0;T;True;2
1621218771000;11485035;0.86144;0.86156;0.8615;0;T;True;2
1621218772000;11485036;0.86144;0.86156;0.8615;0;T;True;2
1621218773000;11485037;0.86144;0.86156;0.8615;0;T;True;2
1621218774000;11485038;0.86144;0.86156;0.8615;0;T;True;2
1621218775000;11485040;0.86143;0.86155;0.86149;1;T;True;2
1621218776000;11485041;0.86143;0.86155;0.86149;0;T;True;2
1621218777000;11485042;0.86143;0.86155;0.86149;0;T;True;2
1621218778000;11485043;0.86143;0.86155;0.86149;0;T;True;2
1621218779000;11485044;0.86143;0.86155;0.86149;0;T;True;2
1621218780000;11485045;0.86143;0.86155;0.86149;0;T;True;2
1621218781000;11485048;0.86143;0.86155;0.86149;2;T;True;2
1621218782000;11485052;0.86141;0.86153;0.86147;3;T;True;2
1621218783000;11485055;0.86138;0.8615;0.86144;2;T;True;2
1621218784000;11485056;0.86138;0.8615;0.86144;0;T;True;2
1621218785000;11485057;0.86138;0.8615;0.86144;0;T;True;2
1621218786000;11485058;0.86138;0.8615;0.86144;0;T;True;2
1621218787000;11485059;0.86138;0.8615;0.86144;0;T;True;2
1621218788000;11485060;0.86138;0.8615;0.86144;0;T;True;2
1621218789000;11485061;0.86138;0.8615;0.86144;0;T;True;2
1621218790000;11485062;0.86138;0.8615;0.86144;0;T;True;2
1621218791000;11485065;0.86138;0.8615;0.86144;2;T;True;2
1621218792000;11485066;0.86138;0.8615;0.86144;0;T;True;2
1621218793000;11485067;0.86138;0.8615;0.86144;0;T;True;2
1621218794000;11485068;0.86138;0.8615;0.86144;0;T;True;2
1621218795000;11485069;0.86138;0.8615;0.86144;0;T;True;2
1621218796000;11485071;0.86139;0.86151;0.86145;1;T;True;2
1621218797000;11485073;0.86138;0.8615;0.86144;1;T;True;2
1621218798000;11485074;0.86138;0.8615;0.86144;0;T;True;2
1621218799000;11485075;0.86138;0.8615;0.86144;0;T;True;2
1621218800000;11485076;0.86138;0.8615;0.86144;0;T;True;2
1621218801000;11485077;0.86138;0.8615;0.86144;0;T;True;2
1621218802000;11485078;0.86138;0.8615;0.86144;0;T;True;2
1621218803000;11485079;0.86138;0.8615;0.86144;0;T;True;2
1621218804000;11485080;0.86138;0.8615;0.86144;0;T;True;2
1621218805000;11485081;0.86138;0.8615;0.86144;0;T;True;2
1621218806000;11485082;0.86138;0.8615;0.86144;0;T;True;2
1621218807000;11485083;0.86138;0.8615;0.86144;0;T;True;2
1621218808000;11485084;0.86138;0.8615;0.86144;0;T;True;2
1621218809000;11485085;0.86138;0.8615;0.86144;0;T;True;2
1621218810000;11485086;0.86138;0.8615;0.86144;0;T;True;2
1621218811000;11485087;0.86138;0.8615;0.86144;0;T;True;2
1621218812000;11485088;0.86138;0.8615;0.86144;0;T;True;2
1621218813000;11485089;0.86138;0.8615;0.86144;0;T;True;2
1621218814000;11485090;0.86138;0.8615;0.86144;0;T;True;2
1621218815000;11485091;0.86138;0.8615;0.86144;0;T;True;2
1621218816000;11485092;0.86138;0.8615;0.86144;0;T;True;2
1621218817000;11485093;0.86138;0.8615;0.86144;0;T;True;2
1621218818000;11485094;0.86138;0.8615;0.86144;0;T;True;2
1621218819000;11485095;0.86138;0.8615;0.86144;0;T;True;2
1621218820000;11485100;0.86138;0.8615;0.86144;4;T;True;2
1621218821000;11485101;0.86138;0.8615;0.86144;0;T;True;2
1621218822000;11485102;0.86138;0.8615;0.86144;0;T;True;2
1621218823000;11485104;0.86138;0.8615;0.86144;1;T;True;2
1621218824000;11485105;0.86138;0.8615;0.86144;0;T;True;2
1621218825000;11485106;0.86138;0.8615;0.86144;0;T;True;2
1621218826000;11485107;0.86138;0.8615;0.86144;0;T;True;2
1621218827000;11485108;0.86138;0.8615;0.86144;0;T;True;2
1621218828000;11485109;0.86138;0.8615;0.86144;0;T;True;2
1621218829000;11485110;0.86138;0.8615;0.86144;0;T;True;2
1621218830000;11485111;0.86138;0.8615;0.86144;0;T;True;2
1621218831000;11485112;0.86138;0.8615;0.86144;0;T;True;2
1621218832000;11485113;0.86138;0.8615;0.86144;0;T;True;2
1621218833000;11485114;0.86138;0.8615;0.86144;0;T;True;2
1621218834000;11485115;0.86138;0.8615;0.86144;0;T;True;2
1621218835000;11485116;0.86138;0.8615;0.86144;0;T;True;2
1621218836000;11485117;0.86138;0.8615;0.86144;0;T;True;2
1621218837000;11485118;0.86138;0.8615;0.86144;0;T;True;2
1621218838000;11485119;0.86138;0.8615;0.86144;0;T;True;2
1621218839000;11485120;0.86138;0.8615;0.86144;0;T;True;2
1621218840000;11485121;0.86138;0.8615;0.86144;0;T;True;2
1621218841000;11485122;0.86138;0.8615;0.86144;0;T;True;2
1621218842000;11485123;0.86138;0.8615;0.86144;0;T;True;2
1621218843000;11485124;0.86138;0.8615;0.86144;0;T;True;2
1621218844000;11485125;0.86138;0.8615;0.86144;0;T;True;2
1621218845000;11485126;0.86138;0.8615;0.86144;0;T;True;2
1621218846000;11485127;0.86138;0.8615;0.86144;0;T;True;2
1621218847000;11485130;0.8614;0.86152;0.86146;2;T;True;2
1621218848000;11485131;0.8614;0.86152;0.86146;0;T;True;2
1621218849000;11485132;0.8614;0.86152;0.86146;0;T;True;2
1621218850000;11485133;0.8614;0.86152;0.86146;0;T;True;2
1621218851000;11485134;0.8614;0.86152;0.86146;0;T;True;2
1621218852000;11485135;0.8614;0.86152;0.86146;0;T;True;2
1621218853000;11485136;0.8614;0.86152;0.86146;0;T;True;2
1621218854000;11485137;0.8614;0.86152;0.86146;0;T;True;2
1621218855000;11485138;0.8614;0.86152;0.86146;0;T;True;2
1621218856000;11485139;0.8614;0.86152;0.86146;0;T;True;2
1621218857000;11485142;0.86138;0.8615;0.86144;2;T;True;2
1621218858000;11485143;0.86138;0.8615;0.86144;0;T;True;2
1621218859000;11485144;0.86138;0.8615;0.86144;0;T;True;2
1621218860000;11485145;0.86138;0.8615;0.86144;0;T;True;2
1621218861000;11485146;0.86138;0.8615;0.86144;0;T;True;2
1621218862000;11485147;0.86138;0.8615;0.86144;0;T;True;2
1621218863000;11485148;0.86138;0.8615;0.86144;0;T;True;2
1621218864000;11485149;0.86138;0.8615;0.86144;0;T;True;2
1621218865000;11485150;0.86138;0.8615;0.86144;0;T;True;2
1621218866000;11485151;0.86138;0.8615;0.86144;0;T;True;2
1621218867000;11485152;0.86138;0.8615;0.86144;0;T;True;2
1621218868000;11485153;0.86138;0.8615;0.86144;0;T;True;2
1621218869000;11485154;0.86138;0.8615;0.86144;0;T;True;2
1621218870000;11485155;0.86138;0.8615;0.86144;0;T;True;2
1621218871000;11485156;0.86138;0.8615;0.86144;0;T;True;2
1621218872000;11485157;0.86138;0.8615;0.86144;0;T;True;2
1621218873000;11485158;0.86138;0.8615;0.86144;0;T;True;2
1621218874000;11485159;0.86138;0.8615;0.86144;0;T;True;2
1621218875000;11485160;0.86138;0.8615;0.86144;0;T;True;2
1621218876000;11485161;0.86138;0.8615;0.86144;0;T;True;2
1621218877000;11485162;0.86138;0.8615;0.86144;0;T;True;2
1621218878000;11485163;0.86138;0.8615;0.86144;0;T;True;2
1621218879000;11485164;0.86138;0.8615;0.86144;0;T;True;2
1621218880000;11485165;0.86138;0.8615;0.86144;0;T;True;2
1621218881000;11485167;0.86139;0.86151;0.86145;1;T;True;2
1621218882000;11485168;0.86139;0.86151;0.86145;0;T;True;2
1621218883000;11485169;0.86139;0.86151;0.86145;0;T;True;2
1621218884000;11485170;0.86139;0.86151;0.86145;0;T;True;2
1621218885000;11485171;0.86139;0.86151;0.86145;0;T;True;2
1621218886000;11485172;0.86139;0.86151;0.86145;0;T;True;2
1621218887000;11485173;0.86139;0.86151;0.86145;0;T;True;2
1621218888000;11485174;0.86139;0.86151;0.86145;0;T;True;2
1621218889000;11485175;0.86139;0.86151;0.86145;0;T;True;2
1621218890000;11485176;0.86139;0.86151;0.86145;0;T;True;2
1621218891000;11485177;0.86139;0.86151;0.86145;0;T;True;2
1621218892000;11485178;0.86139;0.86151;0.86145;0;T;True;2
1621218893000;11485179;0.86139;0.86151;0.86145;0;T;True;2
1621218894000;11485180;0.86139;0.86151;0.86145;0;T;True;2
1621218895000;11485181;0.86139;0.86151;0.86145;0;T;True;2
1621218896000;11485182;0.86139;0.86151;0.86145;0;T;True;2
1621218897000;11485183;0.86139;0.86151;0.86145;0;T;True;2
1621218898000;11485184;0.86139;0.86151;0.86145;0;T;True;2
1621218899000;11485185;0.86139;0.86151;0.86145;0;T;True;2
1621218900000;11485186;0.86139;0.86151;0.86145;0;T;True;2
1621218901000;11485187;0.86139;0.86151;0.86145;0;T;True;2
1621218902000;11485188;0.86139;0.86151;0.86145;0;T;True;2
1621218903000;11485189;0.86139;0.86151;0.86145;0;T;True;2
1621218904000;11485190;0.86139;0.86151;0.86145;0;T;True;2
1621218905000;11485192;0.86141;0.86153;0.86147;1;T;True;2
1621218906000;11485193;0.86141;0.86153;0.86147;0;T;True;2
1621218907000;11485194;0.86141;0.86153;0.86147;0;T;True;2
1621218908000;11485195;0.86141;0.86153;0.86147;0;T;True;2
1621218909000;11485196;0.86141;0.86153;0.86147;0;T;True;2
1621218910000;11485197;0.86141;0.86153;0.86147;0;T;True;2
1621218911000;11485198;0.86141;0.86153;0.86147;0;T;True;2
1621218912000;11485199;0.86141;0.86153;0.86147;0;T;True;2
1621218913000;11485201;0.86141;0.86153;0.86147;1;T;True;2
1621218914000;11485202;0.86141;0.86153;0.86147;0;T;True;2
1621218915000;11485203;0.86141;0.86153;0.86147;0;T;True;2
1621218916000;11485204;0.86141;0.86153;0.86147;0;T;True;2
1621218917000;11485205;0.86141;0.86153;0.86147;0;T;True;2
1621218918000;11485206;0.86141;0.86153;0.86147;0;T;True;2
1621218919000;11485207;0.86141;0.86153;0.86147;0;T;True;2
1621218920000;11485208;0.86141;0.86153;0.86147;0;T;True;2
1621218921000;11485209;0.86141;0.86153;0.86147;0;T;True;2
1621218922000;11485210;0.86141;0.86153;0.86147;0;T;True;2
1621218923000;11485211;0.86141;0.86153;0.86147;0;T;True;2
1621218924000;11485212;0.86141;0.86153;0.86147;0;T;True;2
1621218925000;11485213;0.86141;0.86153;0.86147;0;T;True;2
1621218926000;11485214;0.86141;0.86153;0.86147;0;T;True;2
1621218927000;11485216;0.86143;0.86155;0.86149;1;T;True;2
1621218928000;11485217;0.86143;0.86155;0.86149;0;T;True;2
1621218929000;11485218;0.86143;0.86155;0.86149;0;T;True;2
1621218930000;11485219;0.86143;0.86155;0.86149;0;T;True;2
1621218931000;11485226;0.86139;0.86151;0.86145;6;T;True;2
1621218932000;11485227;0.86139;0.86151;0.86145;0;T;True;2
1621218933000;11485228;0.86139;0.86151;0.86145;0;T;True;2
1621218934000;11485229;0.86139;0.86151;0.86145;0;T;True;2
1621218935000;11485230;0.86139;0.86151;0.86145;0;T;True;2
1621218936000;11485231;0.86139;0.86151;0.86145;0;T;True;2
1621218937000;11485233;0.86139;0.86151;0.86145;1;T;True;2
1621218938000;11485234;0.86139;0.86151;0.86145;0;T;True;2
1621218939000;11485235;0.86139;0.86151;0.86145;0;T;True;2
1621218940000;11485236;0.86139;0.86151;0.86145;0;T;True;2
1621218941000;11485237;0.86139;0.86151;0.86145;0;T;True;2
1621218942000;11485238;0.86139;0.86151;0.86145;0;T;True;2
1621218943000;11485239;0.86139;0.86151;0.86145;0;T;True;2
1621218944000;11485240;0.86139;0.86151;0.86145;0;T;True;2
1621218945000;11485241;0.86139;0.86151;0.86145;0;T;True;2
1621218946000;11485243;0.86138;0.8615;0.86144;1;T;True;2
1621218947000;11485244;0.86138;0.8615;0.86144;0;T;True;2
1621218948000;11485245;0.86138;0.8615;0.86144;0;T;True;2
1621218949000;11485246;0.86138;0.8615;0.86144;0;T;True;2
1621218950000;11485247;0.86138;0.8615;0.86144;0;T;True;2
1621218951000;11485249;0.86139;0.86151;0.86145;1;T;True;2
1621218952000;11485250;0.86139;0.86151;0.86145;0;T;True;2
1621218953000;11485251;0.86139;0.86151;0.86145;0;T;True;2
1621218954000;11485252;0.86139;0.86151;0.86145;0;T;True;2
1621218955000;11485253;0.86139;0.86151;0.86145;0;T;True;2
1621218956000;11485255;0.86137;0.86149;0.86143;1;T;True;2
1621218957000;11485256;0.86137;0.86149;0.86143;0;T;True;2
1621218958000;11485257;0.86137;0.86149;0.86143;0;T;True;2
1621218959000;11485258;0.86137;0.86149;0.86143;0;T;True;2
1621218960000;11485259;0.86137;0.86149;0.86143;0;T;True;2
1621218961000;11485260;0.86137;0.86149;0.86143;0;T;True;2
1621218962000;11485261;0.86137;0.86149;0.86143;0;T;True;2
1621218963000;11485262;0.86137;0.86149;0.86143;0;T;True;2
1621218964000;11485265;0.86135;0.86147;0.86141;2;T;True;2
1621218965000;11485266;0.86135;0.86147;0.86141;0;T;True;2
1621218966000;11485267;0.86135;0.86147;0.86141;0;T;True;2
1621218967000;11485269;0.86134;0.86146;0.8614;1;T;True;2
1621218968000;11485271;0.86133;0.86145;0.86139;1;T;True;2
1621218969000;11485272;0.86133;0.86145;0.86139;0;T;True;2
1621218970000;11485273;0.86133;0.86145;0.86139;0;T;True;2
1621218971000;11485274;0.86133;0.86145;0.86139;0;T;True;2
1621218972000;11485276;0.86134;0.86146;0.8614;1;T;True;2
1621218973000;11485277;0.86134;0.86146;0.8614;0;T;True;2
1621218974000;11485279;0.86133;0.86145;0.86139;1;T;True;2
1621218975000;11485280;0.86133;0.86145;0.86139;0;T;True;2
1621218976000;11485281;0.86133;0.86145;0.86139;0;T;True;2
1621218977000;11485283;0.86132;0.86144;0.86138;1;T;True;2
1621218978000;11485284;0.86132;0.86144;0.86138;0;T;True;2
1621218979000;11485285;0.86132;0.86144;0.86138;0;T;True;2
1621218980000;11485287;0.86133;0.86145;0.86139;1;T;True;2
1621218981000;11485289;0.86131;0.86143;0.86137;1;T;True;2
1621218982000;11485291;0.86132;0.86144;0.86138;1;T;True;2
1621218983000;11485293;0.86131;0.86143;0.86137;1;T;True;2
1621218984000;11485294;0.86131;0.86143;0.86137;0;T;True;2
1621218985000;11485296;0.86132;0.86144;0.86138;1;T;True;2
1621218986000;11485298;0.86131;0.86143;0.86137;1;T;True;2
1621218987000;11485300;0.86132;0.86144;0.86138;1;T;True;2
1621218988000;11485301;0.86132;0.86144;0.86138;0;T;True;2
1621218989000;11485303;0.86131;0.86143;0.86137;1;T;True;2
1621218990000;11485304;0.86131;0.86143;0.86137;0;T;True;2
1621218991000;11485305;0.86131;0.86143;0.86137;0;T;True;2
1621218992000;11485306;0.86131;0.86143;0.86137;0;T;True;2
1621218993000;11485307;0.86131;0.86143;0.86137;0;T;True;2
1621218994000;11485308;0.86131;0.86143;0.86137;0;T;True;2
1621218995000;11485309;0.86131;0.86143;0.86137;0;T;True;2
1621218996000;11485310;0.86131;0.86143;0.86137;0;T;True;2
1621218997000;11485311;0.86131;0.86143;0.86137;0;T;True;2
1621218998000;11485313;0.8613;0.86142;0.86136;1;T;True;2
1621218999000;11485314;0.8613;0.86142;0.86136;0;T;True;2
1621219000000;11485315;0.8613;0.86142;0.86136;0;T;True;2
1621219001000;11485316;0.8613;0.86142;0.86136;0;T;True;2
1621219002000;11485317;0.8613;0.86142;0.86136;0;T;True;2
1621219003000;11485318;0.8613;0.86142;0.86136;0;T;True;2
1621219004000;11485319;0.8613;0.86142;0.86136;0;T;True;2
1621219005000;11485320;0.8613;0.86142;0.86136;0;T;True;2
1621219006000;11485321;0.8613;0.86142;0.86136;0;T;True;2
1621219007000;11485322;0.8613;0.86142;0.86136;0;T;True;2
1621219008000;11485325;0.86128;0.8614;0.86134;2;T;True;2
1621219009000;11485327;0.86129;0.86141;0.86135;1;T;True;2
1621219010000;11485329;0.86128;0.8614;0.86134;1;T;True;2
1621219011000;11485330;0.86128;0.8614;0.86134;0;T;True;2
1621219012000;11485331;0.86128;0.8614;0.86134;0;T;True;2
1621219013000;11485332;0.86128;0.8614;0.86134;0;T;True;2
1621219014000;11485333;0.86128;0.8614;0.86134;0;T;True;2
1621219015000;11485335;0.86127;0.86139;0.86133;1;T;True;2
1621219016000;11485336;0.86127;0.86139;0.86133;0;T;True;2
1621219017000;11485337;0.86127;0.86139;0.86133;0;T;True;2
1621219018000;11485338;0.86127;0.86139;0.86133;0;T;True;2
1621219019000;11485339;0.86127;0.86139;0.86133;0;T;True;2
1621219020000;11485340;0.86127;0.86139;0.86133;0;T;True;2
1621219021000;11485341;0.86127;0.86139;0.86133;0;T;True;2
1621219022000;11485342;0.86127;0.86139;0.86133;0;T;True;2
1621219023000;11485347;0.86129;0.86141;0.86135;4;T;True;2
1621219024000;11485349;0.86129;0.86141;0.86135;1;T;True;2
1621219025000;11485351;0.86129;0.86141;0.86135;1;T;True;2
1621219026000;11485352;0.86129;0.86141;0.86135;0;T;True;2
1621219027000;11485353;0.86129;0.86141;0.86135;0;T;True;2
1621219028000;11485356;0.86129;0.86141;0.86135;2;T;True;2
1621219029000;11485358;0.86129;0.86141;0.86135;1;T;True;2
1621219030000;11485360;0.86127;0.86139;0.86133;1;T;True;2
1621219031000;11485361;0.86127;0.86139;0.86133;0;T;True;2
1621219032000;11485363;0.86127;0.86139;0.86133;1;T;True;2
1621219033000;11485364;0.86127;0.86139;0.86133;0;T;True;2
1621219034000;11485365;0.86127;0.86139;0.86133;0;T;True;2
1621219035000;11485367;0.86127;0.86139;0.86133;1;T;True;2
1621219036000;11485369;0.86128;0.8614;0.86134;1;T;True;2
1621219037000;11485370;0.86128;0.8614;0.86134;0;T;True;2
1621219038000;11485371;0.86128;0.8614;0.86134;0;T;True;2
1621219039000;11485372;0.86128;0.8614;0.86134;0;T;True;2
1621219040000;11485375;0.86128;0.8614;0.86134;2;T;True;2
1621219041000;11485376;0.86128;0.8614;0.86134;0;T;True;2
1621219042000;11485378;0.86127;0.86139;0.86133;1;T;True;2
1621219043000;11485379;0.86127;0.86139;0.86133;0;T;True;2
1621219044000;11485380;0.86127;0.86139;0.86133;0;T;True;2
1621219045000;11485382;0.86128;0.8614;0.86134;1;T;True;2
1621219046000;11485389;0.86131;0.86143;0.86137;6;T;True;2
1621219047000;11485390;0.86131;0.86143;0.86137;0;T;True;2
1621219048000;11485392;0.86132;0.86144;0.86138;1;T;True;2
1621219049000;11485394;0.86131;0.86143;0.86137;1;T;True;2
1621219050000;11485395;0.86131;0.86143;0.86137;0;T;True;2
1621219051000;11485397;0.86132;0.86144;0.86138;1;T;True;2
1621219052000;11485398;0.86132;0.86144;0.86138;0;T;True;2
1621219053000;11485399;0.86132;0.86144;0.86138;0;T;True;2
1621219054000;11485402;0.86132;0.86144;0.86138;2;T;True;2
1621219055000;11485403;0.86132;0.86144;0.86138;0;T;True;2
1621219056000;11485404;0.86132;0.86144;0.86138;0;T;True;2
1621219057000;11485405;0.86132;0.86144;0.86138;0;T;True;2
1621219058000;11485406;0.86132;0.86144;0.86138;0;T;True;2
1621219059000;11485407;0.86132;0.86144;0.86138;0;T;True;2
1621219060000;11485409;0.86131;0.86143;0.86137;1;T;True;2
1621219061000;11485410;0.86131;0.86143;0.86137;0;T;True;2
1621219062000;11485411;0.86131;0.86143;0.86137;0;T;True;2
1621219063000;11485412;0.86131;0.86143;0.86137;0;T;True;2
1621219064000;11485413;0.86131;0.86143;0.86137;0;T;True;2
1621219065000;11485414;0.86131;0.86143;0.86137;0;T;True;2
1621219066000;11485417;0.86133;0.86145;0.86139;2;T;True;2
1621219067000;11485420;0.86133;0.86145;0.86139;2;T;True;2
1621219068000;11485423;0.86131;0.86143;0.86137;2;T;True;2
1621219069000;11485424;0.86131;0.86143;0.86137;0;T;True;2
1621219070000;11485426;0.86132;0.86144;0.86138;1;T;True;2
1621219071000;11485430;0.86132;0.86144;0.86138;3;T;True;2
1621219072000;11485432;0.86132;0.86144;0.86138;1;T;True;2
1621219073000;11485433;0.86132;0.86144;0.86138;0;T;True;2
1621219074000;11485441;0.86131;0.86143;0.86137;7;T;True;2
1621219075000;11485442;0.86131;0.86143;0.86137;0;T;True;2
1621219076000;11485444;0.8613;0.86142;0.86136;1;T;True;2
1621219077000;11485447;0.86131;0.86143;0.86137;2;T;True;2
1621219078000;11485448;0.86131;0.86143;0.86137;0;T;True;2
1621219079000;11485449;0.86131;0.86143;0.86137;0;T;True;2
1621219080000;11485450;0.86131;0.86143;0.86137;0;T;True;2
1621219081000;11485451;0.86131;0.86143;0.86137;0;T;True;2
1621219082000;11485452;0.86131;0.86143;0.86137;0;T;True;2
1621219083000;11485453;0.86131;0.86143;0.86137;0;T;True;2
1621219084000;11485454;0.86131;0.86143;0.86137;0;T;True;2
1621219085000;11485456;0.8613;0.86142;0.86136;1;T;True;2
1621219086000;11485457;0.8613;0.86142;0.86136;0;T;True;2
1621219087000;11485458;0.8613;0.86142;0.86136;0;T;True;2
1621219088000;11485460;0.86131;0.86143;0.86137;1;T;True;2
1621219089000;11485461;0.86131;0.86143;0.86137;0;T;True;2
1621219090000;11485462;0.86131;0.86143;0.86137;0;T;True;2
1621219091000;11485463;0.86131;0.86143;0.86137;0;T;True;2
1621219092000;11485465;0.8613;0.86142;0.86136;1;T;True;2
1621219093000;11485466;0.8613;0.86142;0.86136;0;T;True;2
1621219094000;11485468;0.86131;0.86143;0.86137;1;T;True;2
1621219095000;11485469;0.86131;0.86143;0.86137;0;T;True;2
1621219096000;11485470;0.86131;0.86143;0.86137;0;T;True;2
1621219097000;11485471;0.86131;0.86143;0.86137;0;T;True;2
1621219098000;11485472;0.86131;0.86143;0.86137;0;T;True;2
1621219099000;11485473;0.86131;0.86143;0.86137;0;T;True;2
1621219100000;11485474;0.86131;0.86143;0.86137;0;T;True;2
1621219101000;11485475;0.86131;0.86143;0.86137;0;T;True;2
1621219102000;11485476;0.86131;0.86143;0.86137;0;T;True;2
1621219103000;11485477;0.86131;0.86143;0.86137;0;T;True;2
1621219104000;11485478;0.86131;0.86143;0.86137;0;T;True;2
1621219105000;11485479;0.86131;0.86143;0.86137;0;T;True;2
1621219106000;11485482;0.86133;0.86145;0.86139;2;T;True;2
1621219107000;11485483;0.86133;0.86145;0.86139;0;T;True;2
1621219108000;11485484;0.86133;0.86145;0.86139;0;T;True;2
1621219109000;11485485;0.86133;0.86145;0.86139;0;T;True;2
1621219110000;11485486;0.86133;0.86145;0.86139;0;T;True;2
1621219111000;11485487;0.86133;0.86145;0.86139;0;T;True;2
1621219112000;11485489;0.86133;0.86145;0.86139;1;T;True;2
1621219113000;11485490;0.86133;0.86145;0.86139;0;T;True;2
1621219114000;11485491;0.86133;0.86145;0.86139;0;T;True;2
1621219115000;11485492;0.86133;0.86145;0.86139;0;T;True;2
1621219116000;11485493;0.86133;0.86145;0.86139;0;T;True;2
1621219117000;11485494;0.86133;0.86145;0.86139;0;T;True;2
1621219118000;11485495;0.86133;0.86145;0.86139;0;T;True;2
1621219119000;11485497;0.86131;0.86143;0.86137;1;T;True;2
1621219120000;11485500;0.86131;0.86143;0.86137;2;T;True;2
1621219121000;11485501;0.86131;0.86143;0.86137;0;T;True;2
1621219122000;11485503;0.86131;0.86143;0.86137;1;T;True;2
1621219123000;11485508;0.86132;0.86144;0.86138;4;T;True;2
1621219124000;11485518;0.86135;0.86147;0.86141;9;T;True;2
1621219125000;11485521;0.86135;0.86147;0.86141;2;T;True;2
1621219126000;11485523;0.86137;0.86149;0.86143;1;T;True;2
1621219127000;11485525;0.86137;0.86149;0.86143;1;T;True;2
1621219128000;11485528;0.86139;0.86151;0.86145;2;T;True;2
1621219129000;11485535;0.86142;0.86154;0.86148;6;T;True;2
1621219130000;11485537;0.86142;0.86154;0.86148;1;T;True;2
1621219131000;11485541;0.86141;0.86153;0.86147;3;T;True;2
1621219132000;11485544;0.86141;0.86153;0.86147;2;T;True;2
1621219133000;11485545;0.86141;0.86153;0.86147;0;T;True;2
1621219134000;11485546;0.86141;0.86153;0.86147;0;T;True;2
1621219135000;11485547;0.86141;0.86153;0.86147;0;T;True;2
1621219136000;11485548;0.86141;0.86153;0.86147;0;T;True;2
1621219137000;11485549;0.86141;0.86153;0.86147;0;T;True;2
1621219138000;11485550;0.86141;0.86153;0.86147;0;T;True;2
1621219139000;11485551;0.86141;0.86153;0.86147;0;T;True;2
1621219140000;11485552;0.86141;0.86153;0.86147;0;T;True;2
1621219141000;11485554;0.86142;0.86154;0.86148;1;T;True;2
1621219142000;11485555;0.86142;0.86154;0.86148;0;T;True;2
1621219143000;11485556;0.86142;0.86154;0.86148;0;T;True;2
1621219144000;11485559;0.86141;0.86153;0.86147;2;T;True;2
1621219145000;11485561;0.86142;0.86154;0.86148;1;T;True;2
1621219146000;11485562;0.86142;0.86154;0.86148;0;T;True;2
1621219147000;11485563;0.86142;0.86154;0.86148;0;T;True;2
1621219148000;11485564;0.86142;0.86154;0.86148;0;T;True;2
1621219149000;11485566;0.86141;0.86153;0.86147;1;T;True;2
1621219150000;11485567;0.86141;0.86153;0.86147;0;T;True;2
1621219151000;11485569;0.86141;0.86153;0.86147;1;T;True;2
1621219152000;11485571;0.86141;0.86153;0.86147;1;T;True;2
1621219153000;11485572;0.86141;0.86153;0.86147;0;T;True;2
1621219154000;11485573;0.86141;0.86153;0.86147;0;T;True;2
1621219155000;11485574;0.86141;0.86153;0.86147;0;T;True;2
1621219156000;11485575;0.86141;0.86153;0.86147;0;T;True;2
1621219157000;11485576;0.86141;0.86153;0.86147;0;T;True;2
1621219158000;11485577;0.86141;0.86153;0.86147;0;T;True;2
1621219159000;11485578;0.86141;0.86153;0.86147;0;T;True;2
1621219160000;11485579;0.86141;0.86153;0.86147;0;T;True;2
1621219161000;11485580;0.86141;0.86153;0.86147;0;T;True;2
1621219162000;11485582;0.86142;0.86154;0.86148;1;T;True;2
1621219163000;11485583;0.86142;0.86154;0.86148;0;T;True;2
1621219164000;11485584;0.86142;0.86154;0.86148;0;T;True;2
1621219165000;11485585;0.86142;0.86154;0.86148;0;T;True;2
1621219166000;11485588;0.86143;0.86155;0.86149;2;T;True;2
1621219167000;11485589;0.86143;0.86155;0.86149;0;T;True;2
1621219168000;11485591;0.86143;0.86155;0.86149;1;T;True;2
1621219169000;11485592;0.86143;0.86155;0.86149;0;T;True;2
1621219170000;11485593;0.86143;0.86155;0.86149;0;T;True;2
1621219171000;11485594;0.86143;0.86155;0.86149;0;T;True;2
1621219172000;11485596;0.86143;0.86155;0.86149;1;T;True;2
1621219173000;11485597;0.86143;0.86155;0.86149;0;T;True;2
1621219174000;11485598;0.86143;0.86155;0.86149;0;T;True;2
1621219175000;11485599;0.86143;0.86155;0.86149;0;T;True;2
1621219176000;11485600;0.86143;0.86155;0.86149;0;T;True;2
1621219177000;11485601;0.86143;0.86155;0.86149;0;T;True;2
1621219178000;11485602;0.86143;0.86155;0.86149;0;T;True;2
1621219179000;11485603;0.86143;0.86155;0.86149;0;T;True;2
1621219180000;11485604;0.86143;0.86155;0.86149;0;T;True;2
1621219181000;11485605;0.86143;0.86155;0.86149;0;T;True;2
1621219182000;11485606;0.86143;0.86155;0.86149;0;T;True;2
1621219183000;11485607;0.86143;0.86155;0.86149;0;T;True;2
1621219184000;11485608;0.86143;0.86155;0.86149;0;T;True;2
1621219185000;11485609;0.86143;0.86155;0.86149;0;T;True;2
1621219186000;11485610;0.86143;0.86155;0.86149;0;T;True;2
1621219187000;11485615;0.86147;0.86159;0.86153;4;T;True;2
1621219188000;11485617;0.86147;0.86159;0.86153;1;T;True;2
1621219189000;11485618;0.86147;0.86159;0.86153;0;T;True;2
1621219190000;11485619;0.86147;0.86159;0.86153;0;T;True;2
1621219191000;11485620;0.86147;0.86159;0.86153;0;T;True;2
1621219192000;11485621;0.86147;0.86159;0.86153;0;T;True;2
1621219193000;11485622;0.86147;0.86159;0.86153;0;T;True;2
1621219194000;11485624;0.86145;0.86157;0.86151;1;T;True;2
1621219195000;11485625;0.86145;0.86157;0.86151;0;T;True;2
1621219196000;11485626;0.86145;0.86157;0.86151;0;T;True;2
1621219197000;11485629;0.86147;0.86159;0.86153;2;T;True;2
1621219198000;11485630;0.86147;0.86159;0.86153;0;T;True;2
1621219199000;11485631;0.86147;0.86159;0.86153;0;T;True;2
1621219200000;11485632;0.86147;0.86159;0.86153;0;T;True;2
1621219201000;11485633;0.86147;0.86159;0.86153;0;T;True;2
1621219202000;11485634;0.86147;0.86159;0.86153;0;T;True;2
1621219203000;11485636;0.86147;0.86159;0.86153;1;T;True;2
1621219204000;11485637;0.86147;0.86159;0.86153;0;T;True;2
1621219205000;11485638;0.86147;0.86159;0.86153;0;T;True;2
1621219206000;11485641;0.86147;0.86159;0.86153;2;T;True;2
1621219207000;11485642;0.86147;0.86159;0.86153;0;T;True;2
1621219208000;11485643;0.86147;0.86159;0.86153;0;T;True;2
1621219209000;11485644;0.86147;0.86159;0.86153;0;T;True;2
1621219210000;11485645;0.86147;0.86159;0.86153;0;T;True;2
1621219211000;11485646;0.86147;0.86159;0.86153;0;T;True;2
1621219212000;11485647;0.86147;0.86159;0.86153;0;T;True;2
1621219213000;11485648;0.86147;0.86159;0.86153;0;T;True;2
1621219214000;11485649;0.86147;0.86159;0.86153;0;T;True;2
1621219215000;11485650;0.86147;0.86159;0.86153;0;T;True;2
1621219216000;11485651;0.86147;0.86159;0.86153;0;T;True;2
1621219217000;11485652;0.86147;0.86159;0.86153;0;T;True;2
1621219218000;11485653;0.86147;0.86159;0.86153;0;T;True;2
1621219219000;11485656;0.86147;0.86159;0.86153;2;T;True;2
1621219220000;11485657;0.86147;0.86159;0.86153;0;T;True;2
1621219221000;11485660;0.86147;0.86159;0.86153;2;T;True;2
1621219222000;11485661;0.86147;0.86159;0.86153;0;T;True;2
1621219223000;11485662;0.86147;0.86159;0.86153;0;T;True;2
1621219224000;11485663;0.86147;0.86159;0.86153;0;T;True;2
1621219225000;11485664;0.86147;0.86159;0.86153;0;T;True;2
1621219226000;11485665;0.86147;0.86159;0.86153;0;T;True;2
1621219227000;11485666;0.86147;0.86159;0.86153;0;T;True;2
1621219228000;11485667;0.86147;0.86159;0.86153;0;T;True;2
1621219229000;11485668;0.86147;0.86159;0.86153;0;T;True;2
1621219230000;11485672;0.86146;0.86158;0.86152;3;T;True;2
1621219231000;11485673;0.86146;0.86158;0.86152;0;T;True;2
1621219232000;11485675;0.86145;0.86157;0.86151;1;T;True;2
1621219233000;11485676;0.86145;0.86157;0.86151;0;T;True;2
1621219234000;11485677;0.86145;0.86157;0.86151;0;T;True;2
1621219235000;11485678;0.86145;0.86157;0.86151;0;T;True;2
1621219236000;11485679;0.86145;0.86157;0.86151;0;T;True;2
1621219237000;11485680;0.86145;0.86157;0.86151;0;T;True;2
1621219238000;11485681;0.86145;0.86157;0.86151;0;T;True;2
1621219239000;11485682;0.86145;0.86157;0.86151;0;T;True;2
1621219240000;11485683;0.86145;0.86157;0.86151;0;T;True;2
1621219241000;11485684;0.86145;0.86157;0.86151;0;T;True;2
1621219242000;11485685;0.86145;0.86157;0.86151;0;T;True;2
1621219243000;11485686;0.86145;0.86157;0.86151;0;T;True;2
1621219244000;11485687;0.86145;0.86157;0.86151;0;T;True;2
1621219245000;11485688;0.86145;0.86157;0.86151;0;T;True;2
1621219246000;11485690;0.86145;0.86157;0.86151;1;T;True;2
1621219247000;11485691;0.86145;0.86157;0.86151;0;T;True;2
1621219248000;11485692;0.86145;0.86157;0.86151;0;T;True;2
1621219249000;11485693;0.86145;0.86157;0.86151;0;T;True;2
1621219250000;11485694;0.86145;0.86157;0.86151;0;T;True;2
1621219251000;11485695;0.86145;0.86157;0.86151;0;T;True;2
1621219252000;11485696;0.86145;0.86157;0.86151;0;T;True;2
1621219253000;11485697;0.86145;0.86157;0.86151;0;T;True;2
1621219254000;11485698;0.86145;0.86157;0.86151;0;T;True;2
1621219255000;11485699;0.86145;0.86157;0.86151;0;T;True;2
1621219256000;11485703;0.86146;0.86158;0.86152;3;T;True;2
1621219257000;11485705;0.86146;0.86158;0.86152;1;T;True;2
1621219258000;11485706;0.86146;0.86158;0.86152;0;T;True;2
1621219259000;11485707;0.86146;0.86158;0.86152;0;T;True;2
1621219260000;11485708;0.86146;0.86158;0.86152;0;T;True;2
1621219261000;11485709;0.86146;0.86158;0.86152;0;T;True;2
1621219262000;11485710;0.86146;0.86158;0.86152;0;T;True;2
1621219263000;11485711;0.86146;0.86158;0.86152;0;T;True;2
1621219264000;11485714;0.86147;0.86159;0.86153;2;T;True;2
1621219265000;11485715;0.86147;0.86159;0.86153;0;T;True;2
1621219266000;11485716;0.86147;0.86159;0.86153;0;T;True;2
1621219267000;11485717;0.86147;0.86159;0.86153;0;T;True;2
1621219268000;11485718;0.86147;0.86159;0.86153;0;T;True;2
1621219269000;11485719;0.86147;0.86159;0.86153;0;T;True;2
1621219270000;11485720;0.86147;0.86159;0.86153;0;T;True;2
1621219271000;11485722;0.86146;0.86158;0.86152;1;T;True;2
1621219272000;11485723;0.86146;0.86158;0.86152;0;T;True;2
1621219273000;11485724;0.86146;0.86158;0.86152;0;T;True;2
1621219274000;11485725;0.86146;0.86158;0.86152;0;T;True;2
1621219275000;11485726;0.86146;0.86158;0.86152;0;T;True;2
1621219276000;11485727;0.86146;0.86158;0.86152;0;T;True;2
1621219277000;11485728;0.86146;0.86158;0.86152;0;T;True;2
1621219278000;11485729;0.86146;0.86158;0.86152;0;T;True;2
1621219279000;11485730;0.86146;0.86158;0.86152;0;T;True;2
1621219280000;11485731;0.86146;0.86158;0.86152;0;T;True;2
1621219281000;11485732;0.86146;0.86158;0.86152;0;T;True;2
1621219282000;11485733;0.86146;0.86158;0.86152;0;T;True;2
1621219283000;11485734;0.86146;0.86158;0.86152;0;T;True;2
1621219284000;11485735;0.86146;0.86158;0.86152;0;T;True;2
1621219285000;11485736;0.86146;0.86158;0.86152;0;T;True;2
1621219286000;11485737;0.86146;0.86158;0.86152;0;T;True;2
1621219287000;11485738;0.86146;0.86158;0.86152;0;T;True;2
1621219288000;11485739;0.86146;0.86158;0.86152;0;T;True;2
1621219289000;11485740;0.86146;0.86158;0.86152;0;T;True;2
1621219290000;11485741;0.86146;0.86158;0.86152;0;T;True;2
1621219291000;11485742;0.86146;0.86158;0.86152;0;T;True;2
1621219292000;11485743;0.86146;0.86158;0.86152;0;T;True;2
1621219293000;11485744;0.86146;0.86158;0.86152;0;T;True;2
1621219294000;11485745;0.86146;0.86158;0.86152;0;T;True;2
1621219295000;11485746;0.86146;0.86158;0.86152;0;T;True;2
1621219296000;11485747;0.86146;0.86158;0.86152;0;T;True;2
1621219297000;11485748;0.86146;0.86158;0.86152;0;T;True;2
1621219298000;11485749;0.86146;0.86158;0.86152;0;T;True;2
1621219299000;11485750;0.86146;0.86158;0.86152;0;T;True;2
1621219300000;11485751;0.86146;0.86158;0.86152;0;T;True;2
1621219301000;11485752;0.86146;0.86158;0.86152;0;T;True;2
1621219302000;11485753;0.86146;0.86158;0.86152;0;T;True;2
1621219303000;11485754;0.86146;0.86158;0.86152;0;T;True;2
1621219304000;11485755;0.86146;0.86158;0.86152;0;T;True;2
1621219305000;11485756;0.86146;0.86158;0.86152;0;T;True;2
1621219306000;11485759;0.86146;0.86158;0.86152;2;T;True;2
1621219307000;11485760;0.86146;0.86158;0.86152;0;T;True;2
1621219308000;11485761;0.86146;0.86158;0.86152;0;T;True;2
1621219309000;11485762;0.86146;0.86158;0.86152;0;T;True;2
1621219310000;11485763;0.86146;0.86158;0.86152;0;T;True;2
1621219311000;11485765;0.86147;0.86159;0.86153;1;T;True;2
1621219312000;11485766;0.86147;0.86159;0.86153;0;T;True;2
1621219313000;11485768;0.86147;0.86159;0.86153;1;T;True;2
1621219314000;11485769;0.86147;0.86159;0.86153;0;T;True;2
1621219315000;11485772;0.86147;0.86159;0.86153;2;T;True;2
1621219316000;11485774;0.86147;0.86159;0.86153;1;T;True;2
1621219317000;11485775;0.86147;0.86159;0.86153;0;T;True;2
1621219318000;11485776;0.86147;0.86159;0.86153;0;T;True;2
1621219319000;11485778;0.86147;0.86159;0.86153;1;T;True;2
1621219320000;11485779;0.86147;0.86159;0.86153;0;T;True;2
1621219321000;11485780;0.86147;0.86159;0.86153;0;T;True;2
1621219322000;11485781;0.86147;0.86159;0.86153;0;T;True;2
1621219323000;11485782;0.86147;0.86159;0.86153;0;T;True;2
1621219324000;11485783;0.86147;0.86159;0.86153;0;T;True;2
1621219325000;11485785;0.86148;0.8616;0.86154;1;T;True;2
1621219326000;11485787;0.86147;0.86159;0.86153;1;T;True;2
1621219327000;11485789;0.86148;0.8616;0.86154;1;T;True;2
1621219328000;11485790;0.86148;0.8616;0.86154;0;T;True;2
1621219329000;11485791;0.86148;0.8616;0.86154;0;T;True;2
1621219330000;11485792;0.86148;0.8616;0.86154;0;T;True;2
1621219331000;11485793;0.86148;0.8616;0.86154;0;T;True;2
1621219332000;11485796;0.86149;0.86161;0.86155;2;T;True;2
1621219333000;11485798;0.86149;0.86161;0.86155;1;T;True;2
1621219334000;11485799;0.86149;0.86161;0.86155;0;T;True;2
1621219335000;11485800;0.86149;0.86161;0.86155;0;T;True;2
1621219336000;11485802;0.86149;0.86161;0.86155;1;T;True;2
1621219337000;11485803;0.86149;0.86161;0.86155;0;T;True;2
1621219338000;11485804;0.86149;0.86161;0.86155;0;T;True;2
1621219339000;11485805;0.86149;0.86161;0.86155;0;T;True;2
1621219340000;11485806;0.86149;0.86161;0.86155;0;T;True;2
1621219341000;11485807;0.86149;0.86161;0.86155;0;T;True;2
1621219342000;11485809;0.86149;0.86161;0.86155;1;T;True;2
1621219343000;11485810;0.86149;0.86161;0.86155;0;T;True;2
1621219344000;11485811;0.86149;0.86161;0.86155;0;T;True;2
1621219345000;11485812;0.86149;0.86161;0.86155;0;T;True;2
1621219346000;11485813;0.86149;0.86161;0.86155;0;T;True;2
1621219347000;11485814;0.86149;0.86161;0.86155;0;T;True;2
1621219348000;11485815;0.86149;0.86161;0.86155;0;T;True;2
1621219349000;11485816;0.86149;0.86161;0.86155;0;T;True;2
1621219350000;11485819;0.86148;0.8616;0.86154;2;T;True;2
1621219351000;11485820;0.86148;0.8616;0.86154;0;T;True;2
1621219352000;11485821;0.86148;0.8616;0.86154;0;T;True;2
1621219353000;11485822;0.86148;0.8616;0.86154;0;T;True;2
1621219354000;11485823;0.86148;0.8616;0.86154;0;T;True;2
1621219355000;11485824;0.86148;0.8616;0.86154;0;T;True;2
1621219356000;11485825;0.86148;0.8616;0.86154;0;T;True;2
1621219357000;11485826;0.86148;0.8616;0.86154;0;T;True;2
1621219358000;11485827;0.86148;0.8616;0.86154;0;T;True;2
1621219359000;11485828;0.86148;0.8616;0.86154;0;T;True;2
1621219360000;11485829;0.86148;0.8616;0.86154;0;T;True;2
1621219361000;11485830;0.86148;0.8616;0.86154;0;T;True;2
1621219362000;11485832;0.86147;0.86159;0.86153;1;T;True;2
1621219363000;11485833;0.86147;0.86159;0.86153;0;T;True;2
1621219364000;11485834;0.86147;0.86159;0.86153;0;T;True;2
1621219365000;11485835;0.86147;0.86159;0.86153;0;T;True;2
1621219366000;11485836;0.86147;0.86159;0.86153;0;T;True;2
1621219367000;11485837;0.86147;0.86159;0.86153;0;T;True;2
1621219368000;11485838;0.86147;0.86159;0.86153;0;T;True;2
1621219369000;11485839;0.86147;0.86159;0.86153;0;T;True;2
1621219370000;11485840;0.86147;0.86159;0.86153;0;T;True;2
1621219371000;11485841;0.86147;0.86159;0.86153;0;T;True;2
1621219372000;11485842;0.86147;0.86159;0.86153;0;T;True;2
1621219373000;11485843;0.86147;0.86159;0.86153;0;T;True;2
1621219374000;11485844;0.86147;0.86159;0.86153;0;T;True;2
1621219375000;11485845;0.86147;0.86159;0.86153;0;T;True;2
1621219376000;11485846;0.86147;0.86159;0.86153;0;T;True;2
1621219377000;11485847;0.86147;0.86159;0.86153;0;T;True;2
1621219378000;11485848;0.86147;0.86159;0.86153;0;T;True;2
1621219379000;11485849;0.86147;0.86159;0.86153;0;T;True;2
1621219380000;11485850;0.86147;0.86159;0.86153;0;T;True;2
1621219381000;11485851;0.86147;0.86159;0.86153;0;T;True;2
1621219382000;11485852;0.86147;0.86159;0.86153;0;T;True;2
1621219383000;11485853;0.86147;0.86159;0.86153;0;T;True;2
1621219384000;11485854;0.86147;0.86159;0.86153;0;T;True;2
1621219385000;11485855;0.86147;0.86159;0.86153;0;T;True;2
1621219386000;11485856;0.86147;0.86159;0.86153;0;T;True;2
1621219387000;11485857;0.86147;0.86159;0.86153;0;T;True;2
1621219388000;11485858;0.86147;0.86159;0.86153;0;T;True;2
1621219389000;11485859;0.86147;0.86159;0.86153;0;T;True;2
1621219390000;11485860;0.86147;0.86159;0.86153;0;T;True;2
1621219391000;11485861;0.86147;0.86159;0.86153;0;T;True;2
1621219392000;11485862;0.86147;0.86159;0.86153;0;T;True;2
1621219393000;11485863;0.86147;0.86159;0.86153;0;T;True;2
1621219394000;11485864;0.86147;0.86159;0.86153;0;T;True;2
1621219395000;11485865;0.86147;0.86159;0.86153;0;T;True;2
1621219396000;11485866;0.86147;0.86159;0.86153;0;T;True;2
1621219397000;11485867;0.86147;0.86159;0.86153;0;T;True;2
1621219398000;11485868;0.86147;0.86159;0.86153;0;T;True;2
1621219399000;11485869;0.86147;0.86159;0.86153;0;T;True;2
1621219400000;11485870;0.86147;0.86159;0.86153;0;T;True;2
1621219401000;11485871;0.86147;0.86159;0.86153;0;T;True;2
1621219402000;11485872;0.86147;0.86159;0.86153;0;T;True;2
1621219403000;11485873;0.86147;0.86159;0.86153;0;T;True;2
1621219404000;11485874;0.86147;0.86159;0.86153;0;T;True;2
1621219405000;11485875;0.86147;0.86159;0.86153;0;T;True;2
1621219406000;11485876;0.86147;0.86159;0.86153;0;T;True;2
1621219407000;11485877;0.86147;0.86159;0.86153;0;T;True;2
1621219408000;11485878;0.86147;0.86159;0.86153;0;T;True;2
1621219409000;11485879;0.86147;0.86159;0.86153;0;T;True;2
1621219410000;11485880;0.86147;0.86159;0.86153;0;T;True;2
1621219411000;11485881;0.86147;0.86159;0.86153;0;T;True;2
1621219412000;11485882;0.86147;0.86159;0.86153;0;T;True;2
1621219413000;11485883;0.86147;0.86159;0.86153;0;T;True;2
1621219414000;11485884;0.86147;0.86159;0.86153;0;T;True;2
1621219415000;11485885;0.86147;0.86159;0.86153;0;T;True;2
1621219416000;11485887;0.86148;0.8616;0.86154;1;T;True;2
1621219417000;11485889;0.86149;0.86161;0.86155;1;T;True;2
1621219418000;11485890;0.86149;0.86161;0.86155;0;T;True;2
1621219419000;11485891;0.86149;0.86161;0.86155;0;T;True;2
1621219420000;11485898;0.86149;0.86161;0.86155;6;T;True;2
1621219421000;11485899;0.86149;0.86161;0.86155;0;T;True;2
1621219422000;11485900;0.86149;0.86161;0.86155;0;T;True;2
1621219423000;11485903;0.86149;0.86161;0.86155;2;T;True;2
1621219424000;11485904;0.86149;0.86161;0.86155;0;T;True;2
1621219425000;11485906;0.86149;0.86161;0.86155;1;T;True;2
1621219426000;11485908;0.86149;0.86161;0.86155;1;T;True;2
1621219427000;11485909;0.86149;0.86161;0.86155;0;T;True;2
1621219428000;11485911;0.86149;0.86161;0.86155;1;T;True;2
1621219429000;11485912;0.86149;0.86161;0.86155;0;T;True;2
1621219430000;11485914;0.86149;0.86161;0.86155;1;T;True;2
1621219431000;11485915;0.86149;0.86161;0.86155;0;T;True;2
1621219432000;11485916;0.86149;0.86161;0.86155;0;T;True;2
1621219433000;11485917;0.86149;0.86161;0.86155;0;T;True;2
1621219434000;11485918;0.86149;0.86161;0.86155;0;T;True;2
1621219435000;11485919;0.86149;0.86161;0.86155;0;T;True;2
1621219436000;11485920;0.86149;0.86161;0.86155;0;T;True;2
1621219437000;11485921;0.86149;0.86161;0.86155;0;T;True;2
1621219438000;11485922;0.86149;0.86161;0.86155;0;T;True;2
1621219439000;11485923;0.86149;0.86161;0.86155;0;T;True;2
1621219440000;11485924;0.86149;0.86161;0.86155;0;T;True;2
1621219441000;11485928;0.86149;0.86161;0.86155;3;T;True;2
1621219442000;11485929;0.86149;0.86161;0.86155;0;T;True;2
1621219443000;11485931;0.86148;0.8616;0.86154;1;T;True;2
1621219444000;11485933;0.86147;0.86159;0.86153;1;T;True;2
1621219445000;11485935;0.86147;0.86159;0.86153;1;T;True;2
1621219446000;11485936;0.86147;0.86159;0.86153;0;T;True;2
1621219447000;11485937;0.86147;0.86159;0.86153;0;T;True;2
1621219448000;11485938;0.86147;0.86159;0.86153;0;T;True;2
1621219449000;11485939;0.86147;0.86159;0.86153;0;T;True;2
1621219450000;11485940;0.86147;0.86159;0.86153;0;T;True;2
1621219451000;11485941;0.86147;0.86159;0.86153;0;T;True;2
1621219452000;11485942;0.86147;0.86159;0.86153;0;T;True;2
1621219453000;11485943;0.86147;0.86159;0.86153;0;T;True;2
1621219454000;11485944;0.86147;0.86159;0.86153;0;T;True;2
1621219455000;11485945;0.86147;0.86159;0.86153;0;T;True;2
1621219456000;11485946;0.86147;0.86159;0.86153;0;T;True;2
1621219457000;11485948;0.86145;0.86157;0.86151;1;T;True;2
1621219458000;11485949;0.86145;0.86157;0.86151;0;T;True;2
1621219459000;11485950;0.86145;0.86157;0.86151;0;T;True;2
1621219460000;11485952;0.86145;0.86157;0.86151;1;T;True;2
1621219461000;11485953;0.86145;0.86157;0.86151;0;T;True;2
1621219462000;11485954;0.86145;0.86157;0.86151;0;T;True;2
1621219463000;11485955;0.86145;0.86157;0.86151;0;T;True;2
1621219464000;11485956;0.86145;0.86157;0.86151;0;T;True;2
1621219465000;11485958;0.86144;0.86156;0.8615;1;T;True;2
1621219466000;11485959;0.86144;0.86156;0.8615;0;T;True;2
1621219467000;11485960;0.86144;0.86156;0.8615;0;T;True;2
1621219468000;11485961;0.86144;0.86156;0.8615;0;T;True;2
1621219469000;11485962;0.86144;0.86156;0.8615;0;T;True;2
1621219470000;11485963;0.86144;0.86156;0.8615;0;T;True;2
1621219471000;11485964;0.86144;0.86156;0.8615;0;T;True;2
1621219472000;11485965;0.86144;0.86156;0.8615;0;T;True;2
1621219473000;11485966;0.86144;0.86156;0.8615;0;T;True;2
1621219474000;11485967;0.86144;0.86156;0.8615;0;T;True;2
1621219475000;11485968;0.86144;0.86156;0.8615;0;T;True;2
1621219476000;11485969;0.86144;0.86156;0.8615;0;T;True;2
1621219477000;11485970;0.86144;0.86156;0.8615;0;T;True;2
1621219478000;11485971;0.86144;0.86156;0.8615;0;T;True;2
1621219479000;11485972;0.86144;0.86156;0.8615;0;T;True;2
1621219480000;11485975;0.86144;0.86156;0.8615;2;T;True;2
1621219481000;11485976;0.86144;0.86156;0.8615;0;T;True;2
1621219482000;11485977;0.86144;0.86156;0.8615;0;T;True;2
1621219483000;11485978;0.86144;0.86156;0.8615;0;T;True;2
1621219484000;11485982;0.86147;0.86159;0.86153;3;T;True;2
1621219485000;11485985;0.86147;0.86159;0.86153;2;T;True;2
1621219486000;11485986;0.86147;0.86159;0.86153;0;T;True;2
1621219487000;11485988;0.86146;0.86158;0.86152;1;T;True;2
1621219488000;11485989;0.86146;0.86158;0.86152;0;T;True;2
1621219489000;11485990;0.86146;0.86158;0.86152;0;T;True;2
1621219490000;11485991;0.86146;0.86158;0.86152;0;T;True;2
1621219491000;11485992;0.86146;0.86158;0.86152;0;T;True;2
1621219492000;11485994;0.86145;0.86157;0.86151;1;T;True;2
1621219493000;11485996;0.86145;0.86157;0.86151;1;T;True;2
1621219494000;11485997;0.86145;0.86157;0.86151;0;T;True;2
1621219495000;11485998;0.86145;0.86157;0.86151;0;T;True;2
1621219496000;11485999;0.86145;0.86157;0.86151;0;T;True;2
1621219497000;11486000;0.86145;0.86157;0.86151;0;T;True;2
1621219498000;11486004;0.86143;0.86155;0.86149;3;T;True;2
1621219499000;11486006;0.86143;0.86155;0.86149;1;T;True;2
1621219500000;11486008;0.86143;0.86155;0.86149;1;T;True;2
1621219501000;11486009;0.86143;0.86155;0.86149;0;T;True;2
1621219502000;11486010;0.86143;0.86155;0.86149;0;T;True;2
1621219503000;11486011;0.86143;0.86155;0.86149;0;T;True;2
1621219504000;11486012;0.86143;0.86155;0.86149;0;T;True;2
1621219505000;11486016;0.86145;0.86157;0.86151;3;T;True;2
1621219506000;11486017;0.86145;0.86157;0.86151;0;T;True;2
1621219507000;11486018;0.86145;0.86157;0.86151;0;T;True;2
1621219508000;11486019;0.86145;0.86157;0.86151;0;T;True;2
1621219509000;11486020;0.86145;0.86157;0.86151;0;T;True;2
1621219510000;11486021;0.86145;0.86157;0.86151;0;T;True;2
1621219511000;11486022;0.86145;0.86157;0.86151;0;T;True;2
1621219512000;11486023;0.86145;0.86157;0.86151;0;T;True;2
1621219513000;11486024;0.86145;0.86157;0.86151;0;T;True;2
1621219514000;11486025;0.86145;0.86157;0.86151;0;T;True;2
1621219515000;11486026;0.86145;0.86157;0.86151;0;T;True;2
1621219516000;11486027;0.86145;0.86157;0.86151;0;T;True;2
1621219517000;11486028;0.86145;0.86157;0.86151;0;T;True;2
1621219518000;11486029;0.86145;0.86157;0.86151;0;T;True;2
1621219519000;11486030;0.86145;0.86157;0.86151;0;T;True;2
1621219520000;11486031;0.86145;0.86157;0.86151;0;T;True;2
1621219521000;11486032;0.86145;0.86157;0.86151;0;T;True;2
1621219522000;11486033;0.86145;0.86157;0.86151;0;T;True;2
1621219523000;11486034;0.86145;0.86157;0.86151;0;T;True;2
1621219524000;11486035;0.86145;0.86157;0.86151;0;T;True;2
1621219525000;11486037;0.86144;0.86156;0.8615;1;T;True;2
1621219526000;11486038;0.86144;0.86156;0.8615;0;T;True;2
1621219527000;11486039;0.86144;0.86156;0.8615;0;T;True;2
1621219528000;11486040;0.86144;0.86156;0.8615;0;T;True;2
1621219529000;11486041;0.86144;0.86156;0.8615;0;T;True;2
1621219530000;11486042;0.86144;0.86156;0.8615;0;T;True;2
1621219531000;11486043;0.86144;0.86156;0.8615;0;T;True;2
1621219532000;11486044;0.86144;0.86156;0.8615;0;T;True;2
1621219533000;11486045;0.86144;0.86156;0.8615;0;T;True;2
1621219534000;11486046;0.86144;0.86156;0.8615;0;T;True;2
1621219535000;11486047;0.86144;0.86156;0.8615;0;T;True;2
1621219536000;11486049;0.86145;0.86157;0.86151;1;T;True;2
1621219537000;11486051;0.86145;0.86157;0.86151;1;T;True;2
1621219538000;11486052;0.86145;0.86157;0.86151;0;T;True;2
1621219539000;11486053;0.86145;0.86157;0.86151;0;T;True;2
1621219540000;11486054;0.86145;0.86157;0.86151;0;T;True;2
1621219541000;11486055;0.86145;0.86157;0.86151;0;T;True;2
1621219542000;11486056;0.86145;0.86157;0.86151;0;T;True;2
1621219543000;11486057;0.86145;0.86157;0.86151;0;T;True;2
1621219544000;11486058;0.86145;0.86157;0.86151;0;T;True;2
1621219545000;11486059;0.86145;0.86157;0.86151;0;T;True;2
1621219546000;11486060;0.86145;0.86157;0.86151;0;T;True;2
1621219547000;11486061;0.86145;0.86157;0.86151;0;T;True;2
1621219548000;11486062;0.86145;0.86157;0.86151;0;T;True;2
1621219549000;11486063;0.86145;0.86157;0.86151;0;T;True;2
1621219550000;11486064;0.86145;0.86157;0.86151;0;T;True;2
1621219551000;11486065;0.86145;0.86157;0.86151;0;T;True;2
1621219552000;11486066;0.86145;0.86157;0.86151;0;T;True;2
1621219553000;11486067;0.86145;0.86157;0.86151;0;T;True;2
1621219554000;11486068;0.86145;0.86157;0.86151;0;T;True;2
1621219555000;11486069;0.86145;0.86157;0.86151;0;T;True;2
1621219556000;11486070;0.86145;0.86157;0.86151;0;T;True;2
1621219557000;11486071;0.86145;0.86157;0.86151;0;T;True;2
1621219558000;11486072;0.86145;0.86157;0.86151;0;T;True;2
1621219559000;11486073;0.86145;0.86157;0.86151;0;T;True;2
1621219560000;11486074;0.86145;0.86157;0.86151;0;T;True;2
1621219561000;11486075;0.86145;0.86157;0.86151;0;T;True;2
1621219562000;11486076;0.86145;0.86157;0.86151;0;T;True;2
1621219563000;11486077;0.86145;0.86157;0.86151;0;T;True;2
1621219564000;11486079;0.86145;0.86157;0.86151;1;T;True;2
1621219565000;11486080;0.86145;0.86157;0.86151;0;T;True;2
1621219566000;11486081;0.86145;0.86157;0.86151;0;T;True;2
1621219567000;11486082;0.86145;0.86157;0.86151;0;T;True;2
1621219568000;11486083;0.86145;0.86157;0.86151;0;T;True;2
1621219569000;11486084;0.86145;0.86157;0.86151;0;T;True;2
1621219570000;11486085;0.86145;0.86157;0.86151;0;T;True;2
1621219571000;11486086;0.86145;0.86157;0.86151;0;T;True;2
1621219572000;11486087;0.86145;0.86157;0.86151;0;T;True;2
1621219573000;11486088;0.86145;0.86157;0.86151;0;T;True;2
1621219574000;11486089;0.86145;0.86157;0.86151;0;T;True;2
1621219575000;11486090;0.86145;0.86157;0.86151;0;T;True;2
1621219576000;11486091;0.86145;0.86157;0.86151;0;T;True;2
1621219577000;11486092;0.86145;0.86157;0.86151;0;T;True;2
1621219578000;11486093;0.86145;0.86157;0.86151;0;T;True;2
1621219579000;11486094;0.86145;0.86157;0.86151;0;T;True;2
1621219580000;11486096;0.86143;0.86155;0.86149;1;T;True;2
1621219581000;11486097;0.86143;0.86155;0.86149;0;T;True;2
1621219582000;11486098;0.86143;0.86155;0.86149;0;T;True;2
1621219583000;11486099;0.86143;0.86155;0.86149;0;T;True;2
1621219584000;11486100;0.86143;0.86155;0.86149;0;T;True;2
1621219585000;11486101;0.86143;0.86155;0.86149;0;T;True;2
1621219586000;11486102;0.86143;0.86155;0.86149;0;T;True;2
1621219587000;11486103;0.86143;0.86155;0.86149;0;T;True;2
1621219588000;11486104;0.86143;0.86155;0.86149;0;T;True;2
1621219589000;11486105;0.86143;0.86155;0.86149;0;T;True;2
1621219590000;11486106;0.86143;0.86155;0.86149;0;T;True;2
1621219591000;11486107;0.86143;0.86155;0.86149;0;T;True;2
1621219592000;11486108;0.86143;0.86155;0.86149;0;T;True;2
1621219593000;11486109;0.86143;0.86155;0.86149;0;T;True;2
1621219594000;11486110;0.86143;0.86155;0.86149;0;T;True;2
1621219595000;11486113;0.86143;0.86155;0.86149;2;T;True;2
1621219596000;11486114;0.86143;0.86155;0.86149;0;T;True;2
1621219597000;11486115;0.86143;0.86155;0.86149;0;T;True;2
1621219598000;11486116;0.86143;0.86155;0.86149;0;T;True;2
1621219599000;11486117;0.86143;0.86155;0.86149;0;T;True;2
1621219600000;11486118;0.86143;0.86155;0.86149;0;T;True;2
1621219601000;11486119;0.86143;0.86155;0.86149;0;T;True;2
1621219602000;11486121;0.86141;0.86153;0.86147;1;T;True;2
1621219603000;11486122;0.86141;0.86153;0.86147;0;T;True;2
1621219604000;11486123;0.86141;0.86153;0.86147;0;T;True;2
1621219605000;11486124;0.86141;0.86153;0.86147;0;T;True;2
1621219606000;11486125;0.86141;0.86153;0.86147;0;T;True;2
1621219607000;11486126;0.86141;0.86153;0.86147;0;T;True;2
1621219608000;11486127;0.86141;0.86153;0.86147;0;T;True;2
1621219609000;11486128;0.86141;0.86153;0.86147;0;T;True;2
1621219610000;11486129;0.86141;0.86153;0.86147;0;T;True;2
1621219611000;11486130;0.86141;0.86153;0.86147;0;T;True;2
1621219612000;11486131;0.86141;0.86153;0.86147;0;T;True;2
1621219613000;11486132;0.86141;0.86153;0.86147;0;T;True;2
1621219614000;11486133;0.86141;0.86153;0.86147;0;T;True;2
1621219615000;11486134;0.86141;0.86153;0.86147;0;T;True;2
1621219616000;11486137;0.86143;0.86155;0.86149;2;T;True;2
1621219617000;11486139;0.86142;0.86154;0.86148;1;T;True;2
1621219618000;11486141;0.86143;0.86155;0.86149;1;T;True;2
1621219619000;11486143;0.86144;0.86156;0.8615;1;T;True;2
1621219620000;11486144;0.86144;0.86156;0.8615;0;T;True;2
1621219621000;11486145;0.86144;0.86156;0.8615;0;T;True;2
1621219622000;11486148;0.86149;0.86161;0.86155;2;T;True;2
1621219623000;11486149;0.86149;0.86161;0.86155;0;T;True;2
1621219624000;11486150;0.86149;0.86161;0.86155;0;T;True;2
1621219625000;11486151;0.86149;0.86161;0.86155;0;T;True;2
1621219626000;11486152;0.86149;0.86161;0.86155;0;T;True;2
1621219627000;11486153;0.86149;0.86161;0.86155;0;T;True;2
1621219628000;11486154;0.86149;0.86161;0.86155;0;T;True;2
1621219629000;11486155;0.86149;0.86161;0.86155;0;T;True;2
1621219630000;11486156;0.86149;0.86161;0.86155;0;T;True;2
1621219631000;11486157;0.86149;0.86161;0.86155;0;T;True;2
1621219632000;11486158;0.86149;0.86161;0.86155;0;T;True;2
1621219633000;11486159;0.86149;0.86161;0.86155;0;T;True;2
1621219634000;11486160;0.86149;0.86161;0.86155;0;T;True;2
1621219635000;11486161;0.86149;0.86161;0.86155;0;T;True;2
1621219636000;11486162;0.86149;0.86161;0.86155;0;T;True;2
1621219637000;11486163;0.86149;0.86161;0.86155;0;T;True;2
1621219638000;11486164;0.86149;0.86161;0.86155;0;T;True;2
1621219639000;11486165;0.86149;0.86161;0.86155;0;T;True;2
1621219640000;11486166;0.86149;0.86161;0.86155;0;T;True;2
1621219641000;11486167;0.86149;0.86161;0.86155;0;T;True;2
1621219642000;11486168;0.86149;0.86161;0.86155;0;T;True;2
1621219643000;11486169;0.86149;0.86161;0.86155;0;T;True;2
1621219644000;11486170;0.86149;0.86161;0.86155;0;T;True;2
1621219645000;11486171;0.86149;0.86161;0.86155;0;T;True;2
1621219646000;11486172;0.86149;0.86161;0.86155;0;T;True;2
1621219647000;11486173;0.86149;0.86161;0.86155;0;T;True;2
1621219648000;11486174;0.86149;0.86161;0.86155;0;T;True;2
1621219649000;11486175;0.86149;0.86161;0.86155;0;T;True;2
1621219650000;11486176;0.86149;0.86161;0.86155;0;T;True;2
1621219651000;11486177;0.86149;0.86161;0.86155;0;T;True;2
1621219652000;11486180;0.86151;0.86163;0.86157;2;T;True;2
1621219653000;11486181;0.86151;0.86163;0.86157;0;T;True;2
1621219654000;11486183;0.8615;0.86162;0.86156;1;T;True;2
1621219655000;11486184;0.8615;0.86162;0.86156;0;T;True;2
1621219656000;11486185;0.8615;0.86162;0.86156;0;T;True;2
1621219657000;11486186;0.8615;0.86162;0.86156;0;T;True;2
1621219658000;11486187;0.8615;0.86162;0.86156;0;T;True;2
1621219659000;11486188;0.8615;0.86162;0.86156;0;T;True;2
1621219660000;11486189;0.8615;0.86162;0.86156;0;T;True;2
1621219661000;11486190;0.8615;0.86162;0.86156;0;T;True;2
1621219662000;11486191;0.8615;0.86162;0.86156;0;T;True;2
1621219663000;11486192;0.8615;0.86162;0.86156;0;T;True;2
1621219664000;11486193;0.8615;0.86162;0.86156;0;T;True;2
1621219665000;11486194;0.8615;0.86162;0.86156;0;T;True;2
1621219666000;11486195;0.8615;0.86162;0.86156;0;T;True;2
1621219667000;11486196;0.8615;0.86162;0.86156;0;T;True;2
1621219668000;11486197;0.8615;0.86162;0.86156;0;T;True;2
1621219669000;11486198;0.8615;0.86162;0.86156;0;T;True;2
1621219670000;11486199;0.8615;0.86162;0.86156;0;T;True;2
1621219671000;11486202;0.86151;0.86163;0.86157;2;T;True;2
1621219672000;11486203;0.86151;0.86163;0.86157;0;T;True;2
1621219673000;11486206;0.8615;0.86162;0.86156;2;T;True;2
1621219674000;11486208;0.86149;0.86161;0.86155;1;T;True;2
1621219675000;11486209;0.86149;0.86161;0.86155;0;T;True;2
1621219676000;11486210;0.86149;0.86161;0.86155;0;T;True;2
1621219677000;11486211;0.86149;0.86161;0.86155;0;T;True;2
1621219678000;11486212;0.86149;0.86161;0.86155;0;T;True;2
1621219679000;11486213;0.86149;0.86161;0.86155;0;T;True;2
1621219680000;11486214;0.86149;0.86161;0.86155;0;T;True;2
1621219681000;11486215;0.86149;0.86161;0.86155;0;T;True;2
1621219682000;11486216;0.86149;0.86161;0.86155;0;T;True;2
1621219683000;11486217;0.86149;0.86161;0.86155;0;T;True;2
1621219684000;11486218;0.86149;0.86161;0.86155;0;T;True;2
1621219685000;11486219;0.86149;0.86161;0.86155;0;T;True;2
1621219686000;11486223;0.86147;0.86159;0.86153;3;T;True;2
1621219687000;11486224;0.86147;0.86159;0.86153;0;T;True;2
1621219688000;11486225;0.86147;0.86159;0.86153;0;T;True;2
1621219689000;11486226;0.86147;0.86159;0.86153;0;T;True;2
1621219690000;11486227;0.86147;0.86159;0.86153;0;T;True;2
1621219691000;11486229;0.86147;0.86159;0.86153;1;T;True;2
1621219692000;11486230;0.86147;0.86159;0.86153;0;T;True;2
1621219693000;11486231;0.86147;0.86159;0.86153;0;T;True;2
1621219694000;11486232;0.86147;0.86159;0.86153;0;T;True;2
1621219695000;11486233;0.86147;0.86159;0.86153;0;T;True;2
1621219696000;11486234;0.86147;0.86159;0.86153;0;T;True;2
1621219697000;11486235;0.86147;0.86159;0.86153;0;T;True;2
1621219698000;11486236;0.86147;0.86159;0.86153;0;T;True;2
1621219699000;11486237;0.86147;0.86159;0.86153;0;T;True;2
1621219700000;11486238;0.86147;0.86159;0.86153;0;T;True;2
1621219701000;11486239;0.86147;0.86159;0.86153;0;T;True;2
1621219702000;11486240;0.86147;0.86159;0.86153;0;T;True;2
1621219703000;11486241;0.86147;0.86159;0.86153;0;T;True;2
1621219704000;11486242;0.86147;0.86159;0.86153;0;T;True;2
1621219705000;11486243;0.86147;0.86159;0.86153;0;T;True;2
1621219706000;11486244;0.86147;0.86159;0.86153;0;T;True;2
1621219707000;11486245;0.86147;0.86159;0.86153;0;T;True;2
1621219708000;11486246;0.86147;0.86159;0.86153;0;T;True;2
1621219709000;11486247;0.86147;0.86159;0.86153;0;T;True;2
1621219710000;11486248;0.86147;0.86159;0.86153;0;T;True;2
1621219711000;11486249;0.86147;0.86159;0.86153;0;T;True;2
1621219712000;11486250;0.86147;0.86159;0.86153;0;T;True;2
1621219713000;11486251;0.86147;0.86159;0.86153;0;T;True;2
1621219714000;11486252;0.86147;0.86159;0.86153;0;T;True;2
1621219715000;11486253;0.86147;0.86159;0.86153;0;T;True;2
1621219716000;11486254;0.86147;0.86159;0.86153;0;T;True;2
1621219717000;11486255;0.86147;0.86159;0.86153;0;T;True;2
1621219718000;11486256;0.86147;0.86159;0.86153;0;T;True;2
1621219719000;11486266;0.86149;0.86161;0.86155;9;T;True;2
1621219720000;11486271;0.86151;0.86163;0.86157;4;T;True;2
1621219721000;11486275;0.86152;0.86164;0.86158;3;T;True;2
1621219722000;11486276;0.86152;0.86164;0.86158;0;T;True;2
1621219723000;11486277;0.86152;0.86164;0.86158;0;T;True;2
1621219724000;11486278;0.86152;0.86164;0.86158;0;T;True;2
1621219725000;11486281;0.86152;0.86164;0.86158;2;T;True;2
1621219726000;11486282;0.86152;0.86164;0.86158;0;T;True;2
1621219727000;11486283;0.86152;0.86164;0.86158;0;T;True;2
1621219728000;11486284;0.86152;0.86164;0.86158;0;T;True;2
1621219729000;11486285;0.86152;0.86164;0.86158;0;T;True;2
1621219730000;11486286;0.86152;0.86164;0.86158;0;T;True;2
1621219731000;11486288;0.86152;0.86164;0.86158;1;T;True;2
1621219732000;11486289;0.86152;0.86164;0.86158;0;T;True;2
1621219733000;11486291;0.86151;0.86163;0.86157;1;T;True;2
1621219734000;11486302;0.86154;0.86166;0.8616;10;T;True;2
1621219735000;11486303;0.86154;0.86166;0.8616;0;T;True;2
1621219736000;11486304;0.86154;0.86166;0.8616;0;T;True;2
1621219737000;11486311;0.86153;0.86165;0.86159;6;T;True;2
1621219738000;11486312;0.86153;0.86165;0.86159;0;T;True;2
1621219739000;11486315;0.86155;0.86167;0.86161;2;T;True;2
1621219740000;11486317;0.86156;0.86168;0.86162;1;T;True;2
1621219741000;11486318;0.86156;0.86168;0.86162;0;T;True;2
1621219742000;11486319;0.86156;0.86168;0.86162;0;T;True;2
1621219743000;11486320;0.86156;0.86168;0.86162;0;T;True;2
1621219744000;11486321;0.86156;0.86168;0.86162;0;T;True;2
1621219745000;11486322;0.86156;0.86168;0.86162;0;T;True;2
1621219746000;11486323;0.86156;0.86168;0.86162;0;T;True;2
1621219747000;11486324;0.86156;0.86168;0.86162;0;T;True;2
1621219748000;11486325;0.86156;0.86168;0.86162;0;T;True;2
1621219749000;11486326;0.86156;0.86168;0.86162;0;T;True;2
1621219750000;11486327;0.86156;0.86168;0.86162;0;T;True;2
1621219751000;11486328;0.86156;0.86168;0.86162;0;T;True;2
1621219752000;11486329;0.86156;0.86168;0.86162;0;T;True;2
1621219753000;11486330;0.86156;0.86168;0.86162;0;T;True;2
1621219754000;11486331;0.86156;0.86168;0.86162;0;T;True;2
1621219755000;11486332;0.86156;0.86168;0.86162;0;T;True;2
1621219756000;11486333;0.86156;0.86168;0.86162;0;T;True;2
1621219757000;11486334;0.86156;0.86168;0.86162;0;T;True;2
1621219758000;11486336;0.86156;0.86168;0.86162;1;T;True;2
1621219759000;11486337;0.86156;0.86168;0.86162;0;T;True;2
1621219760000;11486338;0.86156;0.86168;0.86162;0;T;True;2
1621219761000;11486339;0.86156;0.86168;0.86162;0;T;True;2
1621219762000;11486340;0.86156;0.86168;0.86162;0;T;True;2
1621219763000;11486341;0.86156;0.86168;0.86162;0;T;True;2
1621219764000;11486342;0.86156;0.86168;0.86162;0;T;True;2
1621219765000;11486343;0.86156;0.86168;0.86162;0;T;True;2
1621219766000;11486344;0.86156;0.86168;0.86162;0;T;True;2
1621219767000;11486346;0.86156;0.86168;0.86162;1;T;True;2
1621219768000;11486347;0.86156;0.86168;0.86162;0;T;True;2
1621219769000;11486348;0.86156;0.86168;0.86162;0;T;True;2
1621219770000;11486349;0.86156;0.86168;0.86162;0;T;True;2
1621219771000;11486350;0.86156;0.86168;0.86162;0;T;True;2
1621219772000;11486351;0.86156;0.86168;0.86162;0;T;True;2
1621219773000;11486352;0.86156;0.86168;0.86162;0;T;True;2
1621219774000;11486353;0.86156;0.86168;0.86162;0;T;True;2
1621219775000;11486354;0.86156;0.86168;0.86162;0;T;True;2
1621219776000;11486355;0.86156;0.86168;0.86162;0;T;True;2
1621219777000;11486356;0.86156;0.86168;0.86162;0;T;True;2
1621219778000;11486357;0.86156;0.86168;0.86162;0;T;True;2
1621219779000;11486358;0.86156;0.86168;0.86162;0;T;True;2
1621219780000;11486359;0.86156;0.86168;0.86162;0;T;True;2
1621219781000;11486360;0.86156;0.86168;0.86162;0;T;True;2
1621219782000;11486361;0.86156;0.86168;0.86162;0;T;True;2
1621219783000;11486362;0.86156;0.86168;0.86162;0;T;True;2
1621219784000;11486363;0.86156;0.86168;0.86162;0;T;True;2
1621219785000;11486364;0.86156;0.86168;0.86162;0;T;True;2
1621219786000;11486365;0.86156;0.86168;0.86162;0;T;True;2
1621219787000;11486366;0.86156;0.86168;0.86162;0;T;True;2
1621219788000;11486367;0.86156;0.86168;0.86162;0;T;True;2
1621219789000;11486368;0.86156;0.86168;0.86162;0;T;True;2
1621219790000;11486369;0.86156;0.86168;0.86162;0;T;True;2
1621219791000;11486370;0.86156;0.86168;0.86162;0;T;True;2
1621219792000;11486371;0.86156;0.86168;0.86162;0;T;True;2
1621219793000;11486372;0.86156;0.86168;0.86162;0;T;True;2
1621219794000;11486373;0.86156;0.86168;0.86162;0;T;True;2
1621219795000;11486375;0.86157;0.86169;0.86163;1;T;True;2
1621219796000;11486376;0.86157;0.86169;0.86163;0;T;True;2
1621219797000;11486377;0.86157;0.86169;0.86163;0;T;True;2
1621219798000;11486378;0.86157;0.86169;0.86163;0;T;True;2
1621219799000;11486379;0.86157;0.86169;0.86163;0;T;True;2
1621219800000;11486380;0.86157;0.86169;0.86163;0;T;True;2
1621219801000;11486381;0.86157;0.86169;0.86163;0;T;True;2
1621219802000;11486382;0.86157;0.86169;0.86163;0;T;True;2
1621219803000;11486384;0.86157;0.86169;0.86163;1;T;True;2
1621219804000;11486385;0.86157;0.86169;0.86163;0;T;True;2
1621219805000;11486386;0.86157;0.86169;0.86163;0;T;True;2
1621219806000;11486387;0.86157;0.86169;0.86163;0;T;True;2
1621219807000;11486388;0.86157;0.86169;0.86163;0;T;True;2
1621219808000;11486389;0.86157;0.86169;0.86163;0;T;True;2
1621219809000;11486390;0.86157;0.86169;0.86163;0;T;True;2
1621219810000;11486391;0.86157;0.86169;0.86163;0;T;True;2
1621219811000;11486392;0.86157;0.86169;0.86163;0;T;True;2
1621219812000;11486393;0.86157;0.86169;0.86163;0;T;True;2
1621219813000;11486394;0.86157;0.86169;0.86163;0;T;True;2
1621219814000;11486395;0.86157;0.86169;0.86163;0;T;True;2
1621219815000;11486396;0.86157;0.86169;0.86163;0;T;True;2
1621219816000;11486397;0.86157;0.86169;0.86163;0;T;True;2
1621219817000;11486398;0.86157;0.86169;0.86163;0;T;True;2
1621219818000;11486399;0.86157;0.86169;0.86163;0;T;True;2
1621219819000;11486400;0.86157;0.86169;0.86163;0;T;True;2
1621219820000;11486401;0.86157;0.86169;0.86163;0;T;True;2
1621219821000;11486402;0.86157;0.86169;0.86163;0;T;True;2
1621219822000;11486403;0.86157;0.86169;0.86163;0;T;True;2
1621219823000;11486404;0.86157;0.86169;0.86163;0;T;True;2
1621219824000;11486405;0.86157;0.86169;0.86163;0;T;True;2
1621219825000;11486406;0.86157;0.86169;0.86163;0;T;True;2
1621219826000;11486408;0.86157;0.86169;0.86163;1;T;True;2
1621219827000;11486410;0.86157;0.86169;0.86163;1;T;True;2
1621219828000;11486412;0.86158;0.8617;0.86164;1;T;True;2
1621219829000;11486415;0.86158;0.8617;0.86164;2;T;True;2
1621219830000;11486417;0.86159;0.86171;0.86165;1;T;True;2
1621219831000;11486418;0.86159;0.86171;0.86165;0;T;True;2
1621219832000;11486419;0.86159;0.86171;0.86165;0;T;True;2
1621219833000;11486420;0.86159;0.86171;0.86165;0;T;True;2
1621219834000;11486421;0.86159;0.86171;0.86165;0;T;True;2
1621219835000;11486422;0.86159;0.86171;0.86165;0;T;True;2
1621219836000;11486423;0.86159;0.86171;0.86165;0;T;True;2
1621219837000;11486424;0.86159;0.86171;0.86165;0;T;True;2
1621219838000;11486425;0.86159;0.86171;0.86165;0;T;True;2
1621219839000;11486426;0.86159;0.86171;0.86165;0;T;True;2
1621219840000;11486427;0.86159;0.86171;0.86165;0;T;True;2
1621219841000;11486429;0.86158;0.8617;0.86164;1;T;True;2
1621219842000;11486430;0.86158;0.8617;0.86164;0;T;True;2
1621219843000;11486431;0.86158;0.8617;0.86164;0;T;True;2
1621219844000;11486432;0.86158;0.8617;0.86164;0;T;True;2
1621219845000;11486433;0.86158;0.8617;0.86164;0;T;True;2
1621219846000;11486434;0.86158;0.8617;0.86164;0;T;True;2
1621219847000;11486435;0.86158;0.8617;0.86164;0;T;True;2
1621219848000;11486436;0.86158;0.8617;0.86164;0;T;True;2
1621219849000;11486437;0.86158;0.8617;0.86164;0;T;True;2
1621219850000;11486438;0.86158;0.8617;0.86164;0;T;True;2
1621219851000;11486439;0.86158;0.8617;0.86164;0;T;True;2
1621219852000;11486440;0.86158;0.8617;0.86164;0;T;True;2
1621219853000;11486441;0.86158;0.8617;0.86164;0;T;True;2
1621219854000;11486442;0.86158;0.8617;0.86164;0;T;True;2
1621219855000;11486443;0.86158;0.8617;0.86164;0;T;True;2
1621219856000;11486444;0.86158;0.8617;0.86164;0;T;True;2
1621219857000;11486449;0.86157;0.86169;0.86163;4;T;True;2
1621219858000;11486454;0.86159;0.86171;0.86165;4;T;True;2
1621219859000;11486456;0.86159;0.86171;0.86165;1;T;True;2
1621219860000;11486457;0.86159;0.86171;0.86165;0;T;True;2
1621219861000;11486458;0.86159;0.86171;0.86165;0;T;True;2
1621219862000;11486459;0.86159;0.86171;0.86165;0;T;True;2
1621219863000;11486460;0.86159;0.86171;0.86165;0;T;True;2
1621219864000;11486461;0.86159;0.86171;0.86165;0;T;True;2
1621219865000;11486462;0.86159;0.86171;0.86165;0;T;True;2
1621219866000;11486463;0.86159;0.86171;0.86165;0;T;True;2
1621219867000;11486464;0.86159;0.86171;0.86165;0;T;True;2
1621219868000;11486465;0.86159;0.86171;0.86165;0;T;True;2
1621219869000;11486466;0.86159;0.86171;0.86165;0;T;True;2
1621219870000;11486467;0.86159;0.86171;0.86165;0;T;True;2
1621219871000;11486468;0.86159;0.86171;0.86165;0;T;True;2
1621219872000;11486469;0.86159;0.86171;0.86165;0;T;True;2
1621219873000;11486470;0.86159;0.86171;0.86165;0;T;True;2
1621219874000;11486471;0.86159;0.86171;0.86165;0;T;True;2
1621219875000;11486472;0.86159;0.86171;0.86165;0;T;True;2
1621219876000;11486473;0.86159;0.86171;0.86165;0;T;True;2
1621219877000;11486474;0.86159;0.86171;0.86165;0;T;True;2
1621219878000;11486475;0.86159;0.86171;0.86165;0;T;True;2
1621219879000;11486476;0.86159;0.86171;0.86165;0;T;True;2
1621219880000;11486478;0.86157;0.86169;0.86163;1;T;True;2
1621219881000;11486479;0.86157;0.86169;0.86163;0;T;True;2
1621219882000;11486480;0.86157;0.86169;0.86163;0;T;True;2
1621219883000;11486481;0.86157;0.86169;0.86163;0;T;True;2
1621219884000;11486482;0.86157;0.86169;0.86163;0;T;True;2
1621219885000;11486483;0.86157;0.86169;0.86163;0;T;True;2
1621219886000;11486484;0.86157;0.86169;0.86163;0;T;True;2
1621219887000;11486485;0.86157;0.86169;0.86163;0;T;True;2
1621219888000;11486486;0.86157;0.86169;0.86163;0;T;True;2
1621219889000;11486487;0.86157;0.86169;0.86163;0;T;True;2
1621219890000;11486489;0.86157;0.86169;0.86163;1;T;True;2
1621219891000;11486491;0.86157;0.86169;0.86163;1;T;True;2
1621219892000;11486492;0.86157;0.86169;0.86163;0;T;True;2
1621219893000;11486495;0.86156;0.86168;0.86162;2;T;True;2
1621219894000;11486496;0.86156;0.86168;0.86162;0;T;True;2
1621219895000;11486497;0.86156;0.86168;0.86162;0;T;True;2
1621219896000;11486499;0.86155;0.86167;0.86161;1;T;True;2
1621219897000;11486502;0.86154;0.86166;0.8616;2;T;True;2
1621219898000;11486514;0.86146;0.86158;0.86152;11;T;True;2
1621219899000;11486517;0.86147;0.86159;0.86153;2;T;True;2
1621219900000;11486518;0.86147;0.86159;0.86153;0;T;True;2
1621219901000;11486524;0.86146;0.86158;0.86152;5;T;True;2
1621219902000;11486526;0.86147;0.86159;0.86153;1;T;True;2
1621219903000;11486533;0.86141;0.86153;0.86147;6;T;True;2
1621219904000;11486536;0.86141;0.86153;0.86147;2;T;True;2
1621219905000;11486538;0.8614;0.86152;0.86146;1;T;True;2
1621219906000;11486543;0.86141;0.86153;0.86147;4;T;True;2
1621219907000;11486546;0.8614;0.86152;0.86146;2;T;True;2
1621219908000;11486548;0.86141;0.86153;0.86147;1;T;True;2
1621219909000;11486551;0.86141;0.86153;0.86147;2;T;True;2
1621219910000;11486552;0.86141;0.86153;0.86147;0;T;True;2
1621219911000;11486555;0.86142;0.86154;0.86148;2;T;True;2
1621219912000;11486556;0.86142;0.86154;0.86148;0;T;True;2
1621219913000;11486557;0.86142;0.86154;0.86148;0;T;True;2
1621219914000;11486558;0.86142;0.86154;0.86148;0;T;True;2
1621219915000;11486559;0.86142;0.86154;0.86148;0;T;True;2
1621219916000;11486560;0.86142;0.86154;0.86148;0;T;True;2
1621219917000;11486561;0.86142;0.86154;0.86148;0;T;True;2
1621219918000;11486562;0.86142;0.86154;0.86148;0;T;True;2
1621219919000;11486563;0.86142;0.86154;0.86148;0;T;True;2
1621219920000;11486564;0.86142;0.86154;0.86148;0;T;True;2
1621219921000;11486565;0.86142;0.86154;0.86148;0;T;True;2
1621219922000;11486566;0.86142;0.86154;0.86148;0;T;True;2
1621219923000;11486567;0.86142;0.86154;0.86148;0;T;True;2
1621219924000;11486568;0.86142;0.86154;0.86148;0;T;True;2
1621219925000;11486569;0.86142;0.86154;0.86148;0;T;True;2
1621219926000;11486570;0.86142;0.86154;0.86148;0;T;True;2
1621219927000;11486571;0.86142;0.86154;0.86148;0;T;True;2
1621219928000;11486572;0.86142;0.86154;0.86148;0;T;True;2
1621219929000;11486573;0.86142;0.86154;0.86148;0;T;True;2
1621219930000;11486574;0.86142;0.86154;0.86148;0;T;True;2
1621219931000;11486575;0.86142;0.86154;0.86148;0;T;True;2
1621219932000;11486576;0.86142;0.86154;0.86148;0;T;True;2
1621219933000;11486577;0.86142;0.86154;0.86148;0;T;True;2
1621219934000;11486578;0.86142;0.86154;0.86148;0;T;True;2
1621219935000;11486579;0.86142;0.86154;0.86148;0;T;True;2
1621219936000;11486580;0.86142;0.86154;0.86148;0;T;True;2
1621219937000;11486581;0.86142;0.86154;0.86148;0;T;True;2
1621219938000;11486582;0.86142;0.86154;0.86148;0;T;True;2
1621219939000;11486583;0.86142;0.86154;0.86148;0;T;True;2
1621219940000;11486584;0.86142;0.86154;0.86148;0;T;True;2
1621219941000;11486585;0.86142;0.86154;0.86148;0;T;True;2
1621219942000;11486586;0.86142;0.86154;0.86148;0;T;True;2
1621219943000;11486589;0.8614;0.86152;0.86146;2;T;True;2
1621219944000;11486590;0.8614;0.86152;0.86146;0;T;True;2
1621219945000;11486591;0.8614;0.86152;0.86146;0;T;True;2
1621219946000;11486594;0.86139;0.86151;0.86145;2;T;True;2
1621219947000;11486596;0.86141;0.86153;0.86147;1;T;True;2
1621219948000;11486597;0.86141;0.86153;0.86147;0;T;True;2
1621219949000;11486598;0.86141;0.86153;0.86147;0;T;True;2
1621219950000;11486599;0.86141;0.86153;0.86147;0;T;True;2
1621219951000;11486600;0.86141;0.86153;0.86147;0;T;True;2
1621219952000;11486601;0.86141;0.86153;0.86147;0;T;True;2
1621219953000;11486603;0.8614;0.86152;0.86146;1;T;True;2
1621219954000;11486605;0.86139;0.86151;0.86145;1;T;True;2
1621219955000;11486606;0.86139;0.86151;0.86145;0;T;True;2
1621219956000;11486609;0.86139;0.86151;0.86145;2;T;True;2
1621219957000;11486610;0.86139;0.86151;0.86145;0;T;True;2
1621219958000;11486611;0.86139;0.86151;0.86145;0;T;True;2
1621219959000;11486612;0.86139;0.86151;0.86145;0;T;True;2
1621219960000;11486613;0.86139;0.86151;0.86145;0;T;True;2
1621219961000;11486614;0.86139;0.86151;0.86145;0;T;True;2
1621219962000;11486615;0.86139;0.86151;0.86145;0;T;True;2
1621219963000;11486616;0.86139;0.86151;0.86145;0;T;True;2
1621219964000;11486617;0.86139;0.86151;0.86145;0;T;True;2
1621219965000;11486618;0.86139;0.86151;0.86145;0;T;True;2
1621219966000;11486619;0.86139;0.86151;0.86145;0;T;True;2
1621219967000;11486620;0.86139;0.86151;0.86145;0;T;True;2
1621219968000;11486621;0.86139;0.86151;0.86145;0;T;True;2
1621219969000;11486622;0.86139;0.86151;0.86145;0;T;True;2
1621219970000;11486623;0.86139;0.86151;0.86145;0;T;True;2
1621219971000;11486624;0.86139;0.86151;0.86145;0;T;True;2
1621219972000;11486625;0.86139;0.86151;0.86145;0;T;True;2
1621219973000;11486626;0.86139;0.86151;0.86145;0;T;True;2
1621219974000;11486627;0.86139;0.86151;0.86145;0;T;True;2
1621219975000;11486628;0.86139;0.86151;0.86145;0;T;True;2
1621219976000;11486629;0.86139;0.86151;0.86145;0;T;True;2
1621219977000;11486630;0.86139;0.86151;0.86145;0;T;True;2
1621219978000;11486631;0.86139;0.86151;0.86145;0;T;True;2
1621219979000;11486632;0.86139;0.86151;0.86145;0;T;True;2
1621219980000;11486633;0.86139;0.86151;0.86145;0;T;True;2
1621219981000;11486634;0.86139;0.86151;0.86145;0;T;True;2
1621219982000;11486635;0.86139;0.86151;0.86145;0;T;True;2
1621219983000;11486636;0.86139;0.86151;0.86145;0;T;True;2
1621219984000;11486638;0.86141;0.86153;0.86147;1;T;True;2
1621219985000;11486639;0.86141;0.86153;0.86147;0;T;True;2
1621219986000;11486640;0.86141;0.86153;0.86147;0;T;True;2
1621219987000;11486641;0.86141;0.86153;0.86147;0;T;True;2
1621219988000;11486642;0.86141;0.86153;0.86147;0;T;True;2
1621219989000;11486643;0.86141;0.86153;0.86147;0;T;True;2
1621219990000;11486644;0.86141;0.86153;0.86147;0;T;True;2
1621219991000;11486645;0.86141;0.86153;0.86147;0;T;True;2
1621219992000;11486646;0.86141;0.86153;0.86147;0;T;True;2
1621219993000;11486647;0.86141;0.86153;0.86147;0;T;True;2
1621219994000;11486648;0.86141;0.86153;0.86147;0;T;True;2
1621219995000;11486650;0.86139;0.86151;0.86145;1;T;True;2
1621219996000;11486651;0.86139;0.86151;0.86145;0;T;True;2
1621219997000;11486654;0.86139;0.86151;0.86145;2;T;True;2
1621219998000;11486655;0.86139;0.86151;0.86145;0;T;True;2
1621219999000;11486656;0.86139;0.86151;0.86145;0;T;True;2
1621220000000;11486657;0.86139;0.86151;0.86145;0;T;True;2
1621220001000;11486658;0.86139;0.86151;0.86145;0;T;True;2
1621220002000;11486662;0.86136;0.86148;0.86142;3;T;True;2
1621220003000;11486663;0.86136;0.86148;0.86142;0;T;True;2
1621220004000;11486665;0.86135;0.86147;0.86141;1;T;True;2
1621220005000;11486666;0.86135;0.86147;0.86141;0;T;True;2
1621220006000;11486667;0.86135;0.86147;0.86141;0;T;True;2
1621220007000;11486668;0.86135;0.86147;0.86141;0;T;True;2
1621220008000;11486669;0.86135;0.86147;0.86141;0;T;True;2
1621220009000;11486670;0.86135;0.86147;0.86141;0;T;True;2
1621220010000;11486671;0.86135;0.86147;0.86141;0;T;True;2
1621220011000;11486672;0.86135;0.86147;0.86141;0;T;True;2
1621220012000;11486674;0.86134;0.86146;0.8614;1;T;True;2
1621220013000;11486675;0.86134;0.86146;0.8614;0;T;True;2
1621220014000;11486676;0.86134;0.86146;0.8614;0;T;True;2
1621220015000;11486677;0.86134;0.86146;0.8614;0;T;True;2
1621220016000;11486678;0.86134;0.86146;0.8614;0;T;True;2
1621220017000;11486680;0.86135;0.86147;0.86141;1;T;True;2
1621220018000;11486681;0.86135;0.86147;0.86141;0;T;True;2
1621220019000;11486684;0.86135;0.86147;0.86141;2;T;True;2
1621220020000;11486685;0.86135;0.86147;0.86141;0;T;True;2
1621220021000;11486686;0.86135;0.86147;0.86141;0;T;True;2
1621220022000;11486690;0.86135;0.86147;0.86141;3;T;True;2
1621220023000;11486691;0.86135;0.86147;0.86141;0;T;True;2
1621220024000;11486694;0.86135;0.86147;0.86141;2;T;True;2
1621220025000;11486697;0.86133;0.86145;0.86139;2;T;True;2
1621220026000;11486698;0.86133;0.86145;0.86139;0;T;True;2
1621220027000;11486699;0.86133;0.86145;0.86139;0;T;True;2
1621220028000;11486700;0.86133;0.86145;0.86139;0;T;True;2
1621220029000;11486701;0.86133;0.86145;0.86139;0;T;True;2
1621220030000;11486702;0.86133;0.86145;0.86139;0;T;True;2
1621220031000;11486703;0.86133;0.86145;0.86139;0;T;True;2
1621220032000;11486704;0.86133;0.86145;0.86139;0;T;True;2
1621220033000;11486705;0.86133;0.86145;0.86139;0;T;True;2
1621220034000;11486706;0.86133;0.86145;0.86139;0;T;True;2
1621220035000;11486707;0.86133;0.86145;0.86139;0;T;True;2
1621220036000;11486708;0.86133;0.86145;0.86139;0;T;True;2
1621220037000;11486709;0.86133;0.86145;0.86139;0;T;True;2
1621220038000;11486710;0.86133;0.86145;0.86139;0;T;True;2
1621220039000;11486711;0.86133;0.86145;0.86139;0;T;True;2
1621220040000;11486712;0.86133;0.86145;0.86139;0;T;True;2
1621220041000;11486713;0.86133;0.86145;0.86139;0;T;True;2
1621220042000;11486716;0.86132;0.86144;0.86138;2;T;True;2
1621220043000;11486718;0.86131;0.86143;0.86137;1;T;True;2
1621220044000;11486723;0.86129;0.86141;0.86135;4;T;True;2
1621220045000;11486724;0.86129;0.86141;0.86135;0;T;True;2
1621220046000;11486725;0.86129;0.86141;0.86135;0;T;True;2
1621220047000;11486726;0.86129;0.86141;0.86135;0;T;True;2
1621220048000;11486727;0.86129;0.86141;0.86135;0;T;True;2
1621220049000;11486728;0.86129;0.86141;0.86135;0;T;True;2
1621220050000;11486729;0.86129;0.86141;0.86135;0;T;True;2
1621220051000;11486730;0.86129;0.86141;0.86135;0;T;True;2
1621220052000;11486731;0.86129;0.86141;0.86135;0;T;True;2
1621220053000;11486732;0.86129;0.86141;0.86135;0;T;True;2
1621220054000;11486733;0.86129;0.86141;0.86135;0;T;True;2
1621220055000;11486734;0.86129;0.86141;0.86135;0;T;True;2
1621220056000;11486735;0.86129;0.86141;0.86135;0;T;True;2
1621220057000;11486736;0.86129;0.86141;0.86135;0;T;True;2
1621220058000;11486738;0.86128;0.8614;0.86134;1;T;True;2
1621220059000;11486741;0.86128;0.8614;0.86134;2;T;True;2
1621220060000;11486742;0.86128;0.8614;0.86134;0;T;True;2
1621220061000;11486743;0.86128;0.8614;0.86134;0;T;True;2
1621220062000;11486745;0.86128;0.8614;0.86134;1;T;True;2
1621220063000;11486746;0.86128;0.8614;0.86134;0;T;True;2
1621220064000;11486749;0.86129;0.86141;0.86135;2;T;True;2
1621220065000;11486750;0.86129;0.86141;0.86135;0;T;True;2
1621220066000;11486755;0.8613;0.86142;0.86136;4;T;True;2
1621220067000;11486757;0.8613;0.86142;0.86136;1;T;True;2
1621220068000;11486758;0.8613;0.86142;0.86136;0;T;True;2
1621220069000;11486761;0.8613;0.86142;0.86136;2;T;True;2
1621220070000;11486762;0.8613;0.86142;0.86136;0;T;True;2
1621220071000;11486764;0.86131;0.86143;0.86137;1;T;True;2
1621220072000;11486766;0.8613;0.86142;0.86136;1;T;True;2
1621220073000;11486768;0.86131;0.86143;0.86137;1;T;True;2
1621220074000;11486769;0.86131;0.86143;0.86137;0;T;True;2
1621220075000;11486770;0.86131;0.86143;0.86137;0;T;True;2
1621220076000;11486771;0.86131;0.86143;0.86137;0;T;True;2
1621220077000;11486772;0.86131;0.86143;0.86137;0;T;True;2
1621220078000;11486773;0.86131;0.86143;0.86137;0;T;True;2
1621220079000;11486774;0.86131;0.86143;0.86137;0;T;True;2
1621220080000;11486775;0.86131;0.86143;0.86137;0;T;True;2
1621220081000;11486778;0.86131;0.86143;0.86137;2;T;True;2
1621220082000;11486779;0.86131;0.86143;0.86137;0;T;True;2
1621220083000;11486780;0.86131;0.86143;0.86137;0;T;True;2
1621220084000;11486781;0.86131;0.86143;0.86137;0;T;True;2
1621220085000;11486782;0.86131;0.86143;0.86137;0;T;True;2
1621220086000;11486783;0.86131;0.86143;0.86137;0;T;True;2
1621220087000;11486784;0.86131;0.86143;0.86137;0;T;True;2
1621220088000;11486785;0.86131;0.86143;0.86137;0;T;True;2
1621220089000;11486786;0.86131;0.86143;0.86137;0;T;True;2
1621220090000;11486787;0.86131;0.86143;0.86137;0;T;True;2
1621220091000;11486788;0.86131;0.86143;0.86137;0;T;True;2
1621220092000;11486789;0.86131;0.86143;0.86137;0;T;True;2
1621220093000;11486790;0.86131;0.86143;0.86137;0;T;True;2
1621220094000;11486791;0.86131;0.86143;0.86137;0;T;True;2
1621220095000;11486792;0.86131;0.86143;0.86137;0;T;True;2
1621220096000;11486795;0.86131;0.86143;0.86137;2;T;True;2
1621220097000;11486796;0.86131;0.86143;0.86137;0;T;True;2
1621220098000;11486797;0.86131;0.86143;0.86137;0;T;True;2
1621220099000;11486798;0.86131;0.86143;0.86137;0;T;True;2
1621220100000;11486800;0.86131;0.86143;0.86137;1;T;True;2
1621220101000;11486801;0.86131;0.86143;0.86137;0;T;True;2
1621220102000;11486806;0.86131;0.86143;0.86137;4;T;True;2
1621220103000;11486808;0.86131;0.86143;0.86137;1;T;True;2
1621220104000;11486810;0.86131;0.86143;0.86137;1;T;True;2
1621220105000;11486811;0.86131;0.86143;0.86137;0;T;True;2
1621220106000;11486812;0.86131;0.86143;0.86137;0;T;True;2
1621220107000;11486813;0.86131;0.86143;0.86137;0;T;True;2
1621220108000;11486814;0.86131;0.86143;0.86137;0;T;True;2
1621220109000;11486815;0.86131;0.86143;0.86137;0;T;True;2
1621220110000;11486817;0.86132;0.86144;0.86138;1;T;True;2
1621220111000;11486818;0.86132;0.86144;0.86138;0;T;True;2
1621220112000;11486819;0.86132;0.86144;0.86138;0;T;True;2
1621220113000;11486820;0.86132;0.86144;0.86138;0;T;True;2
1621220114000;11486821;0.86132;0.86144;0.86138;0;T;True;2
1621220115000;11486822;0.86132;0.86144;0.86138;0;T;True;2
1621220116000;11486823;0.86132;0.86144;0.86138;0;T;True;2
1621220117000;11486824;0.86132;0.86144;0.86138;0;T;True;2
1621220118000;11486825;0.86132;0.86144;0.86138;0;T;True;2
1621220119000;11486826;0.86132;0.86144;0.86138;0;T;True;2
1621220120000;11486827;0.86132;0.86144;0.86138;0;T;True;2
1621220121000;11486829;0.86131;0.86143;0.86137;1;T;True;2
1621220122000;11486830;0.86131;0.86143;0.86137;0;T;True;2
1621220123000;11486831;0.86131;0.86143;0.86137;0;T;True;2
1621220124000;11486832;0.86131;0.86143;0.86137;0;T;True;2
1621220125000;11486833;0.86131;0.86143;0.86137;0;T;True;2
1621220126000;11486834;0.86131;0.86143;0.86137;0;T;True;2
1621220127000;11486835;0.86131;0.86143;0.86137;0;T;True;2
1621220128000;11486836;0.86131;0.86143;0.86137;0;T;True;2
1621220129000;11486837;0.86131;0.86143;0.86137;0;T;True;2
1621220130000;11486838;0.86131;0.86143;0.86137;0;T;True;2
1621220131000;11486842;0.86131;0.86143;0.86137;3;T;True;2
1621220132000;11486844;0.86131;0.86143;0.86137;1;T;True;2
1621220133000;11486847;0.86131;0.86143;0.86137;2;T;True;2
1621220134000;11486848;0.86131;0.86143;0.86137;0;T;True;2
1621220135000;11486849;0.86131;0.86143;0.86137;0;T;True;2
1621220136000;11486850;0.86131;0.86143;0.86137;0;T;True;2
1621220137000;11486851;0.86131;0.86143;0.86137;0;T;True;2
1621220138000;11486852;0.86131;0.86143;0.86137;0;T;True;2
1621220139000;11486853;0.86131;0.86143;0.86137;0;T;True;2
1621220140000;11486854;0.86131;0.86143;0.86137;0;T;True;2
1621220141000;11486855;0.86131;0.86143;0.86137;0;T;True;2
1621220142000;11486856;0.86131;0.86143;0.86137;0;T;True;2
1621220143000;11486857;0.86131;0.86143;0.86137;0;T;True;2
1621220144000;11486858;0.86131;0.86143;0.86137;0;T;True;2
1621220145000;11486860;0.86132;0.86144;0.86138;1;T;True;2
1621220146000;11486864;0.86132;0.86144;0.86138;3;T;True;2
1621220147000;11486865;0.86132;0.86144;0.86138;0;T;True;2
1621220148000;11486866;0.86132;0.86144;0.86138;0;T;True;2
1621220149000;11486867;0.86132;0.86144;0.86138;0;T;True;2
1621220150000;11486870;0.86133;0.86145;0.86139;2;T;True;2
1621220151000;11486871;0.86133;0.86145;0.86139;0;T;True;2
1621220152000;11486872;0.86133;0.86145;0.86139;0;T;True;2
1621220153000;11486874;0.86133;0.86145;0.86139;1;T;True;2
1621220154000;11486875;0.86133;0.86145;0.86139;0;T;True;2
1621220155000;11486876;0.86133;0.86145;0.86139;0;T;True;2
1621220156000;11486878;0.86132;0.86144;0.86138;1;T;True;2
1621220157000;11486879;0.86132;0.86144;0.86138;0;T;True;2
1621220158000;11486880;0.86132;0.86144;0.86138;0;T;True;2
1621220159000;11486881;0.86132;0.86144;0.86138;0;T;True;2
1621220160000;11486884;0.86133;0.86145;0.86139;2;T;True;2
1621220161000;11486885;0.86133;0.86145;0.86139;0;T;True;2
1621220162000;11486886;0.86133;0.86145;0.86139;0;T;True;2
1621220163000;11486887;0.86133;0.86145;0.86139;0;T;True;2
1621220164000;11486888;0.86133;0.86145;0.86139;0;T;True;2
1621220165000;11486889;0.86133;0.86145;0.86139;0;T;True;2
1621220166000;11486890;0.86133;0.86145;0.86139;0;T;True;2
1621220167000;11486892;0.86133;0.86145;0.86139;1;T;True;2
1621220168000;11486893;0.86133;0.86145;0.86139;0;T;True;2
1621220169000;11486894;0.86133;0.86145;0.86139;0;T;True;2
1621220170000;11486895;0.86133;0.86145;0.86139;0;T;True;2
1621220171000;11486896;0.86133;0.86145;0.86139;0;T;True;2
1621220172000;11486897;0.86133;0.86145;0.86139;0;T;True;2
1621220173000;11486898;0.86133;0.86145;0.86139;0;T;True;2
1621220174000;11486899;0.86133;0.86145;0.86139;0;T;True;2
1621220175000;11486900;0.86133;0.86145;0.86139;0;T;True;2
1621220176000;11486901;0.86133;0.86145;0.86139;0;T;True;2
1621220177000;11486902;0.86133;0.86145;0.86139;0;T;True;2
1621220178000;11486903;0.86133;0.86145;0.86139;0;T;True;2
1621220179000;11486904;0.86133;0.86145;0.86139;0;T;True;2
1621220180000;11486905;0.86133;0.86145;0.86139;0;T;True;2
1621220181000;11486906;0.86133;0.86145;0.86139;0;T;True;2
1621220182000;11486910;0.86136;0.86148;0.86142;3;T;True;2
1621220183000;11486911;0.86136;0.86148;0.86142;0;T;True;2
1621220184000;11486912;0.86136;0.86148;0.86142;0;T;True;2
1621220185000;11486913;0.86136;0.86148;0.86142;0;T;True;2
1621220186000;11486914;0.86136;0.86148;0.86142;0;T;True;2
1621220187000;11486915;0.86136;0.86148;0.86142;0;T;True;2
1621220188000;11486916;0.86136;0.86148;0.86142;0;T;True;2
1621220189000;11486917;0.86136;0.86148;0.86142;0;T;True;2
1621220190000;11486918;0.86136;0.86148;0.86142;0;T;True;2
