ts;n;bid;ask;value;volume;phase;round;active_id
1621232862000;11505097;0.86082;0.86094;0.86088;0;T;True;2
1621232863000;11505098;0.86082;0.86094;0.86088;0;T;True;2
1621232864000;11505099;0.86082;0.86094;0.86088;0;T;True;2
1621232865000;11505100;0.86082;0.86094;0.86088;0;T;True;2
1621232866000;11505101;0.86082;0.86094;0.86088;0;T;True;2
1621232867000;11505102;0.86082;0.86094;0.86088;0;T;True;2
1621232868000;11505110;0.86077;0.86089;0.86083;7;T;True;2
1621232869000;11505113;0.86076;0.86088;0.86082;2;T;True;2
1621232870000;11505114;0.86076;0.86088;0.86082;0;T;True;2
1621232871000;11505115;0.86076;0.86088;0.86082;0;T;True;2
1621232872000;11505116;0.86076;0.86088;0.86082;0;T;True;2
1621232873000;11505118;0.86075;0.86087;0.86081;1;T;True;2
1621232874000;11505120;0.86074;0.86086;0.8608;1;T;True;2
1621232875000;11505124;0.86078;0.8609;0.86084;3;T;True;2
1621232876000;11505126;0.86077;0.86089;0.86083;1;T;True;2
1621232877000;11505127;0.86077;0.86089;0.86083;0;T;True;2
1621232878000;11505133;0.86082;0.86094;0.86088;5;T;True;2
1621232879000;11505136;0.86081;0.86093;0.86087;2;T;True;2
1621232880000;11505137;0.86081;0.86093;0.86087;0;T;True;2
1621232881000;11505138;0.86081;0.86093;0.86087;0;T;True;2
1621232882000;11505139;0.86081;0.86093;0.86087;0;T;True;2
1621232883000;11505140;0.86081;0.86093;0.86087;0;T;True;2
1621232884000;11505144;0.86079;0.86091;0.86085;3;T;True;2
1621232885000;11505145;0.86079;0.86091;0.86085;0;T;True;2
1621232886000;11505150;0.86073;0.86085;0.86079;4;T;True;2
1621232887000;11505151;0.86073;0.86085;0.86079;0;T;True;2
1621232888000;11505152;0.86073;0.86085;0.86079;0;T;True;2
1621232889000;11505157;0.86072;0.86084;0.86078;4;T;True;2
1621232890000;11505158;0.86072;0.86084;0.86078;0;T;True;2
1621232891000;11505159;0.86072;0.86084;0.86078;0;T;True;2
1621232892000;11505170;0.86077;0.86089;0.86083;10;T;True;2
1621232893000;11505172;0.86077;0.86089;0.86083;1;T;True;2
1621232894000;11505173;0.86077;0.86089;0.86083;0;T;True;2
1621232895000;11505174;0.86077;0.86089;0.86083;0;T;True;2
1621232896000;11505175;0.86077;0.86089;0.86083;0;T;True;2
1621232897000;11505177;0.86079;0.86091;0.86085;1;T;True;2
1621232898000;11505178;0.86079;0.86091;0.86085;0;T;True;2
1621232899000;11505179;0.86079;0.86091;0.86085;0;T;True;2
1621232900000;11505180;0.86079;0.86091;0.86085;0;T;True;2
1621232901000;11505182;0.86078;0.8609;0.86084;1;T;True;2
1621232902000;11505183;0.86078;0.8609;0.86084;0;T;True;2
1621232903000;11505184;0.86078;0.8609;0.86084;0;T;True;2
1621232904000;11505185;0.86078;0.8609;0.86084;0;T;True;2
1621232905000;11505186;0.86078;0.8609;0.86084;0;T;True;2
1621232906000;11505187;0.86078;0.8609;0.86084;0;T;True;2
1621232907000;11505188;0.86078;0.8609;0.86084;0;T;True;2
1621232908000;11505189;0.86078;0.8609;0.86084;0;T;True;2
1621232909000;11505191;0.86077;0.86089;0.86083;1;T;True;2
1621232910000;11505196;0.86073;0.86085;0.86079;4;T;True;2
1621232911000;11505197;0.86073;0.86085;0.86079;0;T;True;2
1621232912000;11505198;0.86073;0.86085;0.86079;0;T;True;2
1621232913000;11505203;0.86068;0.8608;0.86074;4;T;True;2
1621232914000;11505204;0.86068;0.8608;0.86074;0;T;True;2
1621232915000;11505205;0.86068;0.8608;0.86074;0;T;True;2
1621232916000;11505207;0.86069;0.86081;0.86075;1;T;True;2
1621232917000;11505208;0.86069;0.86081;0.86075;0;T;True;2
1621232918000;11505209;0.86069;0.86081;0.86075;0;T;True;2
1621232919000;11505213;0.86073;0.86085;0.86079;3;T;True;2
1621232920000;11505214;0.86073;0.86085;0.86079;0;T;True;2
1621232921000;11505215;0.86073;0.86085;0.86079;0;T;True;2
1621232922000;11505216;0.86073;0.86085;0.86079;0;T;True;2
1621232923000;11505217;0.86073;0.86085;0.86079;0;T;True;2
1621232924000;11505218;0.86073;0.86085;0.86079;0;T;True;2
1621232925000;11505219;0.86073;0.86085;0.86079;0;T;True;2
1621232926000;11505224;0.86076;0.86088;0.86082;4;T;True;2
1621232927000;11505229;0.86075;0.86087;0.86081;4;T;True;2
1621232928000;11505233;0.86075;0.86087;0.86081;3;T;True;2
1621232929000;11505234;0.86075;0.86087;0.86081;0;T;True;2
1621232930000;11505235;0.86075;0.86087;0.86081;0;T;True;2
1621232931000;11505237;0.86075;0.86087;0.86081;1;T;True;2
1621232932000;11505239;0.86075;0.86087;0.86081;1;T;True;2
1621232933000;11505240;0.86075;0.86087;0.86081;0;T;True;2
1621232934000;11505241;0.86075;0.86087;0.86081;0;T;True;2
1621232935000;11505245;0.86073;0.86085;0.86079;3;T;True;2
1621232936000;11505246;0.86073;0.86085;0.86079;0;T;True;2
1621232937000;11505247;0.86073;0.86085;0.86079;0;T;True;2
1621232938000;11505248;0.86073;0.86085;0.86079;0;T;True;2
1621232939000;11505250;0.86073;0.86085;0.86079;1;T;True;2
1621232940000;11505253;0.86073;0.86085;0.86079;2;T;True;2
1621232941000;11505256;0.86073;0.86085;0.86079;2;T;True;2
1621232942000;11505259;0.86073;0.86085;0.86079;2;T;True;2
1621232943000;11505262;0.86073;0.86085;0.86079;2;T;True;2
1621232944000;11505263;0.86073;0.86085;0.86079;0;T;True;2
1621232945000;11505264;0.86073;0.86085;0.86079;0;T;True;2
1621232946000;11505266;0.86073;0.86085;0.86079;1;T;True;2
1621232947000;11505268;0.86075;0.86087;0.86081;1;T;True;2
1621232948000;11505269;0.86075;0.86087;0.86081;0;T;True;2
1621232949000;11505270;0.86075;0.86087;0.86081;0;T;True;2
1621232950000;11505271;0.86075;0.86087;0.86081;0;T;True;2
1621232951000;11505272;0.86075;0.86087;0.86081;0;T;True;2
1621232952000;11505273;0.86075;0.86087;0.86081;0;T;True;2
1621232953000;11505276;0.86075;0.86087;0.86081;2;T;True;2
1621232954000;11505278;0.86075;0.86087;0.86081;1;T;True;2
1621232955000;11505280;0.86075;0.86087;0.86081;1;T;True;2
1621232956000;11505284;0.86077;0.86089;0.86083;3;T;True;2
1621232957000;11505285;0.86077;0.86089;0.86083;0;T;True;2
1621232958000;11505288;0.86077;0.86089;0.86083;2;T;True;2
1621232959000;11505290;0.86077;0.86089;0.86083;1;T;True;2
1621232960000;11505291;0.86077;0.86089;0.86083;0;T;True;2
1621232961000;11505292;0.86077;0.86089;0.86083;0;T;True;2
1621232962000;11505293;0.86077;0.86089;0.86083;0;T;True;2
1621232963000;11505295;0.86077;0.86089;0.86083;1;T;True;2
1621232964000;11505296;0.86077;0.86089;0.86083;0;T;True;2
1621232965000;11505297;0.86077;0.86089;0.86083;0;T;True;2
1621232966000;11505298;0.86077;0.86089;0.86083;0;T;True;2
1621232967000;11505299;0.86077;0.86089;0.86083;0;T;True;2
1621232968000;11505300;0.86077;0.86089;0.86083;0;T;True;2
1621232969000;11505302;0.86077;0.86089;0.86083;1;T;True;2
1621232970000;11505303;0.86077;0.86089;0.86083;0;T;True;2
1621232971000;11505304;0.86077;0.86089;0.86083;0;T;True;2
1621232972000;11505305;0.86077;0.86089;0.86083;0;T;True;2
1621232973000;11505306;0.86077;0.86089;0.86083;0;T;True;2
1621232974000;11505307;0.86077;0.86089;0.86083;0;T;True;2
1621232975000;11505308;0.86077;0.86089;0.86083;0;T;True;2
1621232976000;11505310;0.86075;0.86087;0.86081;1;T;True;2
1621232977000;11505311;0.86075;0.86087;0.86081;0;T;True;2
1621232978000;11505312;0.86075;0.86087;0.86081;0;T;True;2
1621232979000;11505315;0.86072;0.86084;0.86078;2;T;True;2
1621232980000;11505316;0.86072;0.86084;0.86078;0;T;True;2
1621232981000;11505317;0.86072;0.86084;0.86078;0;T;True;2
1621232982000;11505320;0.86069;0.86081;0.86075;2;T;True;2
1621232983000;11505322;0.86069;0.86081;0.86075;1;T;True;2
1621232984000;11505327;0.8607;0.86082;0.86076;4;T;True;2
1621232985000;11505330;0.8607;0.86082;0.86076;2;T;True;2
1621232986000;11505331;0.8607;0.86082;0.86076;0;T;True;2
1621232987000;11505337;0.86073;0.86085;0.86079;5;T;True;2
1621232988000;11505341;0.86072;0.86084;0.86078;3;T;True;2
1621232989000;11505344;0.86072;0.86084;0.86078;2;T;True;2
1621232990000;11505346;0.86071;0.86083;0.86077;1;T;True;2
1621232991000;11505348;0.86072;0.86084;0.86078;1;T;True;2
1621232992000;11505349;0.86072;0.86084;0.86078;0;T;True;2
1621232993000;11505352;0.86073;0.86085;0.86079;2;T;True;2
1621232994000;11505353;0.86073;0.86085;0.86079;0;T;True;2
1621232995000;11505354;0.86073;0.86085;0.86079;0;T;True;2
1621232996000;11505355;0.86073;0.86085;0.86079;0;T;True;2
1621232997000;11505358;0.86072;0.86084;0.86078;2;T;True;2
1621232998000;11505359;0.86072;0.86084;0.86078;0;T;True;2
1621232999000;11505361;0.86072;0.86084;0.86078;1;T;True;2
1621233000000;11505366;0.8607;0.86082;0.86076;4;T;True;2
1621233001000;11505370;0.86071;0.86083;0.86077;3;T;True;2
1621233002000;11505372;0.86071;0.86083;0.86077;1;T;True;2
1621233003000;11505376;0.86071;0.86083;0.86077;3;T;True;2
1621233004000;11505378;0.86071;0.86083;0.86077;1;T;True;2
1621233005000;11505380;0.8607;0.86082;0.86076;1;T;True;2
1621233006000;11505383;0.86072;0.86084;0.86078;2;T;True;2
1621233007000;11505387;0.8607;0.86082;0.86076;3;T;True;2
1621233008000;11505389;0.86071;0.86083;0.86077;1;T;True;2
1621233009000;11505390;0.86071;0.86083;0.86077;0;T;True;2
1621233010000;11505391;0.86071;0.86083;0.86077;0;T;True;2
1621233011000;11505399;0.86069;0.86081;0.86075;7;T;True;2
1621233012000;11505402;0.86071;0.86083;0.86077;2;T;True;2
1621233013000;11505404;0.86069;0.86081;0.86075;1;T;True;2
1621233014000;11505407;0.8607;0.86082;0.86076;2;T;True;2
1621233015000;11505408;0.8607;0.86082;0.86076;0;T;True;2
1621233016000;11505409;0.8607;0.86082;0.86076;0;T;True;2
1621233017000;11505413;0.8607;0.86082;0.86076;3;T;True;2
1621233018000;11505416;0.8607;0.86082;0.86076;2;T;True;2
1621233019000;11505419;0.86068;0.8608;0.86074;2;T;True;2
1621233020000;11505423;0.86068;0.8608;0.86074;3;T;True;2
1621233021000;11505424;0.86068;0.8608;0.86074;0;T;True;2
1621233022000;11505425;0.86068;0.8608;0.86074;0;T;True;2
1621233023000;11505427;0.86069;0.86081;0.86075;1;T;True;2
1621233024000;11505430;0.86068;0.8608;0.86074;2;T;True;2
1621233025000;11505431;0.86068;0.8608;0.86074;0;T;True;2
1621233026000;11505433;0.86069;0.86081;0.86075;1;T;True;2
1621233027000;11505434;0.86069;0.86081;0.86075;0;T;True;2
1621233028000;11505436;0.86067;0.86079;0.86073;1;T;True;2
1621233029000;11505437;0.86067;0.86079;0.86073;0;T;True;2
1621233030000;11505438;0.86067;0.86079;0.86073;0;T;True;2
1621233031000;11505440;0.86065;0.86077;0.86071;1;T;True;2
1621233032000;11505441;0.86065;0.86077;0.86071;0;T;True;2
1621233033000;11505442;0.86065;0.86077;0.86071;0;T;True;2
1621233034000;11505443;0.86065;0.86077;0.86071;0;T;True;2
1621233035000;11505444;0.86065;0.86077;0.86071;0;T;True;2
1621233036000;11505445;0.86065;0.86077;0.86071;0;T;True;2
1621233037000;11505446;0.86065;0.86077;0.86071;0;T;True;2
1621233038000;11505447;0.86065;0.86077;0.86071;0;T;True;2
1621233039000;11505448;0.86065;0.86077;0.86071;0;T;True;2
1621233040000;11505451;0.86066;0.86078;0.86072;2;T;True;2
1621233041000;11505456;0.8607;0.86082;0.86076;4;T;True;2
1621233042000;11505457;0.8607;0.86082;0.86076;0;T;True;2
1621233043000;11505459;0.86071;0.86083;0.86077;1;T;True;2
1621233044000;11505460;0.86071;0.86083;0.86077;0;T;True;2
1621233045000;11505461;0.86071;0.86083;0.86077;0;T;True;2
1621233046000;11505462;0.86071;0.86083;0.86077;0;T;True;2
1621233047000;11505463;0.86071;0.86083;0.86077;0;T;True;2
1621233048000;11505464;0.86071;0.86083;0.86077;0;T;True;2
1621233049000;11505466;0.86071;0.86083;0.86077;1;T;True;2
1621233050000;11505468;0.86073;0.86085;0.86079;1;T;True;2
1621233051000;11505471;0.86071;0.86083;0.86077;2;T;True;2
1621233052000;11505472;0.86071;0.86083;0.86077;0;T;True;2
1621233053000;11505473;0.86071;0.86083;0.86077;0;T;True;2
1621233054000;11505474;0.86071;0.86083;0.86077;0;T;True;2
1621233055000;11505475;0.86071;0.86083;0.86077;0;T;True;2
1621233056000;11505476;0.86071;0.86083;0.86077;0;T;True;2
1621233057000;11505477;0.86071;0.86083;0.86077;0;T;True;2
1621233058000;11505479;0.8607;0.86082;0.86076;1;T;True;2
1621233059000;11505483;0.86069;0.86081;0.86075;3;T;True;2
1621233060000;11505485;0.86068;0.8608;0.86074;1;T;True;2
1621233061000;11505487;0.86067;0.86079;0.86073;1;T;True;2
1621233062000;11505488;0.86067;0.86079;0.86073;0;T;True;2
1621233063000;11505489;0.86067;0.86079;0.86073;0;T;True;2
1621233064000;11505490;0.86067;0.86079;0.86073;0;T;True;2
1621233065000;11505491;0.86067;0.86079;0.86073;0;T;True;2
1621233066000;11505492;0.86067;0.86079;0.86073;0;T;True;2
1621233067000;11505494;0.86066;0.86078;0.86072;1;T;True;2
1621233068000;11505495;0.86066;0.86078;0.86072;0;T;True;2
1621233069000;11505497;0.86065;0.86077;0.86071;1;T;True;2
1621233070000;11505499;0.86067;0.86079;0.86073;1;T;True;2
1621233071000;11505500;0.86067;0.86079;0.86073;0;T;True;2
1621233072000;11505501;0.86067;0.86079;0.86073;0;T;True;2
1621233073000;11505502;0.86067;0.86079;0.86073;0;T;True;2
1621233074000;11505503;0.86067;0.86079;0.86073;0;T;True;2
1621233075000;11505504;0.86067;0.86079;0.86073;0;T;True;2
1621233076000;11505505;0.86067;0.86079;0.86073;0;T;True;2
1621233077000;11505509;0.86064;0.86076;0.8607;3;T;True;2
1621233078000;11505512;0.86061;0.86073;0.86067;2;T;True;2
1621233079000;11505513;0.86061;0.86073;0.86067;0;T;True;2
1621233080000;11505514;0.86061;0.86073;0.86067;0;T;True;2
1621233081000;11505516;0.86062;0.86074;0.86068;1;T;True;2
1621233082000;11505517;0.86062;0.86074;0.86068;0;T;True;2
1621233083000;11505518;0.86062;0.86074;0.86068;0;T;True;2
1621233084000;11505522;0.86065;0.86077;0.86071;3;T;True;2
1621233085000;11505523;0.86065;0.86077;0.86071;0;T;True;2
1621233086000;11505524;0.86065;0.86077;0.86071;0;T;True;2
1621233087000;11505525;0.86065;0.86077;0.86071;0;T;True;2
1621233088000;11505526;0.86065;0.86077;0.86071;0;T;True;2
1621233089000;11505527;0.86065;0.86077;0.86071;0;T;True;2
1621233090000;11505529;0.86066;0.86078;0.86072;1;T;True;2
1621233091000;11505531;0.86065;0.86077;0.86071;1;T;True;2
1621233092000;11505532;0.86065;0.86077;0.86071;0;T;True;2
1621233093000;11505533;0.86065;0.86077;0.86071;0;T;True;2
1621233094000;11505535;0.86065;0.86077;0.86071;1;T;True;2
1621233095000;11505536;0.86065;0.86077;0.86071;0;T;True;2
1621233096000;11505537;0.86065;0.86077;0.86071;0;T;True;2
1621233097000;11505538;0.86065;0.86077;0.86071;0;T;True;2
1621233098000;11505540;0.86065;0.86077;0.86071;1;T;True;2
1621233099000;11505542;0.86065;0.86077;0.86071;1;T;True;2
1621233100000;11505544;0.86065;0.86077;0.86071;1;T;True;2
1621233101000;11505545;0.86065;0.86077;0.86071;0;T;True;2
1621233102000;11505546;0.86065;0.86077;0.86071;0;T;True;2
1621233103000;11505547;0.86065;0.86077;0.86071;0;T;True;2
1621233104000;11505553;0.86064;0.86076;0.8607;5;T;True;2
1621233105000;11505556;0.86063;0.86075;0.86069;2;T;True;2
1621233106000;11505557;0.86063;0.86075;0.86069;0;T;True;2
1621233107000;11505558;0.86063;0.86075;0.86069;0;T;True;2
1621233108000;11505560;0.86065;0.86077;0.86071;1;T;True;2
1621233109000;11505561;0.86065;0.86077;0.86071;0;T;True;2
1621233110000;11505562;0.86065;0.86077;0.86071;0;T;True;2
1621233111000;11505564;0.86066;0.86078;0.86072;1;T;True;2
1621233112000;11505566;0.86067;0.86079;0.86073;1;T;True;2
1621233113000;11505568;0.86066;0.86078;0.86072;1;T;True;2
1621233114000;11505569;0.86066;0.86078;0.86072;0;T;True;2
1621233115000;11505573;0.86067;0.86079;0.86073;3;T;True;2
1621233116000;11505574;0.86067;0.86079;0.86073;0;T;True;2
1621233117000;11505575;0.86067;0.86079;0.86073;0;T;True;2
1621233118000;11505578;0.86065;0.86077;0.86071;2;T;True;2
1621233119000;11505580;0.86065;0.86077;0.86071;1;T;True;2
1621233120000;11505582;0.86065;0.86077;0.86071;1;T;True;2
1621233121000;11505583;0.86065;0.86077;0.86071;0;T;True;2
1621233122000;11505584;0.86065;0.86077;0.86071;0;T;True;2
1621233123000;11505585;0.86065;0.86077;0.86071;0;T;True;2
1621233124000;11505586;0.86065;0.86077;0.86071;0;T;True;2
1621233125000;11505587;0.86065;0.86077;0.86071;0;T;True;2
1621233126000;11505591;0.86062;0.86074;0.86068;3;T;True;2
1621233127000;11505593;0.86061;0.86073;0.86067;1;T;True;2
1621233128000;11505594;0.86061;0.86073;0.86067;0;T;True;2
1621233129000;11505595;0.86061;0.86073;0.86067;0;T;True;2
1621233130000;11505596;0.86061;0.86073;0.86067;0;T;True;2
1621233131000;11505598;0.86061;0.86073;0.86067;1;T;True;2
1621233132000;11505599;0.86061;0.86073;0.86067;0;T;True;2
1621233133000;11505600;0.86061;0.86073;0.86067;0;T;True;2
1621233134000;11505601;0.86061;0.86073;0.86067;0;T;True;2
1621233135000;11505602;0.86061;0.86073;0.86067;0;T;True;2
1621233136000;11505603;0.86061;0.86073;0.86067;0;T;True;2
1621233137000;11505606;0.86061;0.86073;0.86067;2;T;True;2
1621233138000;11505608;0.86061;0.86073;0.86067;1;T;True;2
1621233139000;11505611;0.86061;0.86073;0.86067;2;T;True;2
1621233140000;11505612;0.86061;0.86073;0.86067;0;T;True;2
1621233141000;11505614;0.86063;0.86075;0.86069;1;T;True;2
1621233142000;11505616;0.86061;0.86073;0.86067;1;T;True;2
1621233143000;11505617;0.86061;0.86073;0.86067;0;T;True;2
1621233144000;11505618;0.86061;0.86073;0.86067;0;T;True;2
1621233145000;11505620;0.86061;0.86073;0.86067;1;T;True;2
1621233146000;11505621;0.86061;0.86073;0.86067;0;T;True;2
1621233147000;11505622;0.86061;0.86073;0.86067;0;T;True;2
1621233148000;11505624;0.86061;0.86073;0.86067;1;T;True;2
1621233149000;11505625;0.86061;0.86073;0.86067;0;T;True;2
1621233150000;11505626;0.86061;0.86073;0.86067;0;T;True;2
1621233151000;11505627;0.86061;0.86073;0.86067;0;T;True;2
1621233152000;11505628;0.86061;0.86073;0.86067;0;T;True;2
1621233153000;11505632;0.86062;0.86074;0.86068;3;T;True;2
1621233154000;11505633;0.86062;0.86074;0.86068;0;T;True;2
1621233155000;11505634;0.86062;0.86074;0.86068;0;T;True;2
1621233156000;11505636;0.86063;0.86075;0.86069;1;T;True;2
1621233157000;11505637;0.86063;0.86075;0.86069;0;T;True;2
1621233158000;11505638;0.86063;0.86075;0.86069;0;T;True;2
1621233159000;11505639;0.86063;0.86075;0.86069;0;T;True;2
1621233160000;11505641;0.86063;0.86075;0.86069;1;T;True;2
1621233161000;11505642;0.86063;0.86075;0.86069;0;T;True;2
1621233162000;11505644;0.86063;0.86075;0.86069;1;T;True;2
1621233163000;11505645;0.86063;0.86075;0.86069;0;T;True;2
1621233164000;11505647;0.86063;0.86075;0.86069;1;T;True;2
1621233165000;11505650;0.86063;0.86075;0.86069;2;T;True;2
1621233166000;11505654;0.86063;0.86075;0.86069;3;T;True;2
1621233167000;11505655;0.86063;0.86075;0.86069;0;T;True;2
1621233168000;11505656;0.86063;0.86075;0.86069;0;T;True;2
1621233169000;11505660;0.86064;0.86076;0.8607;3;T;True;2
1621233170000;11505666;0.86063;0.86075;0.86069;5;T;True;2
1621233171000;11505669;0.86063;0.86075;0.86069;2;T;True;2
1621233172000;11505674;0.86061;0.86073;0.86067;4;T;True;2
1621233173000;11505677;0.86061;0.86073;0.86067;2;T;True;2
1621233174000;11505678;0.86061;0.86073;0.86067;0;T;True;2
1621233175000;11505680;0.86061;0.86073;0.86067;1;T;True;2
1621233176000;11505681;0.86061;0.86073;0.86067;0;T;True;2
1621233177000;11505683;0.86061;0.86073;0.86067;1;T;True;2
1621233178000;11505685;0.86063;0.86075;0.86069;1;T;True;2
1621233179000;11505686;0.86063;0.86075;0.86069;0;T;True;2
1621233180000;11505687;0.86063;0.86075;0.86069;0;T;True;2
1621233181000;11505691;0.86063;0.86075;0.86069;3;T;True;2
1621233182000;11505697;0.86057;0.86069;0.86063;5;T;True;2
1621233183000;11505699;0.86055;0.86067;0.86061;1;T;True;2
1621233184000;11505701;0.86055;0.86067;0.86061;1;T;True;2
1621233185000;11505702;0.86055;0.86067;0.86061;0;T;True;2
1621233186000;11505703;0.86055;0.86067;0.86061;0;T;True;2
1621233187000;11505704;0.86055;0.86067;0.86061;0;T;True;2
1621233188000;11505706;0.86055;0.86067;0.86061;1;T;True;2
1621233189000;11505708;0.86056;0.86068;0.86062;1;T;True;2
1621233190000;11505709;0.86056;0.86068;0.86062;0;T;True;2
1621233191000;11505710;0.86056;0.86068;0.86062;0;T;True;2
1621233192000;11505711;0.86056;0.86068;0.86062;0;T;True;2
1621233193000;11505713;0.86055;0.86067;0.86061;1;T;True;2
1621233194000;11505717;0.86053;0.86065;0.86059;3;T;True;2
1621233195000;11505718;0.86053;0.86065;0.86059;0;T;True;2
1621233196000;11505720;0.86054;0.86066;0.8606;1;T;True;2
1621233197000;11505721;0.86054;0.86066;0.8606;0;T;True;2
1621233198000;11505723;0.86053;0.86065;0.86059;1;T;True;2
1621233199000;11505725;0.86052;0.86064;0.86058;1;T;True;2
1621233200000;11505729;0.86053;0.86065;0.86059;3;T;True;2
1621233201000;11505730;0.86053;0.86065;0.86059;0;T;True;2
1621233202000;11505731;0.86053;0.86065;0.86059;0;T;True;2
1621233203000;11505735;0.86053;0.86065;0.86059;3;T;True;2
1621233204000;11505736;0.86053;0.86065;0.86059;0;T;True;2
1621233205000;11505737;0.86053;0.86065;0.86059;0;T;True;2
1621233206000;11505738;0.86053;0.86065;0.86059;0;T;True;2
1621233207000;11505739;0.86053;0.86065;0.86059;0;T;True;2
1621233208000;11505740;0.86053;0.86065;0.86059;0;T;True;2
1621233209000;11505741;0.86053;0.86065;0.86059;0;T;True;2
1621233210000;11505743;0.86051;0.86063;0.86057;1;T;True;2
1621233211000;11505745;0.86051;0.86063;0.86057;1;T;True;2
1621233212000;11505746;0.86051;0.86063;0.86057;0;T;True;2
1621233213000;11505747;0.86051;0.86063;0.86057;0;T;True;2
1621233214000;11505748;0.86051;0.86063;0.86057;0;T;True;2
1621233215000;11505752;0.86051;0.86063;0.86057;3;T;True;2
1621233216000;11505753;0.86051;0.86063;0.86057;0;T;True;2
1621233217000;11505754;0.86051;0.86063;0.86057;0;T;True;2
1621233218000;11505755;0.86051;0.86063;0.86057;0;T;True;2
1621233219000;11505756;0.86051;0.86063;0.86057;0;T;True;2
1621233220000;11505757;0.86051;0.86063;0.86057;0;T;True;2
1621233221000;11505758;0.86051;0.86063;0.86057;0;T;True;2
1621233222000;11505761;0.8605;0.86062;0.86056;2;T;True;2
1621233223000;11505762;0.8605;0.86062;0.86056;0;T;True;2
1621233224000;11505763;0.8605;0.86062;0.86056;0;T;True;2
1621233225000;11505769;0.86049;0.86061;0.86055;5;T;True;2
1621233226000;11505770;0.86049;0.86061;0.86055;0;T;True;2
1621233227000;11505773;0.86049;0.86061;0.86055;2;T;True;2
1621233228000;11505780;0.86051;0.86063;0.86057;6;T;True;2
1621233229000;11505784;0.86051;0.86063;0.86057;3;T;True;2
1621233230000;11505786;0.86051;0.86063;0.86057;1;T;True;2
1621233231000;11505789;0.86051;0.86063;0.86057;2;T;True;2
1621233232000;11505790;0.86051;0.86063;0.86057;0;T;True;2
1621233233000;11505792;0.86051;0.86063;0.86057;1;T;True;2
1621233234000;11505794;0.86051;0.86063;0.86057;1;T;True;2
1621233235000;11505795;0.86051;0.86063;0.86057;0;T;True;2
1621233236000;11505796;0.86051;0.86063;0.86057;0;T;True;2
1621233237000;11505797;0.86051;0.86063;0.86057;0;T;True;2
1621233238000;11505801;0.86053;0.86065;0.86059;3;T;True;2
1621233239000;11505803;0.86054;0.86066;0.8606;1;T;True;2
1621233240000;11505804;0.86054;0.86066;0.8606;0;T;True;2
1621233241000;11505810;0.86054;0.86066;0.8606;5;T;True;2
1621233242000;11505828;0.86042;0.86054;0.86048;17;T;True;2
1621233243000;11505835;0.86043;0.86055;0.86049;6;T;True;2
1621233244000;11505839;0.86043;0.86055;0.86049;3;T;True;2
1621233245000;11505846;0.86047;0.86059;0.86053;6;T;True;2
1621233246000;11505847;0.86047;0.86059;0.86053;0;T;True;2
1621233247000;11505849;0.86047;0.86059;0.86053;1;T;True;2
1621233248000;11505850;0.86047;0.86059;0.86053;0;T;True;2
1621233249000;11505857;0.86049;0.86061;0.86055;6;T;True;2
1621233250000;11505859;0.86049;0.86061;0.86055;1;T;True;2
1621233251000;11505860;0.86049;0.86061;0.86055;0;T;True;2
1621233252000;11505862;0.8605;0.86062;0.86056;1;T;True;2
1621233253000;11505865;0.86051;0.86063;0.86057;2;T;True;2
1621233254000;11505866;0.86051;0.86063;0.86057;0;T;True;2
1621233255000;11505867;0.86051;0.86063;0.86057;0;T;True;2
1621233256000;11505868;0.86051;0.86063;0.86057;0;T;True;2
1621233257000;11505869;0.86051;0.86063;0.86057;0;T;True;2
1621233258000;11505872;0.86049;0.86061;0.86055;2;T;True;2
1621233259000;11505876;0.86049;0.86061;0.86055;3;T;True;2
1621233260000;11505880;0.8605;0.86062;0.86056;3;T;True;2
1621233261000;11505883;0.86049;0.86061;0.86055;2;T;True;2
1621233262000;11505884;0.86049;0.86061;0.86055;0;T;True;2
1621233263000;11505885;0.86049;0.86061;0.86055;0;T;True;2
1621233264000;11505889;0.86051;0.86063;0.86057;3;T;True;2
1621233265000;11505892;0.86051;0.86063;0.86057;2;T;True;2
1621233266000;11505893;0.86051;0.86063;0.86057;0;T;True;2
1621233267000;11505895;0.8605;0.86062;0.86056;1;T;True;2
1621233268000;11505901;0.86047;0.86059;0.86053;5;T;True;2
1621233269000;11505904;0.86047;0.86059;0.86053;2;T;True;2
1621233270000;11505908;0.86047;0.86059;0.86053;3;T;True;2
1621233271000;11505914;0.8605;0.86062;0.86056;5;T;True;2
1621233272000;11505918;0.8605;0.86062;0.86056;3;T;True;2
1621233273000;11505920;0.86049;0.86061;0.86055;1;T;True;2
1621233274000;11505921;0.86049;0.86061;0.86055;0;T;True;2
1621233275000;11505925;0.86047;0.86059;0.86053;3;T;True;2
1621233276000;11505928;0.86047;0.86059;0.86053;2;T;True;2
1621233277000;11505933;0.86045;0.86057;0.86051;4;T;True;2
1621233278000;11505934;0.86045;0.86057;0.86051;0;T;True;2
1621233279000;11505937;0.86045;0.86057;0.86051;2;T;True;2
1621233280000;11505938;0.86045;0.86057;0.86051;0;T;True;2
1621233281000;11505942;0.86045;0.86057;0.86051;3;T;True;2
1621233282000;11505944;0.86047;0.86059;0.86053;1;T;True;2
1621233283000;11505947;0.86047;0.86059;0.86053;2;T;True;2
1621233284000;11505951;0.86047;0.86059;0.86053;3;T;True;2
1621233285000;11505952;0.86047;0.86059;0.86053;0;T;True;2
1621233286000;11505954;0.86047;0.86059;0.86053;1;T;True;2
1621233287000;11505964;0.86047;0.86059;0.86053;9;T;True;2
1621233288000;11505971;0.86045;0.86057;0.86051;6;T;True;2
1621233289000;11505973;0.86045;0.86057;0.86051;1;T;True;2
1621233290000;11505981;0.86045;0.86057;0.86051;7;T;True;2
1621233291000;11505982;0.86045;0.86057;0.86051;0;T;True;2
1621233292000;11505985;0.86045;0.86057;0.86051;2;T;True;2
1621233293000;11505988;0.86045;0.86057;0.86051;2;T;True;2
1621233294000;11505992;0.86045;0.86057;0.86051;3;T;True;2
1621233295000;11505999;0.86045;0.86057;0.86051;6;T;True;2
1621233296000;11506000;0.86045;0.86057;0.86051;0;T;True;2
1621233297000;11506001;0.86045;0.86057;0.86051;0;T;True;2
1621233298000;11506002;0.86045;0.86057;0.86051;0;T;True;2
1621233299000;11506005;0.86045;0.86057;0.86051;2;T;True;2
1621233300000;11506007;0.86044;0.86056;0.8605;1;T;True;2
1621233301000;11506013;0.86045;0.86057;0.86051;5;T;True;2
1621233302000;11506018;0.86046;0.86058;0.86052;4;T;True;2
1621233303000;11506019;0.86046;0.86058;0.86052;0;T;True;2
1621233304000;11506031;0.86041;0.86053;0.86047;11;T;True;2
1621233305000;11506034;0.86041;0.86053;0.86047;2;T;True;2
1621233306000;11506036;0.86041;0.86053;0.86047;1;T;True;2
1621233307000;11506038;0.86041;0.86053;0.86047;1;T;True;2
1621233308000;11506047;0.86043;0.86055;0.86049;8;T;True;2
1621233309000;11506053;0.86043;0.86055;0.86049;5;T;True;2
1621233310000;11506056;0.86041;0.86053;0.86047;2;T;True;2
1621233311000;11506058;0.86041;0.86053;0.86047;1;T;True;2
1621233312000;11506060;0.8604;0.86052;0.86046;1;T;True;2
1621233313000;11506063;0.86041;0.86053;0.86047;2;T;True;2
1621233314000;11506065;0.86041;0.86053;0.86047;1;T;True;2
1621233315000;11506070;0.86043;0.86055;0.86049;4;T;True;2
1621233316000;11506076;0.8604;0.86052;0.86046;5;T;True;2
1621233317000;11506086;0.86039;0.86051;0.86045;9;T;True;2
1621233318000;11506094;0.86035;0.86047;0.86041;7;T;True;2
1621233319000;11506096;0.86033;0.86045;0.86039;1;T;True;2
1621233320000;11506097;0.86033;0.86045;0.86039;0;T;True;2
1621233321000;11506100;0.86033;0.86045;0.86039;2;T;True;2
1621233322000;11506104;0.86033;0.86045;0.86039;3;T;True;2
1621233323000;11506107;0.86033;0.86045;0.86039;2;T;True;2
1621233324000;11506111;0.86035;0.86047;0.86041;3;T;True;2
1621233325000;11506112;0.86035;0.86047;0.86041;0;T;True;2
1621233326000;11506113;0.86035;0.86047;0.86041;0;T;True;2
1621233327000;11506114;0.86035;0.86047;0.86041;0;T;True;2
1621233328000;11506116;0.86034;0.86046;0.8604;1;T;True;2
1621233329000;11506117;0.86034;0.86046;0.8604;0;T;True;2
1621233330000;11506118;0.86034;0.86046;0.8604;0;T;True;2
1621233331000;11506119;0.86034;0.86046;0.8604;0;T;True;2
1621233332000;11506122;0.86037;0.86049;0.86043;2;T;True;2
1621233333000;11506124;0.86036;0.86048;0.86042;1;T;True;2
1621233334000;11506125;0.86036;0.86048;0.86042;0;T;True;2
1621233335000;11506127;0.86037;0.86049;0.86043;1;T;True;2
1621233336000;11506129;0.86037;0.86049;0.86043;1;T;True;2
1621233337000;11506130;0.86037;0.86049;0.86043;0;T;True;2
1621233338000;11506132;0.86037;0.86049;0.86043;1;T;True;2
1621233339000;11506134;0.86037;0.86049;0.86043;1;T;True;2
1621233340000;11506135;0.86037;0.86049;0.86043;0;T;True;2
1621233341000;11506136;0.86037;0.86049;0.86043;0;T;True;2
1621233342000;11506137;0.86037;0.86049;0.86043;0;T;True;2
1621233343000;11506139;0.86037;0.86049;0.86043;1;T;True;2
1621233344000;11506144;0.86033;0.86045;0.86039;4;T;True;2
1621233345000;11506151;0.86037;0.86049;0.86043;6;T;True;2
1621233346000;11506152;0.86037;0.86049;0.86043;0;T;True;2
1621233347000;11506153;0.86037;0.86049;0.86043;0;T;True;2
1621233348000;11506154;0.86037;0.86049;0.86043;0;T;True;2
1621233349000;11506155;0.86037;0.86049;0.86043;0;T;True;2
1621233350000;11506157;0.86037;0.86049;0.86043;1;T;True;2
1621233351000;11506159;0.86037;0.86049;0.86043;1;T;True;2
1621233352000;11506161;0.86037;0.86049;0.86043;1;T;True;2
1621233353000;11506162;0.86037;0.86049;0.86043;0;T;True;2
1621233354000;11506163;0.86037;0.86049;0.86043;0;T;True;2
1621233355000;11506164;0.86037;0.86049;0.86043;0;T;True;2
1621233356000;11506165;0.86037;0.86049;0.86043;0;T;True;2
1621233357000;11506167;0.86037;0.86049;0.86043;1;T;True;2
1621233358000;11506169;0.86037;0.86049;0.86043;1;T;True;2
1621233359000;11506170;0.86037;0.86049;0.86043;0;T;True;2
1621233360000;11506176;0.86039;0.86051;0.86045;5;T;True;2
1621233361000;11506179;0.86039;0.86051;0.86045;2;T;True;2
1621233362000;11506180;0.86039;0.86051;0.86045;0;T;True;2
1621233363000;11506186;0.86039;0.86051;0.86045;5;T;True;2
1621233364000;11506189;0.8604;0.86052;0.86046;2;T;True;2
1621233365000;11506191;0.86039;0.86051;0.86045;1;T;True;2
1621233366000;11506192;0.86039;0.86051;0.86045;0;T;True;2
1621233367000;11506193;0.86039;0.86051;0.86045;0;T;True;2
1621233368000;11506195;0.86039;0.86051;0.86045;1;T;True;2
1621233369000;11506196;0.86039;0.86051;0.86045;0;T;True;2
1621233370000;11506197;0.86039;0.86051;0.86045;0;T;True;2
1621233371000;11506199;0.86039;0.86051;0.86045;1;T;True;2
1621233372000;11506200;0.86039;0.86051;0.86045;0;T;True;2
1621233373000;11506203;0.86039;0.86051;0.86045;2;T;True;2
1621233374000;11506204;0.86039;0.86051;0.86045;0;T;True;2
1621233375000;11506207;0.86038;0.8605;0.86044;2;T;True;2
1621233376000;11506210;0.86037;0.86049;0.86043;2;T;True;2
1621233377000;11506214;0.86038;0.8605;0.86044;3;T;True;2
1621233378000;11506222;0.86036;0.86048;0.86042;7;T;True;2
1621233379000;11506224;0.86035;0.86047;0.86041;1;T;True;2
1621233380000;11506225;0.86035;0.86047;0.86041;0;T;True;2
1621233381000;11506226;0.86035;0.86047;0.86041;0;T;True;2
1621233382000;11506227;0.86035;0.86047;0.86041;0;T;True;2
1621233383000;11506228;0.86035;0.86047;0.86041;0;T;True;2
1621233384000;11506233;0.86036;0.86048;0.86042;4;T;True;2
1621233385000;11506239;0.86032;0.86044;0.86038;5;T;True;2
1621233386000;11506243;0.86032;0.86044;0.86038;3;T;True;2
1621233387000;11506245;0.86032;0.86044;0.86038;1;T;True;2
1621233388000;11506248;0.86035;0.86047;0.86041;2;T;True;2
1621233389000;11506249;0.86035;0.86047;0.86041;0;T;True;2
1621233390000;11506250;0.86035;0.86047;0.86041;0;T;True;2
1621233391000;11506251;0.86035;0.86047;0.86041;0;T;True;2
1621233392000;11506252;0.86035;0.86047;0.86041;0;T;True;2
1621233393000;11506258;0.86029;0.86041;0.86035;5;T;True;2
1621233394000;11506267;0.86031;0.86043;0.86037;8;T;True;2
1621233395000;11506269;0.86031;0.86043;0.86037;1;T;True;2
1621233396000;11506275;0.86034;0.86046;0.8604;5;T;True;2
1621233397000;11506279;0.86035;0.86047;0.86041;3;T;True;2
1621233398000;11506280;0.86035;0.86047;0.86041;0;T;True;2
1621233399000;11506282;0.86035;0.86047;0.86041;1;T;True;2
1621233400000;11506283;0.86035;0.86047;0.86041;0;T;True;2
1621233401000;11506293;0.8603;0.86042;0.86036;9;T;True;2
1621233402000;11506297;0.86031;0.86043;0.86037;3;T;True;2
1621233403000;11506298;0.86031;0.86043;0.86037;0;T;True;2
1621233404000;11506300;0.86029;0.86041;0.86035;1;T;True;2
1621233405000;11506302;0.86027;0.86039;0.86033;1;T;True;2
1621233406000;11506305;0.86026;0.86038;0.86032;2;T;True;2
1621233407000;11506307;0.86026;0.86038;0.86032;1;T;True;2
1621233408000;11506308;0.86026;0.86038;0.86032;0;T;True;2
1621233409000;11506309;0.86026;0.86038;0.86032;0;T;True;2
1621233410000;11506310;0.86026;0.86038;0.86032;0;T;True;2
1621233411000;11506316;0.86032;0.86044;0.86038;5;T;True;2
1621233412000;11506320;0.86037;0.86049;0.86043;3;T;True;2
1621233413000;11506323;0.86037;0.86049;0.86043;2;T;True;2
1621233414000;11506324;0.86037;0.86049;0.86043;0;T;True;2
1621233415000;11506325;0.86037;0.86049;0.86043;0;T;True;2
1621233416000;11506326;0.86037;0.86049;0.86043;0;T;True;2
1621233417000;11506327;0.86037;0.86049;0.86043;0;T;True;2
1621233418000;11506332;0.86031;0.86043;0.86037;4;T;True;2
1621233419000;11506333;0.86031;0.86043;0.86037;0;T;True;2
1621233420000;11506334;0.86031;0.86043;0.86037;0;T;True;2
1621233421000;11506335;0.86031;0.86043;0.86037;0;T;True;2
1621233422000;11506336;0.86031;0.86043;0.86037;0;T;True;2
1621233423000;11506337;0.86031;0.86043;0.86037;0;T;True;2
1621233424000;11506341;0.86029;0.86041;0.86035;3;T;True;2
1621233425000;11506343;0.86029;0.86041;0.86035;1;T;True;2
1621233426000;11506348;0.86031;0.86043;0.86037;4;T;True;2
1621233427000;11506352;0.86031;0.86043;0.86037;3;T;True;2
1621233428000;11506353;0.86031;0.86043;0.86037;0;T;True;2
1621233429000;11506355;0.86029;0.86041;0.86035;1;T;True;2
1621233430000;11506357;0.86029;0.86041;0.86035;1;T;True;2
1621233431000;11506358;0.86029;0.86041;0.86035;0;T;True;2
1621233432000;11506359;0.86029;0.86041;0.86035;0;T;True;2
1621233433000;11506360;0.86029;0.86041;0.86035;0;T;True;2
1621233434000;11506361;0.86029;0.86041;0.86035;0;T;True;2
1621233435000;11506364;0.86026;0.86038;0.86032;2;T;True;2
1621233436000;11506366;0.86027;0.86039;0.86033;1;T;True;2
1621233437000;11506367;0.86027;0.86039;0.86033;0;T;True;2
1621233438000;11506368;0.86027;0.86039;0.86033;0;T;True;2
1621233439000;11506370;0.86025;0.86037;0.86031;1;T;True;2
1621233440000;11506371;0.86025;0.86037;0.86031;0;T;True;2
1621233441000;11506375;0.86025;0.86037;0.86031;3;T;True;2
1621233442000;11506377;0.86025;0.86037;0.86031;1;T;True;2
1621233443000;11506378;0.86025;0.86037;0.86031;0;T;True;2
1621233444000;11506380;0.86024;0.86036;0.8603;1;T;True;2
1621233445000;11506382;0.86023;0.86035;0.86029;1;T;True;2
1621233446000;11506383;0.86023;0.86035;0.86029;0;T;True;2
1621233447000;11506384;0.86023;0.86035;0.86029;0;T;True;2
1621233448000;11506385;0.86023;0.86035;0.86029;0;T;True;2
1621233449000;11506386;0.86023;0.86035;0.86029;0;T;True;2
1621233450000;11506387;0.86023;0.86035;0.86029;0;T;True;2
1621233451000;11506389;0.86023;0.86035;0.86029;1;T;True;2
1621233452000;11506390;0.86023;0.86035;0.86029;0;T;True;2
1621233453000;11506391;0.86023;0.86035;0.86029;0;T;True;2
1621233454000;11506394;0.86025;0.86037;0.86031;2;T;True;2
1621233455000;11506397;0.86027;0.86039;0.86033;2;T;True;2
1621233456000;11506398;0.86027;0.86039;0.86033;0;T;True;2
1621233457000;11506399;0.86027;0.86039;0.86033;0;T;True;2
1621233458000;11506400;0.86027;0.86039;0.86033;0;T;True;2
1621233459000;11506401;0.86027;0.86039;0.86033;0;T;True;2
1621233460000;11506402;0.86027;0.86039;0.86033;0;T;True;2
1621233461000;11506403;0.86027;0.86039;0.86033;0;T;True;2
1621233462000;11506404;0.86027;0.86039;0.86033;0;T;True;2
1621233463000;11506405;0.86027;0.86039;0.86033;0;T;True;2
1621233464000;11506406;0.86027;0.86039;0.86033;0;T;True;2
1621233465000;11506407;0.86027;0.86039;0.86033;0;T;True;2
1621233466000;11506408;0.86027;0.86039;0.86033;0;T;True;2
1621233467000;11506409;0.86027;0.86039;0.86033;0;T;True;2
1621233468000;11506411;0.86029;0.86041;0.86035;1;T;True;2
1621233469000;11506412;0.86029;0.86041;0.86035;0;T;True;2
1621233470000;11506415;0.86029;0.86041;0.86035;2;T;True;2
1621233471000;11506416;0.86029;0.86041;0.86035;0;T;True;2
1621233472000;11506417;0.86029;0.86041;0.86035;0;T;True;2
1621233473000;11506418;0.86029;0.86041;0.86035;0;T;True;2
1621233474000;11506421;0.86029;0.86041;0.86035;2;T;True;2
1621233475000;11506422;0.86029;0.86041;0.86035;0;T;True;2
1621233476000;11506426;0.86028;0.8604;0.86034;3;T;True;2
1621233477000;11506427;0.86028;0.8604;0.86034;0;T;True;2
1621233478000;11506428;0.86028;0.8604;0.86034;0;T;True;2
1621233479000;11506429;0.86028;0.8604;0.86034;0;T;True;2
1621233480000;11506430;0.86028;0.8604;0.86034;0;T;True;2
1621233481000;11506431;0.86028;0.8604;0.86034;0;T;True;2
1621233482000;11506432;0.86028;0.8604;0.86034;0;T;True;2
1621233483000;11506434;0.86029;0.86041;0.86035;1;T;True;2
1621233484000;11506435;0.86029;0.86041;0.86035;0;T;True;2
1621233485000;11506437;0.86031;0.86043;0.86037;1;T;True;2
1621233486000;11506442;0.86033;0.86045;0.86039;4;T;True;2
1621233487000;11506444;0.86035;0.86047;0.86041;1;T;True;2
1621233488000;11506447;0.86037;0.86049;0.86043;2;T;True;2
1621233489000;11506448;0.86037;0.86049;0.86043;0;T;True;2
1621233490000;11506449;0.86037;0.86049;0.86043;0;T;True;2
1621233491000;11506450;0.86037;0.86049;0.86043;0;T;True;2
1621233492000;11506452;0.86039;0.86051;0.86045;1;T;True;2
1621233493000;11506453;0.86039;0.86051;0.86045;0;T;True;2
1621233494000;11506454;0.86039;0.86051;0.86045;0;T;True;2
1621233495000;11506455;0.86039;0.86051;0.86045;0;T;True;2
1621233496000;11506456;0.86039;0.86051;0.86045;0;T;True;2
1621233497000;11506457;0.86039;0.86051;0.86045;0;T;True;2
1621233498000;11506458;0.86039;0.86051;0.86045;0;T;True;2
1621233499000;11506461;0.86037;0.86049;0.86043;2;T;True;2
1621233500000;11506462;0.86037;0.86049;0.86043;0;T;True;2
1621233501000;11506463;0.86037;0.86049;0.86043;0;T;True;2
1621233502000;11506464;0.86037;0.86049;0.86043;0;T;True;2
1621233503000;11506465;0.86037;0.86049;0.86043;0;T;True;2
1621233504000;11506466;0.86037;0.86049;0.86043;0;T;True;2
1621233505000;11506467;0.86037;0.86049;0.86043;0;T;True;2
1621233506000;11506468;0.86037;0.86049;0.86043;0;T;True;2
1621233507000;11506469;0.86037;0.86049;0.86043;0;T;True;2
1621233508000;11506470;0.86037;0.86049;0.86043;0;T;True;2
1621233509000;11506472;0.86038;0.8605;0.86044;1;T;True;2
1621233510000;11506473;0.86038;0.8605;0.86044;0;T;True;2
1621233511000;11506477;0.86038;0.8605;0.86044;3;T;True;2
1621233512000;11506479;0.86037;0.86049;0.86043;1;T;True;2
1621233513000;11506480;0.86037;0.86049;0.86043;0;T;True;2
1621233514000;11506481;0.86037;0.86049;0.86043;0;T;True;2
1621233515000;11506482;0.86037;0.86049;0.86043;0;T;True;2
1621233516000;11506485;0.86038;0.8605;0.86044;2;T;True;2
1621233517000;11506486;0.86038;0.8605;0.86044;0;T;True;2
1621233518000;11506487;0.86038;0.8605;0.86044;0;T;True;2
1621233519000;11506489;0.86038;0.8605;0.86044;1;T;True;2
1621233520000;11506491;0.86038;0.8605;0.86044;1;T;True;2
1621233521000;11506492;0.86038;0.8605;0.86044;0;T;True;2
1621233522000;11506494;0.86039;0.86051;0.86045;1;T;True;2
1621233523000;11506495;0.86039;0.86051;0.86045;0;T;True;2
1621233524000;11506497;0.86039;0.86051;0.86045;1;T;True;2
1621233525000;11506499;0.86039;0.86051;0.86045;1;T;True;2
1621233526000;11506501;0.86037;0.86049;0.86043;1;T;True;2
1621233527000;11506502;0.86037;0.86049;0.86043;0;T;True;2
1621233528000;11506503;0.86037;0.86049;0.86043;0;T;True;2
1621233529000;11506505;0.86037;0.86049;0.86043;1;T;True;2
1621233530000;11506506;0.86037;0.86049;0.86043;0;T;True;2
1621233531000;11506508;0.86037;0.86049;0.86043;1;T;True;2
1621233532000;11506509;0.86037;0.86049;0.86043;0;T;True;2
1621233533000;11506510;0.86037;0.86049;0.86043;0;T;True;2
1621233534000;11506511;0.86037;0.86049;0.86043;0;T;True;2
1621233535000;11506512;0.86037;0.86049;0.86043;0;T;True;2
1621233536000;11506517;0.86037;0.86049;0.86043;4;T;True;2
1621233537000;11506518;0.86037;0.86049;0.86043;0;T;True;2
1621233538000;11506519;0.86037;0.86049;0.86043;0;T;True;2
1621233539000;11506521;0.86039;0.86051;0.86045;1;T;True;2
1621233540000;11506522;0.86039;0.86051;0.86045;0;T;True;2
1621233541000;11506523;0.86039;0.86051;0.86045;0;T;True;2
1621233542000;11506524;0.86039;0.86051;0.86045;0;T;True;2
1621233543000;11506525;0.86039;0.86051;0.86045;0;T;True;2
1621233544000;11506527;0.86038;0.8605;0.86044;1;T;True;2
1621233545000;11506528;0.86038;0.8605;0.86044;0;T;True;2
1621233546000;11506529;0.86038;0.8605;0.86044;0;T;True;2
1621233547000;11506531;0.86037;0.86049;0.86043;1;T;True;2
1621233548000;11506532;0.86037;0.86049;0.86043;0;T;True;2
1621233549000;11506533;0.86037;0.86049;0.86043;0;T;True;2
1621233550000;11506534;0.86037;0.86049;0.86043;0;T;True;2
1621233551000;11506536;0.86038;0.8605;0.86044;1;T;True;2
1621233552000;11506537;0.86038;0.8605;0.86044;0;T;True;2
1621233553000;11506538;0.86038;0.8605;0.86044;0;T;True;2
1621233554000;11506539;0.86038;0.8605;0.86044;0;T;True;2
1621233555000;11506540;0.86038;0.8605;0.86044;0;T;True;2
1621233556000;11506541;0.86038;0.8605;0.86044;0;T;True;2
1621233557000;11506543;0.86037;0.86049;0.86043;1;T;True;2
1621233558000;11506544;0.86037;0.86049;0.86043;0;T;True;2
1621233559000;11506548;0.86035;0.86047;0.86041;3;T;True;2
1621233560000;11506551;0.86034;0.86046;0.8604;2;T;True;2
1621233561000;11506552;0.86034;0.86046;0.8604;0;T;True;2
1621233562000;11506553;0.86034;0.86046;0.8604;0;T;True;2
1621233563000;11506554;0.86034;0.86046;0.8604;0;T;True;2
1621233564000;11506555;0.86034;0.86046;0.8604;0;T;True;2
1621233565000;11506556;0.86034;0.86046;0.8604;0;T;True;2
1621233566000;11506557;0.86034;0.86046;0.8604;0;T;True;2
1621233567000;11506559;0.86034;0.86046;0.8604;1;T;True;2
1621233568000;11506560;0.86034;0.86046;0.8604;0;T;True;2
1621233569000;11506562;0.86033;0.86045;0.86039;1;T;True;2
1621233570000;11506563;0.86033;0.86045;0.86039;0;T;True;2
1621233571000;11506564;0.86033;0.86045;0.86039;0;T;True;2
1621233572000;11506565;0.86033;0.86045;0.86039;0;T;True;2
1621233573000;11506566;0.86033;0.86045;0.86039;0;T;True;2
1621233574000;11506570;0.86035;0.86047;0.86041;3;T;True;2
1621233575000;11506571;0.86035;0.86047;0.86041;0;T;True;2
1621233576000;11506573;0.86036;0.86048;0.86042;1;T;True;2
1621233577000;11506575;0.86036;0.86048;0.86042;1;T;True;2
1621233578000;11506576;0.86036;0.86048;0.86042;0;T;True;2
1621233579000;11506578;0.86036;0.86048;0.86042;1;T;True;2
1621233580000;11506580;0.86036;0.86048;0.86042;1;T;True;2
1621233581000;11506581;0.86036;0.86048;0.86042;0;T;True;2
1621233582000;11506583;0.86036;0.86048;0.86042;1;T;True;2
1621233583000;11506584;0.86036;0.86048;0.86042;0;T;True;2
1621233584000;11506585;0.86036;0.86048;0.86042;0;T;True;2
1621233585000;11506586;0.86036;0.86048;0.86042;0;T;True;2
1621233586000;11506591;0.86037;0.86049;0.86043;4;T;True;2
1621233587000;11506592;0.86037;0.86049;0.86043;0;T;True;2
1621233588000;11506594;0.86038;0.8605;0.86044;1;T;True;2
1621233589000;11506600;0.86035;0.86047;0.86041;5;T;True;2
1621233590000;11506601;0.86035;0.86047;0.86041;0;T;True;2
1621233591000;11506605;0.86035;0.86047;0.86041;3;T;True;2
1621233592000;11506607;0.86036;0.86048;0.86042;1;T;True;2
1621233593000;11506608;0.86036;0.86048;0.86042;0;T;True;2
1621233594000;11506609;0.86036;0.86048;0.86042;0;T;True;2
1621233595000;11506610;0.86036;0.86048;0.86042;0;T;True;2
1621233596000;11506611;0.86036;0.86048;0.86042;0;T;True;2
1621233597000;11506612;0.86036;0.86048;0.86042;0;T;True;2
1621233598000;11506613;0.86036;0.86048;0.86042;0;T;True;2
1621233599000;11506614;0.86036;0.86048;0.86042;0;T;True;2
1621233600000;11506615;0.86036;0.86048;0.86042;0;T;True;2
1621233601000;11506616;0.86036;0.86048;0.86042;0;T;True;2
1621233602000;11506620;0.86035;0.86047;0.86041;3;T;True;2
1621233603000;11506622;0.86035;0.86047;0.86041;1;T;True;2
1621233604000;11506623;0.86035;0.86047;0.86041;0;T;True;2
1621233605000;11506629;0.86033;0.86045;0.86039;5;T;True;2
1621233606000;11506631;0.86033;0.86045;0.86039;1;T;True;2
1621233607000;11506633;0.86033;0.86045;0.86039;1;T;True;2
1621233608000;11506634;0.86033;0.86045;0.86039;0;T;True;2
1621233609000;11506635;0.86033;0.86045;0.86039;0;T;True;2
1621233610000;11506637;0.86035;0.86047;0.86041;1;T;True;2
1621233611000;11506638;0.86035;0.86047;0.86041;0;T;True;2
1621233612000;11506639;0.86035;0.86047;0.86041;0;T;True;2
1621233613000;11506641;0.86035;0.86047;0.86041;1;T;True;2
1621233614000;11506642;0.86035;0.86047;0.86041;0;T;True;2
1621233615000;11506643;0.86035;0.86047;0.86041;0;T;True;2
1621233616000;11506644;0.86035;0.86047;0.86041;0;T;True;2
1621233617000;11506645;0.86035;0.86047;0.86041;0;T;True;2
1621233618000;11506646;0.86035;0.86047;0.86041;0;T;True;2
1621233619000;11506648;0.86037;0.86049;0.86043;1;T;True;2
1621233620000;11506651;0.86037;0.86049;0.86043;2;T;True;2
1621233621000;11506652;0.86037;0.86049;0.86043;0;T;True;2
1621233622000;11506658;0.86043;0.86055;0.86049;5;T;True;2
1621233623000;11506664;0.86045;0.86057;0.86051;5;T;True;2
1621233624000;11506670;0.86047;0.86059;0.86053;5;T;True;2
1621233625000;11506673;0.86047;0.86059;0.86053;2;T;True;2
1621233626000;11506674;0.86047;0.86059;0.86053;0;T;True;2
1621233627000;11506675;0.86047;0.86059;0.86053;0;T;True;2
1621233628000;11506676;0.86047;0.86059;0.86053;0;T;True;2
1621233629000;11506677;0.86047;0.86059;0.86053;0;T;True;2
1621233630000;11506678;0.86047;0.86059;0.86053;0;T;True;2
1621233631000;11506679;0.86047;0.86059;0.86053;0;T;True;2
1621233632000;11506680;0.86047;0.86059;0.86053;0;T;True;2
1621233633000;11506681;0.86047;0.86059;0.86053;0;T;True;2
1621233634000;11506683;0.86047;0.86059;0.86053;1;T;True;2
1621233635000;11506685;0.86047;0.86059;0.86053;1;T;True;2
1621233636000;11506686;0.86047;0.86059;0.86053;0;T;True;2
1621233637000;11506687;0.86047;0.86059;0.86053;0;T;True;2
1621233638000;11506688;0.86047;0.86059;0.86053;0;T;True;2
1621233639000;11506691;0.86046;0.86058;0.86052;2;T;True;2
1621233640000;11506694;0.86046;0.86058;0.86052;2;T;True;2
1621233641000;11506696;0.86046;0.86058;0.86052;1;T;True;2
1621233642000;11506700;0.86047;0.86059;0.86053;3;T;True;2
1621233643000;11506702;0.86047;0.86059;0.86053;1;T;True;2
1621233644000;11506705;0.86047;0.86059;0.86053;2;T;True;2
1621233645000;11506708;0.86047;0.86059;0.86053;2;T;True;2
1621233646000;11506709;0.86047;0.86059;0.86053;0;T;True;2
1621233647000;11506710;0.86047;0.86059;0.86053;0;T;True;2
1621233648000;11506711;0.86047;0.86059;0.86053;0;T;True;2
1621233649000;11506712;0.86047;0.86059;0.86053;0;T;True;2
1621233650000;11506713;0.86047;0.86059;0.86053;0;T;True;2
1621233651000;11506714;0.86047;0.86059;0.86053;0;T;True;2
1621233652000;11506715;0.86047;0.86059;0.86053;0;T;True;2
1621233653000;11506716;0.86047;0.86059;0.86053;0;T;True;2
1621233654000;11506719;0.86047;0.86059;0.86053;2;T;True;2
1621233655000;11506720;0.86047;0.86059;0.86053;0;T;True;2
1621233656000;11506721;0.86047;0.86059;0.86053;0;T;True;2
1621233657000;11506722;0.86047;0.86059;0.86053;0;T;True;2
1621233658000;11506724;0.86047;0.86059;0.86053;1;T;True;2
1621233659000;11506728;0.86047;0.86059;0.86053;3;T;True;2
1621233660000;11506729;0.86047;0.86059;0.86053;0;T;True;2
1621233661000;11506732;0.86047;0.86059;0.86053;2;T;True;2
1621233662000;11506733;0.86047;0.86059;0.86053;0;T;True;2
1621233663000;11506735;0.86047;0.86059;0.86053;1;T;True;2
1621233664000;11506736;0.86047;0.86059;0.86053;0;T;True;2
1621233665000;11506737;0.86047;0.86059;0.86053;0;T;True;2
1621233666000;11506738;0.86047;0.86059;0.86053;0;T;True;2
1621233667000;11506739;0.86047;0.86059;0.86053;0;T;True;2
1621233668000;11506740;0.86047;0.86059;0.86053;0;T;True;2
1621233669000;11506741;0.86047;0.86059;0.86053;0;T;True;2
1621233670000;11506742;0.86047;0.86059;0.86053;0;T;True;2
1621233671000;11506744;0.86047;0.86059;0.86053;1;T;True;2
1621233672000;11506745;0.86047;0.86059;0.86053;0;T;True;2
1621233673000;11506746;0.86047;0.86059;0.86053;0;T;True;2
1621233674000;11506747;0.86047;0.86059;0.86053;0;T;True;2
1621233675000;11506748;0.86047;0.86059;0.86053;0;T;True;2
1621233676000;11506750;0.86049;0.86061;0.86055;1;T;True;2
1621233677000;11506754;0.86046;0.86058;0.86052;3;T;True;2
1621233678000;11506755;0.86046;0.86058;0.86052;0;T;True;2
1621233679000;11506757;0.86045;0.86057;0.86051;1;T;True;2
1621233680000;11506759;0.86046;0.86058;0.86052;1;T;True;2
1621233681000;11506761;0.86045;0.86057;0.86051;1;T;True;2
1621233682000;11506762;0.86045;0.86057;0.86051;0;T;True;2
1621233683000;11506763;0.86045;0.86057;0.86051;0;T;True;2
1621233684000;11506764;0.86045;0.86057;0.86051;0;T;True;2
1621233685000;11506765;0.86045;0.86057;0.86051;0;T;True;2
1621233686000;11506766;0.86045;0.86057;0.86051;0;T;True;2
1621233687000;11506767;0.86045;0.86057;0.86051;0;T;True;2
1621233688000;11506768;0.86045;0.86057;0.86051;0;T;True;2
1621233689000;11506769;0.86045;0.86057;0.86051;0;T;True;2
1621233690000;11506770;0.86045;0.86057;0.86051;0;T;True;2
1621233691000;11506771;0.86045;0.86057;0.86051;0;T;True;2
1621233692000;11506772;0.86045;0.86057;0.86051;0;T;True;2
1621233693000;11506773;0.86045;0.86057;0.86051;0;T;True;2
1621233694000;11506776;0.86043;0.86055;0.86049;2;T;True;2
1621233695000;11506778;0.86041;0.86053;0.86047;1;T;True;2
1621233696000;11506779;0.86041;0.86053;0.86047;0;T;True;2
1621233697000;11506780;0.86041;0.86053;0.86047;0;T;True;2
1621233698000;11506781;0.86041;0.86053;0.86047;0;T;True;2
1621233699000;11506782;0.86041;0.86053;0.86047;0;T;True;2
1621233700000;11506783;0.86041;0.86053;0.86047;0;T;True;2
1621233701000;11506784;0.86041;0.86053;0.86047;0;T;True;2
1621233702000;11506785;0.86041;0.86053;0.86047;0;T;True;2
1621233703000;11506787;0.86042;0.86054;0.86048;1;T;True;2
1621233704000;11506788;0.86042;0.86054;0.86048;0;T;True;2
1621233705000;11506789;0.86042;0.86054;0.86048;0;T;True;2
1621233706000;11506790;0.86042;0.86054;0.86048;0;T;True;2
1621233707000;11506792;0.86043;0.86055;0.86049;1;T;True;2
1621233708000;11506795;0.86043;0.86055;0.86049;2;T;True;2
1621233709000;11506796;0.86043;0.86055;0.86049;0;T;True;2
1621233710000;11506797;0.86043;0.86055;0.86049;0;T;True;2
1621233711000;11506798;0.86043;0.86055;0.86049;0;T;True;2
1621233712000;11506800;0.86044;0.86056;0.8605;1;T;True;2
1621233713000;11506802;0.86045;0.86057;0.86051;1;T;True;2
1621233714000;11506803;0.86045;0.86057;0.86051;0;T;True;2
1621233715000;11506804;0.86045;0.86057;0.86051;0;T;True;2
1621233716000;11506805;0.86045;0.86057;0.86051;0;T;True;2
1621233717000;11506806;0.86045;0.86057;0.86051;0;T;True;2
1621233718000;11506807;0.86045;0.86057;0.86051;0;T;True;2
1621233719000;11506809;0.86045;0.86057;0.86051;1;T;True;2
1621233720000;11506815;0.86049;0.86061;0.86055;5;T;True;2
1621233721000;11506819;0.86048;0.8606;0.86054;3;T;True;2
1621233722000;11506822;0.86047;0.86059;0.86053;2;T;True;2
1621233723000;11506824;0.86047;0.86059;0.86053;1;T;True;2
1621233724000;11506825;0.86047;0.86059;0.86053;0;T;True;2
1621233725000;11506826;0.86047;0.86059;0.86053;0;T;True;2
1621233726000;11506827;0.86047;0.86059;0.86053;0;T;True;2
1621233727000;11506829;0.86046;0.86058;0.86052;1;T;True;2
1621233728000;11506831;0.86046;0.86058;0.86052;1;T;True;2
1621233729000;11506832;0.86046;0.86058;0.86052;0;T;True;2
1621233730000;11506833;0.86046;0.86058;0.86052;0;T;True;2
1621233731000;11506835;0.86045;0.86057;0.86051;1;T;True;2
1621233732000;11506836;0.86045;0.86057;0.86051;0;T;True;2
1621233733000;11506837;0.86045;0.86057;0.86051;0;T;True;2
1621233734000;11506839;0.86045;0.86057;0.86051;1;T;True;2
1621233735000;11506841;0.86046;0.86058;0.86052;1;T;True;2
1621233736000;11506843;0.86047;0.86059;0.86053;1;T;True;2
1621233737000;11506846;0.86047;0.86059;0.86053;2;T;True;2
1621233738000;11506852;0.86043;0.86055;0.86049;5;T;True;2
1621233739000;11506856;0.86044;0.86056;0.8605;3;T;True;2
1621233740000;11506858;0.86043;0.86055;0.86049;1;T;True;2
1621233741000;11506859;0.86043;0.86055;0.86049;0;T;True;2
1621233742000;11506862;0.86043;0.86055;0.86049;2;T;True;2
1621233743000;11506863;0.86043;0.86055;0.86049;0;T;True;2
1621233744000;11506867;0.86042;0.86054;0.86048;3;T;True;2
1621233745000;11506868;0.86042;0.86054;0.86048;0;T;True;2
1621233746000;11506869;0.86042;0.86054;0.86048;0;T;True;2
1621233747000;11506874;0.86043;0.86055;0.86049;4;T;True;2
1621233748000;11506877;0.86045;0.86057;0.86051;2;T;True;2
1621233749000;11506878;0.86045;0.86057;0.86051;0;T;True;2
1621233750000;11506879;0.86045;0.86057;0.86051;0;T;True;2
1621233751000;11506880;0.86045;0.86057;0.86051;0;T;True;2
1621233752000;11506881;0.86045;0.86057;0.86051;0;T;True;2
1621233753000;11506882;0.86045;0.86057;0.86051;0;T;True;2
1621233754000;11506883;0.86045;0.86057;0.86051;0;T;True;2
1621233755000;11506884;0.86045;0.86057;0.86051;0;T;True;2
1621233756000;11506885;0.86045;0.86057;0.86051;0;T;True;2
1621233757000;11506886;0.86045;0.86057;0.86051;0;T;True;2
1621233758000;11506887;0.86045;0.86057;0.86051;0;T;True;2
1621233759000;11506888;0.86045;0.86057;0.86051;0;T;True;2
1621233760000;11506889;0.86045;0.86057;0.86051;0;T;True;2
1621233761000;11506892;0.86043;0.86055;0.86049;2;T;True;2
1621233762000;11506894;0.86042;0.86054;0.86048;1;T;True;2
1621233763000;11506896;0.86043;0.86055;0.86049;1;T;True;2
1621233764000;11506898;0.86043;0.86055;0.86049;1;T;True;2
1621233765000;11506899;0.86043;0.86055;0.86049;0;T;True;2
1621233766000;11506900;0.86043;0.86055;0.86049;0;T;True;2
1621233767000;11506901;0.86043;0.86055;0.86049;0;T;True;2
1621233768000;11506902;0.86043;0.86055;0.86049;0;T;True;2
1621233769000;11506903;0.86043;0.86055;0.86049;0;T;True;2
1621233770000;11506904;0.86043;0.86055;0.86049;0;T;True;2
1621233771000;11506905;0.86043;0.86055;0.86049;0;T;True;2
1621233772000;11506908;0.86043;0.86055;0.86049;2;T;True;2
1621233773000;11506909;0.86043;0.86055;0.86049;0;T;True;2
1621233774000;11506911;0.86044;0.86056;0.8605;1;T;True;2
1621233775000;11506913;0.86045;0.86057;0.86051;1;T;True;2
1621233776000;11506914;0.86045;0.86057;0.86051;0;T;True;2
1621233777000;11506915;0.86045;0.86057;0.86051;0;T;True;2
1621233778000;11506917;0.86043;0.86055;0.86049;1;T;True;2
1621233779000;11506918;0.86043;0.86055;0.86049;0;T;True;2
1621233780000;11506919;0.86043;0.86055;0.86049;0;T;True;2
1621233781000;11506920;0.86043;0.86055;0.86049;0;T;True;2
1621233782000;11506922;0.86041;0.86053;0.86047;1;T;True;2
1621233783000;11506923;0.86041;0.86053;0.86047;0;T;True;2
1621233784000;11506924;0.86041;0.86053;0.86047;0;T;True;2
1621233785000;11506925;0.86041;0.86053;0.86047;0;T;True;2
1621233786000;11506926;0.86041;0.86053;0.86047;0;T;True;2
1621233787000;11506927;0.86041;0.86053;0.86047;0;T;True;2
1621233788000;11506928;0.86041;0.86053;0.86047;0;T;True;2
1621233789000;11506930;0.8604;0.86052;0.86046;1;T;True;2
1621233790000;11506936;0.86037;0.86049;0.86043;5;T;True;2
1621233791000;11506939;0.86037;0.86049;0.86043;2;T;True;2
1621233792000;11506940;0.86037;0.86049;0.86043;0;T;True;2
1621233793000;11506941;0.86037;0.86049;0.86043;0;T;True;2
1621233794000;11506942;0.86037;0.86049;0.86043;0;T;True;2
1621233795000;11506946;0.86036;0.86048;0.86042;3;T;True;2
1621233796000;11506947;0.86036;0.86048;0.86042;0;T;True;2
1621233797000;11506949;0.86037;0.86049;0.86043;1;T;True;2
1621233798000;11506951;0.86037;0.86049;0.86043;1;T;True;2
1621233799000;11506952;0.86037;0.86049;0.86043;0;T;True;2
1621233800000;11506954;0.86037;0.86049;0.86043;1;T;True;2
1621233801000;11506958;0.86039;0.86051;0.86045;3;T;True;2
1621233802000;11506959;0.86039;0.86051;0.86045;0;T;True;2
1621233803000;11506960;0.86039;0.86051;0.86045;0;T;True;2
1621233804000;11506961;0.86039;0.86051;0.86045;0;T;True;2
1621233805000;11506966;0.86044;0.86056;0.8605;4;T;True;2
1621233806000;11506974;0.86044;0.86056;0.8605;7;T;True;2
1621233807000;11506975;0.86044;0.86056;0.8605;0;T;True;2
1621233808000;11506976;0.86044;0.86056;0.8605;0;T;True;2
1621233809000;11506980;0.86042;0.86054;0.86048;3;T;True;2
1621233810000;11506983;0.8604;0.86052;0.86046;2;T;True;2
1621233811000;11506984;0.8604;0.86052;0.86046;0;T;True;2
1621233812000;11506986;0.86041;0.86053;0.86047;1;T;True;2
1621233813000;11506987;0.86041;0.86053;0.86047;0;T;True;2
1621233814000;11506988;0.86041;0.86053;0.86047;0;T;True;2
1621233815000;11506989;0.86041;0.86053;0.86047;0;T;True;2
1621233816000;11506990;0.86041;0.86053;0.86047;0;T;True;2
1621233817000;11506992;0.8604;0.86052;0.86046;1;T;True;2
1621233818000;11506995;0.8604;0.86052;0.86046;2;T;True;2
1621233819000;11506997;0.86039;0.86051;0.86045;1;T;True;2
1621233820000;11506998;0.86039;0.86051;0.86045;0;T;True;2
1621233821000;11506999;0.86039;0.86051;0.86045;0;T;True;2
1621233822000;11507002;0.86039;0.86051;0.86045;2;T;True;2
1621233823000;11507003;0.86039;0.86051;0.86045;0;T;True;2
1621233824000;11507004;0.86039;0.86051;0.86045;0;T;True;2
1621233825000;11507009;0.86034;0.86046;0.8604;4;T;True;2
1621233826000;11507011;0.86034;0.86046;0.8604;1;T;True;2
1621233827000;11507012;0.86034;0.86046;0.8604;0;T;True;2
1621233828000;11507013;0.86034;0.86046;0.8604;0;T;True;2
1621233829000;11507014;0.86034;0.86046;0.8604;0;T;True;2
1621233830000;11507015;0.86034;0.86046;0.8604;0;T;True;2
1621233831000;11507018;0.86034;0.86046;0.8604;2;T;True;2
1621233832000;11507020;0.86034;0.86046;0.8604;1;T;True;2
1621233833000;11507021;0.86034;0.86046;0.8604;0;T;True;2
1621233834000;11507024;0.86037;0.86049;0.86043;2;T;True;2
1621233835000;11507025;0.86037;0.86049;0.86043;0;T;True;2
1621233836000;11507026;0.86037;0.86049;0.86043;0;T;True;2
1621233837000;11507027;0.86037;0.86049;0.86043;0;T;True;2
1621233838000;11507028;0.86037;0.86049;0.86043;0;T;True;2
1621233839000;11507029;0.86037;0.86049;0.86043;0;T;True;2
1621233840000;11507030;0.86037;0.86049;0.86043;0;T;True;2
1621233841000;11507031;0.86037;0.86049;0.86043;0;T;True;2
1621233842000;11507032;0.86037;0.86049;0.86043;0;T;True;2
1621233843000;11507033;0.86037;0.86049;0.86043;0;T;True;2
1621233844000;11507034;0.86037;0.86049;0.86043;0;T;True;2
1621233845000;11507035;0.86037;0.86049;0.86043;0;T;True;2
1621233846000;11507036;0.86037;0.86049;0.86043;0;T;True;2
1621233847000;11507037;0.86037;0.86049;0.86043;0;T;True;2
1621233848000;11507038;0.86037;0.86049;0.86043;0;T;True;2
1621233849000;11507039;0.86037;0.86049;0.86043;0;T;True;2
1621233850000;11507041;0.86036;0.86048;0.86042;1;T;True;2
1621233851000;11507042;0.86036;0.86048;0.86042;0;T;True;2
1621233852000;11507043;0.86036;0.86048;0.86042;0;T;True;2
1621233853000;11507044;0.86036;0.86048;0.86042;0;T;True;2
1621233854000;11507045;0.86036;0.86048;0.86042;0;T;True;2
1621233855000;11507047;0.86033;0.86045;0.86039;1;T;True;2
1621233856000;11507049;0.86033;0.86045;0.86039;1;T;True;2
1621233857000;11507050;0.86033;0.86045;0.86039;0;T;True;2
1621233858000;11507051;0.86033;0.86045;0.86039;0;T;True;2
1621233859000;11507052;0.86033;0.86045;0.86039;0;T;True;2
1621233860000;11507053;0.86033;0.86045;0.86039;0;T;True;2
1621233861000;11507058;0.86029;0.86041;0.86035;4;T;True;2
1621233862000;11507059;0.86029;0.86041;0.86035;0;T;True;2
1621233863000;11507060;0.86029;0.86041;0.86035;0;T;True;2
1621233864000;11507062;0.8603;0.86042;0.86036;1;T;True;2
1621233865000;11507064;0.8603;0.86042;0.86036;1;T;True;2
1621233866000;11507069;0.86029;0.86041;0.86035;4;T;True;2
1621233867000;11507072;0.86029;0.86041;0.86035;2;T;True;2
1621233868000;11507074;0.86029;0.86041;0.86035;1;T;True;2
1621233869000;11507076;0.86029;0.86041;0.86035;1;T;True;2
1621233870000;11507077;0.86029;0.86041;0.86035;0;T;True;2
1621233871000;11507078;0.86029;0.86041;0.86035;0;T;True;2
1621233872000;11507084;0.86034;0.86046;0.8604;5;T;True;2
1621233873000;11507085;0.86034;0.86046;0.8604;0;T;True;2
1621233874000;11507093;0.86031;0.86043;0.86037;7;T;True;2
1621233875000;11507096;0.86033;0.86045;0.86039;2;T;True;2
1621233876000;11507098;0.86033;0.86045;0.86039;1;T;True;2
1621233877000;11507100;0.86034;0.86046;0.8604;1;T;True;2
1621233878000;11507103;0.86035;0.86047;0.86041;2;T;True;2
1621233879000;11507104;0.86035;0.86047;0.86041;0;T;True;2
1621233880000;11507105;0.86035;0.86047;0.86041;0;T;True;2
1621233881000;11507106;0.86035;0.86047;0.86041;0;T;True;2
1621233882000;11507107;0.86035;0.86047;0.86041;0;T;True;2
1621233883000;11507108;0.86035;0.86047;0.86041;0;T;True;2
1621233884000;11507114;0.86038;0.8605;0.86044;5;T;True;2
1621233885000;11507118;0.86038;0.8605;0.86044;3;T;True;2
1621233886000;11507122;0.86041;0.86053;0.86047;3;T;True;2
1621233887000;11507127;0.86039;0.86051;0.86045;4;T;True;2
1621233888000;11507135;0.86039;0.86051;0.86045;7;T;True;2
1621233889000;11507137;0.86039;0.86051;0.86045;1;T;True;2
1621233890000;11507140;0.86039;0.86051;0.86045;2;T;True;2
1621233891000;11507141;0.86039;0.86051;0.86045;0;T;True;2
1621233892000;11507143;0.86041;0.86053;0.86047;1;T;True;2
1621233893000;11507144;0.86041;0.86053;0.86047;0;T;True;2
1621233894000;11507145;0.86041;0.86053;0.86047;0;T;True;2
1621233895000;11507148;0.86041;0.86053;0.86047;2;T;True;2
1621233896000;11507149;0.86041;0.86053;0.86047;0;T;True;2
1621233897000;11507150;0.86041;0.86053;0.86047;0;T;True;2
1621233898000;11507152;0.86041;0.86053;0.86047;1;T;True;2
1621233899000;11507160;0.86043;0.86055;0.86049;7;T;True;2
1621233900000;11507162;0.86042;0.86054;0.86048;1;T;True;2
1621233901000;11507163;0.86042;0.86054;0.86048;0;T;True;2
1621233902000;11507165;0.86043;0.86055;0.86049;1;T;True;2
1621233903000;11507171;0.86041;0.86053;0.86047;5;T;True;2
1621233904000;11507174;0.86039;0.86051;0.86045;2;T;True;2
1621233905000;11507175;0.86039;0.86051;0.86045;0;T;True;2
1621233906000;11507176;0.86039;0.86051;0.86045;0;T;True;2
1621233907000;11507184;0.86039;0.86051;0.86045;7;T;True;2
1621233908000;11507188;0.86039;0.86051;0.86045;3;T;True;2
1621233909000;11507189;0.86039;0.86051;0.86045;0;T;True;2
1621233910000;11507191;0.86039;0.86051;0.86045;1;T;True;2
1621233911000;11507199;0.86031;0.86043;0.86037;7;T;True;2
1621233912000;11507202;0.86033;0.86045;0.86039;2;T;True;2
1621233913000;11507203;0.86033;0.86045;0.86039;0;T;True;2
1621233914000;11507205;0.86035;0.86047;0.86041;1;T;True;2
1621233915000;11507206;0.86035;0.86047;0.86041;0;T;True;2
1621233916000;11507207;0.86035;0.86047;0.86041;0;T;True;2
1621233917000;11507208;0.86035;0.86047;0.86041;0;T;True;2
1621233918000;11507209;0.86035;0.86047;0.86041;0;T;True;2
1621233919000;11507210;0.86035;0.86047;0.86041;0;T;True;2
1621233920000;11507211;0.86035;0.86047;0.86041;0;T;True;2
1621233921000;11507212;0.86035;0.86047;0.86041;0;T;True;2
1621233922000;11507213;0.86035;0.86047;0.86041;0;T;True;2
1621233923000;11507214;0.86035;0.86047;0.86041;0;T;True;2
1621233924000;11507215;0.86035;0.86047;0.86041;0;T;True;2
1621233925000;11507216;0.86035;0.86047;0.86041;0;T;True;2
1621233926000;11507218;0.86035;0.86047;0.86041;1;T;True;2
1621233927000;11507219;0.86035;0.86047;0.86041;0;T;True;2
1621233928000;11507222;0.86035;0.86047;0.86041;2;T;True;2
1621233929000;11507223;0.86035;0.86047;0.86041;0;T;True;2
1621233930000;11507225;0.86035;0.86047;0.86041;1;T;True;2
1621233931000;11507227;0.86035;0.86047;0.86041;1;T;True;2
1621233932000;11507228;0.86035;0.86047;0.86041;0;T;True;2
1621233933000;11507229;0.86035;0.86047;0.86041;0;T;True;2
1621233934000;11507233;0.86037;0.86049;0.86043;3;T;True;2
1621233935000;11507241;0.8604;0.86052;0.86046;7;T;True;2
1621233936000;11507245;0.86042;0.86054;0.86048;3;T;True;2
1621233937000;11507248;0.86041;0.86053;0.86047;2;T;True;2
1621233938000;11507252;0.86039;0.86051;0.86045;3;T;True;2
1621233939000;11507253;0.86039;0.86051;0.86045;0;T;True;2
1621233940000;11507254;0.86039;0.86051;0.86045;0;T;True;2
1621233941000;11507255;0.86039;0.86051;0.86045;0;T;True;2
1621233942000;11507259;0.86039;0.86051;0.86045;3;T;True;2
1621233943000;11507260;0.86039;0.86051;0.86045;0;T;True;2
1621233944000;11507261;0.86039;0.86051;0.86045;0;T;True;2
1621233945000;11507262;0.86039;0.86051;0.86045;0;T;True;2
1621233946000;11507266;0.8604;0.86052;0.86046;3;T;True;2
1621233947000;11507272;0.86041;0.86053;0.86047;5;T;True;2
1621233948000;11507276;0.86042;0.86054;0.86048;3;T;True;2
1621233949000;11507277;0.86042;0.86054;0.86048;0;T;True;2
1621233950000;11507278;0.86042;0.86054;0.86048;0;T;True;2
1621233951000;11507283;0.86042;0.86054;0.86048;4;T;True;2
1621233952000;11507295;0.86047;0.86059;0.86053;11;T;True;2
1621233953000;11507297;0.86047;0.86059;0.86053;1;T;True;2
1621233954000;11507306;0.86049;0.86061;0.86055;8;T;True;2
1621233955000;11507310;0.86048;0.8606;0.86054;3;T;True;2
1621233956000;11507311;0.86048;0.8606;0.86054;0;T;True;2
1621233957000;11507317;0.86045;0.86057;0.86051;5;T;True;2
1621233958000;11507319;0.86045;0.86057;0.86051;1;T;True;2
1621233959000;11507321;0.86045;0.86057;0.86051;1;T;True;2
1621233960000;11507326;0.86045;0.86057;0.86051;4;T;True;2
1621233961000;11507327;0.86045;0.86057;0.86051;0;T;True;2
1621233962000;11507329;0.86044;0.86056;0.8605;1;T;True;2
1621233963000;11507339;0.86053;0.86065;0.86059;9;T;True;2
1621233964000;11507344;0.86053;0.86065;0.86059;4;T;True;2
1621233965000;11507346;0.86052;0.86064;0.86058;1;T;True;2
1621233966000;11507351;0.86053;0.86065;0.86059;4;T;True;2
1621233967000;11507352;0.86053;0.86065;0.86059;0;T;True;2
1621233968000;11507353;0.86053;0.86065;0.86059;0;T;True;2
1621233969000;11507354;0.86053;0.86065;0.86059;0;T;True;2
1621233970000;11507357;0.86053;0.86065;0.86059;2;T;True;2
1621233971000;11507358;0.86053;0.86065;0.86059;0;T;True;2
1621233972000;11507362;0.86055;0.86067;0.86061;3;T;True;2
1621233973000;11507363;0.86055;0.86067;0.86061;0;T;True;2
1621233974000;11507364;0.86055;0.86067;0.86061;0;T;True;2
1621233975000;11507365;0.86055;0.86067;0.86061;0;T;True;2
1621233976000;11507366;0.86055;0.86067;0.86061;0;T;True;2
1621233977000;11507371;0.86052;0.86064;0.86058;4;T;True;2
1621233978000;11507372;0.86052;0.86064;0.86058;0;T;True;2
1621233979000;11507373;0.86052;0.86064;0.86058;0;T;True;2
1621233980000;11507374;0.86052;0.86064;0.86058;0;T;True;2
1621233981000;11507381;0.86051;0.86063;0.86057;6;T;True;2
1621233982000;11507382;0.86051;0.86063;0.86057;0;T;True;2
1621233983000;11507386;0.86053;0.86065;0.86059;3;T;True;2
1621233984000;11507388;0.86053;0.86065;0.86059;1;T;True;2
1621233985000;11507390;0.86053;0.86065;0.86059;1;T;True;2
1621233986000;11507395;0.86049;0.86061;0.86055;4;T;True;2
1621233987000;11507397;0.8605;0.86062;0.86056;1;T;True;2
1621233988000;11507403;0.86053;0.86065;0.86059;5;T;True;2
1621233989000;11507404;0.86053;0.86065;0.86059;0;T;True;2
1621233990000;11507408;0.86055;0.86067;0.86061;3;T;True;2
1621233991000;11507415;0.86053;0.86065;0.86059;6;T;True;2
1621233992000;11507417;0.86053;0.86065;0.86059;1;T;True;2
1621233993000;11507420;0.86053;0.86065;0.86059;2;T;True;2
1621233994000;11507421;0.86053;0.86065;0.86059;0;T;True;2
1621233995000;11507423;0.86053;0.86065;0.86059;1;T;True;2
1621233996000;11507424;0.86053;0.86065;0.86059;0;T;True;2
1621233997000;11507425;0.86053;0.86065;0.86059;0;T;True;2
1621233998000;11507426;0.86053;0.86065;0.86059;0;T;True;2
1621233999000;11507429;0.86053;0.86065;0.86059;2;T;True;2
1621234000000;11507431;0.86053;0.86065;0.86059;1;T;True;2
1621234001000;11507432;0.86053;0.86065;0.86059;0;T;True;2
1621234002000;11507434;0.86053;0.86065;0.86059;1;T;True;2
1621234003000;11507438;0.86053;0.86065;0.86059;3;T;True;2
1621234004000;11507439;0.86053;0.86065;0.86059;0;T;True;2
1621234005000;11507440;0.86053;0.86065;0.86059;0;T;True;2
1621234006000;11507441;0.86053;0.86065;0.86059;0;T;True;2
1621234007000;11507446;0.86054;0.86066;0.8606;4;T;True;2
1621234008000;11507451;0.86057;0.86069;0.86063;4;T;True;2
1621234009000;11507455;0.86059;0.86071;0.86065;3;T;True;2
1621234010000;11507456;0.86059;0.86071;0.86065;0;T;True;2
1621234011000;11507462;0.86057;0.86069;0.86063;5;T;True;2
1621234012000;11507463;0.86057;0.86069;0.86063;0;T;True;2
1621234013000;11507468;0.86058;0.8607;0.86064;4;T;True;2
1621234014000;11507470;0.86059;0.86071;0.86065;1;T;True;2
1621234015000;11507473;0.8606;0.86072;0.86066;2;T;True;2
1621234016000;11507474;0.8606;0.86072;0.86066;0;T;True;2
1621234017000;11507477;0.86061;0.86073;0.86067;2;T;True;2
1621234018000;11507479;0.86063;0.86075;0.86069;1;T;True;2
1621234019000;11507480;0.86063;0.86075;0.86069;0;T;True;2
1621234020000;11507481;0.86063;0.86075;0.86069;0;T;True;2
1621234021000;11507482;0.86063;0.86075;0.86069;0;T;True;2
1621234022000;11507488;0.86059;0.86071;0.86065;5;T;True;2
1621234023000;11507489;0.86059;0.86071;0.86065;0;T;True;2
1621234024000;11507490;0.86059;0.86071;0.86065;0;T;True;2
1621234025000;11507500;0.86057;0.86069;0.86063;9;T;True;2
1621234026000;11507503;0.86057;0.86069;0.86063;2;T;True;2
1621234027000;11507504;0.86057;0.86069;0.86063;0;T;True;2
1621234028000;11507505;0.86057;0.86069;0.86063;0;T;True;2
1621234029000;11507511;0.86057;0.86069;0.86063;5;T;True;2
1621234030000;11507512;0.86057;0.86069;0.86063;0;T;True;2
1621234031000;11507513;0.86057;0.86069;0.86063;0;T;True;2
1621234032000;11507515;0.86057;0.86069;0.86063;1;T;True;2
1621234033000;11507520;0.86055;0.86067;0.86061;4;T;True;2
1621234034000;11507522;0.86053;0.86065;0.86059;1;T;True;2
1621234035000;11507523;0.86053;0.86065;0.86059;0;T;True;2
1621234036000;11507524;0.86053;0.86065;0.86059;0;T;True;2
1621234037000;11507525;0.86053;0.86065;0.86059;0;T;True;2
1621234038000;11507526;0.86053;0.86065;0.86059;0;T;True;2
1621234039000;11507527;0.86053;0.86065;0.86059;0;T;True;2
1621234040000;11507528;0.86053;0.86065;0.86059;0;T;True;2
1621234041000;11507529;0.86053;0.86065;0.86059;0;T;True;2
1621234042000;11507530;0.86053;0.86065;0.86059;0;T;True;2
1621234043000;11507531;0.86053;0.86065;0.86059;0;T;True;2
1621234044000;11507532;0.86053;0.86065;0.86059;0;T;True;2
1621234045000;11507533;0.86053;0.86065;0.86059;0;T;True;2
1621234046000;11507534;0.86053;0.86065;0.86059;0;T;True;2
1621234047000;11507535;0.86053;0.86065;0.86059;0;T;True;2
1621234048000;11507536;0.86053;0.86065;0.86059;0;T;True;2
1621234049000;11507537;0.86053;0.86065;0.86059;0;T;True;2
1621234050000;11507538;0.86053;0.86065;0.86059;0;T;True;2
1621234051000;11507539;0.86053;0.86065;0.86059;0;T;True;2
1621234052000;11507541;0.86052;0.86064;0.86058;1;T;True;2
1621234053000;11507542;0.86052;0.86064;0.86058;0;T;True;2
1621234054000;11507543;0.86052;0.86064;0.86058;0;T;True;2
1621234055000;11507548;0.86048;0.8606;0.86054;4;T;True;2
1621234056000;11507550;0.86047;0.86059;0.86053;1;T;True;2
1621234057000;11507551;0.86047;0.86059;0.86053;0;T;True;2
1621234058000;11507552;0.86047;0.86059;0.86053;0;T;True;2
1621234059000;11507553;0.86047;0.86059;0.86053;0;T;True;2
1621234060000;11507554;0.86047;0.86059;0.86053;0;T;True;2
1621234061000;11507555;0.86047;0.86059;0.86053;0;T;True;2
1621234062000;11507556;0.86047;0.86059;0.86053;0;T;True;2
1621234063000;11507558;0.86048;0.8606;0.86054;1;T;True;2
1621234064000;11507563;0.86051;0.86063;0.86057;4;T;True;2
1621234065000;11507566;0.86053;0.86065;0.86059;2;T;True;2
1621234066000;11507571;0.86054;0.86066;0.8606;4;T;True;2
1621234067000;11507572;0.86054;0.86066;0.8606;0;T;True;2
1621234068000;11507573;0.86054;0.86066;0.8606;0;T;True;2
1621234069000;11507574;0.86054;0.86066;0.8606;0;T;True;2
1621234070000;11507575;0.86054;0.86066;0.8606;0;T;True;2
1621234071000;11507576;0.86054;0.86066;0.8606;0;T;True;2
1621234072000;11507577;0.86054;0.86066;0.8606;0;T;True;2
1621234073000;11507578;0.86054;0.86066;0.8606;0;T;True;2
1621234074000;11507579;0.86054;0.86066;0.8606;0;T;True;2
1621234075000;11507581;0.86053;0.86065;0.86059;1;T;True;2
1621234076000;11507582;0.86053;0.86065;0.86059;0;T;True;2
1621234077000;11507583;0.86053;0.86065;0.86059;0;T;True;2
1621234078000;11507584;0.86053;0.86065;0.86059;0;T;True;2
1621234079000;11507585;0.86053;0.86065;0.86059;0;T;True;2
1621234080000;11507586;0.86053;0.86065;0.86059;0;T;True;2
1621234081000;11507587;0.86053;0.86065;0.86059;0;T;True;2
1621234082000;11507588;0.86053;0.86065;0.86059;0;T;True;2
1621234083000;11507589;0.86053;0.86065;0.86059;0;T;True;2
1621234084000;11507590;0.86053;0.86065;0.86059;0;T;True;2
1621234085000;11507592;0.86053;0.86065;0.86059;1;T;True;2
1621234086000;11507593;0.86053;0.86065;0.86059;0;T;True;2
1621234087000;11507596;0.86053;0.86065;0.86059;2;T;True;2
1621234088000;11507597;0.86053;0.86065;0.86059;0;T;True;2
1621234089000;11507598;0.86053;0.86065;0.86059;0;T;True;2
1621234090000;11507599;0.86053;0.86065;0.86059;0;T;True;2
1621234091000;11507600;0.86053;0.86065;0.86059;0;T;True;2
1621234092000;11507602;0.86053;0.86065;0.86059;1;T;True;2
1621234093000;11507603;0.86053;0.86065;0.86059;0;T;True;2
1621234094000;11507604;0.86053;0.86065;0.86059;0;T;True;2
1621234095000;11507607;0.86053;0.86065;0.86059;2;T;True;2
1621234096000;11507608;0.86053;0.86065;0.86059;0;T;True;2
1621234097000;11507611;0.86055;0.86067;0.86061;2;T;True;2
1621234098000;11507612;0.86055;0.86067;0.86061;0;T;True;2
1621234099000;11507613;0.86055;0.86067;0.86061;0;T;True;2
1621234100000;11507615;0.86053;0.86065;0.86059;1;T;True;2
1621234101000;11507617;0.86053;0.86065;0.86059;1;T;True;2
1621234102000;11507618;0.86053;0.86065;0.86059;0;T;True;2
1621234103000;11507619;0.86053;0.86065;0.86059;0;T;True;2
1621234104000;11507620;0.86053;0.86065;0.86059;0;T;True;2
1621234105000;11507621;0.86053;0.86065;0.86059;0;T;True;2
1621234106000;11507623;0.86054;0.86066;0.8606;1;T;True;2
1621234107000;11507624;0.86054;0.86066;0.8606;0;T;True;2
1621234108000;11507627;0.86054;0.86066;0.8606;2;T;True;2
1621234109000;11507628;0.86054;0.86066;0.8606;0;T;True;2
1621234110000;11507629;0.86054;0.86066;0.8606;0;T;True;2
1621234111000;11507630;0.86054;0.86066;0.8606;0;T;True;2
1621234112000;11507631;0.86054;0.86066;0.8606;0;T;True;2
1621234113000;11507632;0.86054;0.86066;0.8606;0;T;True;2
1621234114000;11507636;0.86049;0.86061;0.86055;3;T;True;2
1621234115000;11507637;0.86049;0.86061;0.86055;0;T;True;2
1621234116000;11507638;0.86049;0.86061;0.86055;0;T;True;2
1621234117000;11507639;0.86049;0.86061;0.86055;0;T;True;2
1621234118000;11507640;0.86049;0.86061;0.86055;0;T;True;2
1621234119000;11507641;0.86049;0.86061;0.86055;0;T;True;2
1621234120000;11507642;0.86049;0.86061;0.86055;0;T;True;2
1621234121000;11507643;0.86049;0.86061;0.86055;0;T;True;2
1621234122000;11507646;0.86046;0.86058;0.86052;2;T;True;2
1621234123000;11507648;0.86046;0.86058;0.86052;1;T;True;2
1621234124000;11507650;0.86046;0.86058;0.86052;1;T;True;2
1621234125000;11507651;0.86046;0.86058;0.86052;0;T;True;2
1621234126000;11507652;0.86046;0.86058;0.86052;0;T;True;2
1621234127000;11507653;0.86046;0.86058;0.86052;0;T;True;2
1621234128000;11507654;0.86046;0.86058;0.86052;0;T;True;2
1621234129000;11507655;0.86046;0.86058;0.86052;0;T;True;2
1621234130000;11507656;0.86046;0.86058;0.86052;0;T;True;2
1621234131000;11507657;0.86046;0.86058;0.86052;0;T;True;2
1621234132000;11507658;0.86046;0.86058;0.86052;0;T;True;2
1621234133000;11507662;0.86047;0.86059;0.86053;3;T;True;2
1621234134000;11507663;0.86047;0.86059;0.86053;0;T;True;2
1621234135000;11507665;0.86047;0.86059;0.86053;1;T;True;2
1621234136000;11507667;0.86047;0.86059;0.86053;1;T;True;2
1621234137000;11507668;0.86047;0.86059;0.86053;0;T;True;2
1621234138000;11507669;0.86047;0.86059;0.86053;0;T;True;2
1621234139000;11507670;0.86047;0.86059;0.86053;0;T;True;2
1621234140000;11507672;0.86049;0.86061;0.86055;1;T;True;2
1621234141000;11507673;0.86049;0.86061;0.86055;0;T;True;2
1621234142000;11507674;0.86049;0.86061;0.86055;0;T;True;2
1621234143000;11507686;0.8606;0.86072;0.86066;11;T;True;2
1621234144000;11507690;0.86061;0.86073;0.86067;3;T;True;2
1621234145000;11507695;0.8606;0.86072;0.86066;4;T;True;2
1621234146000;11507697;0.86059;0.86071;0.86065;1;T;True;2
1621234147000;11507698;0.86059;0.86071;0.86065;0;T;True;2
1621234148000;11507699;0.86059;0.86071;0.86065;0;T;True;2
1621234149000;11507700;0.86059;0.86071;0.86065;0;T;True;2
1621234150000;11507701;0.86059;0.86071;0.86065;0;T;True;2
1621234151000;11507702;0.86059;0.86071;0.86065;0;T;True;2
1621234152000;11507703;0.86059;0.86071;0.86065;0;T;True;2
1621234153000;11507704;0.86059;0.86071;0.86065;0;T;True;2
1621234154000;11507705;0.86059;0.86071;0.86065;0;T;True;2
1621234155000;11507706;0.86059;0.86071;0.86065;0;T;True;2
1621234156000;11507707;0.86059;0.86071;0.86065;0;T;True;2
1621234157000;11507708;0.86059;0.86071;0.86065;0;T;True;2
1621234158000;11507709;0.86059;0.86071;0.86065;0;T;True;2
1621234159000;11507710;0.86059;0.86071;0.86065;0;T;True;2
1621234160000;11507711;0.86059;0.86071;0.86065;0;T;True;2
1621234161000;11507712;0.86059;0.86071;0.86065;0;T;True;2
1621234162000;11507713;0.86059;0.86071;0.86065;0;T;True;2
1621234163000;11507714;0.86059;0.86071;0.86065;0;T;True;2
1621234164000;11507715;0.86059;0.86071;0.86065;0;T;True;2
1621234165000;11507720;0.86056;0.86068;0.86062;4;T;True;2
1621234166000;11507725;0.86055;0.86067;0.86061;4;T;True;2
1621234167000;11507731;0.86055;0.86067;0.86061;5;T;True;2
1621234168000;11507734;0.86054;0.86066;0.8606;2;T;True;2
1621234169000;11507736;0.86054;0.86066;0.8606;1;T;True;2
1621234170000;11507737;0.86054;0.86066;0.8606;0;T;True;2
1621234171000;11507743;0.86055;0.86067;0.86061;5;T;True;2
1621234172000;11507746;0.86055;0.86067;0.86061;2;T;True;2
1621234173000;11507747;0.86055;0.86067;0.86061;0;T;True;2
1621234174000;11507748;0.86055;0.86067;0.86061;0;T;True;2
1621234175000;11507749;0.86055;0.86067;0.86061;0;T;True;2
1621234176000;11507750;0.86055;0.86067;0.86061;0;T;True;2
1621234177000;11507751;0.86055;0.86067;0.86061;0;T;True;2
1621234178000;11507752;0.86055;0.86067;0.86061;0;T;True;2
1621234179000;11507753;0.86055;0.86067;0.86061;0;T;True;2
1621234180000;11507754;0.86055;0.86067;0.86061;0;T;True;2
1621234181000;11507755;0.86055;0.86067;0.86061;0;T;True;2
1621234182000;11507758;0.86055;0.86067;0.86061;2;T;True;2
1621234183000;11507759;0.86055;0.86067;0.86061;0;T;True;2
1621234184000;11507760;0.86055;0.86067;0.86061;0;T;True;2
1621234185000;11507765;0.86055;0.86067;0.86061;4;T;True;2
1621234186000;11507767;0.86053;0.86065;0.86059;1;T;True;2
1621234187000;11507769;0.86052;0.86064;0.86058;1;T;True;2
1621234188000;11507770;0.86052;0.86064;0.86058;0;T;True;2
1621234189000;11507771;0.86052;0.86064;0.86058;0;T;True;2
1621234190000;11507772;0.86052;0.86064;0.86058;0;T;True;2
1621234191000;11507773;0.86052;0.86064;0.86058;0;T;True;2
1621234192000;11507774;0.86052;0.86064;0.86058;0;T;True;2
1621234193000;11507780;0.86054;0.86066;0.8606;5;T;True;2
1621234194000;11507787;0.86057;0.86069;0.86063;6;T;True;2
1621234195000;11507788;0.86057;0.86069;0.86063;0;T;True;2
1621234196000;11507790;0.86058;0.8607;0.86064;1;T;True;2
1621234197000;11507791;0.86058;0.8607;0.86064;0;T;True;2
1621234198000;11507794;0.86057;0.86069;0.86063;2;T;True;2
1621234199000;11507795;0.86057;0.86069;0.86063;0;T;True;2
1621234200000;11507796;0.86057;0.86069;0.86063;0;T;True;2
1621234201000;11507797;0.86057;0.86069;0.86063;0;T;True;2
1621234202000;11507798;0.86057;0.86069;0.86063;0;T;True;2
1621234203000;11507799;0.86057;0.86069;0.86063;0;T;True;2
1621234204000;11507800;0.86057;0.86069;0.86063;0;T;True;2
1621234205000;11507802;0.86058;0.8607;0.86064;1;T;True;2
1621234206000;11507804;0.86059;0.86071;0.86065;1;T;True;2
1621234207000;11507806;0.86059;0.86071;0.86065;1;T;True;2
1621234208000;11507809;0.86059;0.86071;0.86065;2;T;True;2
1621234209000;11507815;0.86056;0.86068;0.86062;5;T;True;2
1621234210000;11507816;0.86056;0.86068;0.86062;0;T;True;2
1621234211000;11507818;0.86056;0.86068;0.86062;1;T;True;2
1621234212000;11507828;0.86051;0.86063;0.86057;9;T;True;2
1621234213000;11507831;0.86051;0.86063;0.86057;2;T;True;2
1621234214000;11507833;0.86051;0.86063;0.86057;1;T;True;2
1621234215000;11507837;0.86051;0.86063;0.86057;3;T;True;2
1621234216000;11507838;0.86051;0.86063;0.86057;0;T;True;2
1621234217000;11507839;0.86051;0.86063;0.86057;0;T;True;2
1621234218000;11507840;0.86051;0.86063;0.86057;0;T;True;2
1621234219000;11507841;0.86051;0.86063;0.86057;0;T;True;2
1621234220000;11507843;0.86051;0.86063;0.86057;1;T;True;2
1621234221000;11507845;0.86051;0.86063;0.86057;1;T;True;2
1621234222000;11507846;0.86051;0.86063;0.86057;0;T;True;2
1621234223000;11507847;0.86051;0.86063;0.86057;0;T;True;2
1621234224000;11507849;0.86053;0.86065;0.86059;1;T;True;2
1621234225000;11507850;0.86053;0.86065;0.86059;0;T;True;2
1621234226000;11507851;0.86053;0.86065;0.86059;0;T;True;2
1621234227000;11507852;0.86053;0.86065;0.86059;0;T;True;2
1621234228000;11507853;0.86053;0.86065;0.86059;0;T;True;2
1621234229000;11507854;0.86053;0.86065;0.86059;0;T;True;2
1621234230000;11507857;0.86052;0.86064;0.86058;2;T;True;2
1621234231000;11507858;0.86052;0.86064;0.86058;0;T;True;2
1621234232000;11507861;0.86052;0.86064;0.86058;2;T;True;2
1621234233000;11507867;0.8605;0.86062;0.86056;5;T;True;2
1621234234000;11507871;0.86051;0.86063;0.86057;3;T;True;2
1621234235000;11507872;0.86051;0.86063;0.86057;0;T;True;2
1621234236000;11507873;0.86051;0.86063;0.86057;0;T;True;2
1621234237000;11507874;0.86051;0.86063;0.86057;0;T;True;2
1621234238000;11507876;0.86051;0.86063;0.86057;1;T;True;2
1621234239000;11507878;0.86049;0.86061;0.86055;1;T;True;2
1621234240000;11507879;0.86049;0.86061;0.86055;0;T;True;2
1621234241000;11507880;0.86049;0.86061;0.86055;0;T;True;2
1621234242000;11507881;0.86049;0.86061;0.86055;0;T;True;2
1621234243000;11507882;0.86049;0.86061;0.86055;0;T;True;2
1621234244000;11507883;0.86049;0.86061;0.86055;0;T;True;2
1621234245000;11507884;0.86049;0.86061;0.86055;0;T;True;2
1621234246000;11507885;0.86049;0.86061;0.86055;0;T;True;2
1621234247000;11507886;0.86049;0.86061;0.86055;0;T;True;2
1621234248000;11507887;0.86049;0.86061;0.86055;0;T;True;2
1621234249000;11507888;0.86049;0.86061;0.86055;0;T;True;2
1621234250000;11507889;0.86049;0.86061;0.86055;0;T;True;2
1621234251000;11507890;0.86049;0.86061;0.86055;0;T;True;2
1621234252000;11507893;0.86049;0.86061;0.86055;2;T;True;2
1621234253000;11507895;0.86049;0.86061;0.86055;1;T;True;2
1621234254000;11507896;0.86049;0.86061;0.86055;0;T;True;2
1621234255000;11507897;0.86049;0.86061;0.86055;0;T;True;2
1621234256000;11507900;0.86051;0.86063;0.86057;2;T;True;2
1621234257000;11507902;0.86051;0.86063;0.86057;1;T;True;2
1621234258000;11507903;0.86051;0.86063;0.86057;0;T;True;2
1621234259000;11507904;0.86051;0.86063;0.86057;0;T;True;2
1621234260000;11507905;0.86051;0.86063;0.86057;0;T;True;2
1621234261000;11507906;0.86051;0.86063;0.86057;0;T;True;2
1621234262000;11507910;0.86055;0.86067;0.86061;3;T;True;2
1621234263000;11507913;0.86055;0.86067;0.86061;2;T;True;2
1621234264000;11507916;0.86055;0.86067;0.86061;2;T;True;2
1621234265000;11507917;0.86055;0.86067;0.86061;0;T;True;2
1621234266000;11507919;0.86056;0.86068;0.86062;1;T;True;2
1621234267000;11507920;0.86056;0.86068;0.86062;0;T;True;2
1621234268000;11507921;0.86056;0.86068;0.86062;0;T;True;2
1621234269000;11507922;0.86056;0.86068;0.86062;0;T;True;2
1621234270000;11507923;0.86056;0.86068;0.86062;0;T;True;2
1621234271000;11507924;0.86056;0.86068;0.86062;0;T;True;2
1621234272000;11507925;0.86056;0.86068;0.86062;0;T;True;2
1621234273000;11507926;0.86056;0.86068;0.86062;0;T;True;2
1621234274000;11507928;0.86056;0.86068;0.86062;1;T;True;2
1621234275000;11507929;0.86056;0.86068;0.86062;0;T;True;2
1621234276000;11507930;0.86056;0.86068;0.86062;0;T;True;2
1621234277000;11507932;0.86057;0.86069;0.86063;1;T;True;2
1621234278000;11507937;0.86058;0.8607;0.86064;4;T;True;2
1621234279000;11507938;0.86058;0.8607;0.86064;0;T;True;2
1621234280000;11507939;0.86058;0.8607;0.86064;0;T;True;2
1621234281000;11507941;0.86059;0.86071;0.86065;1;T;True;2
1621234282000;11507942;0.86059;0.86071;0.86065;0;T;True;2
1621234283000;11507943;0.86059;0.86071;0.86065;0;T;True;2
1621234284000;11507944;0.86059;0.86071;0.86065;0;T;True;2
1621234285000;11507950;0.86059;0.86071;0.86065;5;T;True;2
1621234286000;11507951;0.86059;0.86071;0.86065;0;T;True;2
1621234287000;11507953;0.86059;0.86071;0.86065;1;T;True;2
1621234288000;11507954;0.86059;0.86071;0.86065;0;T;True;2
1621234289000;11507957;0.86058;0.8607;0.86064;2;T;True;2
1621234290000;11507960;0.86059;0.86071;0.86065;2;T;True;2
1621234291000;11507961;0.86059;0.86071;0.86065;0;T;True;2
1621234292000;11507963;0.86059;0.86071;0.86065;1;T;True;2
1621234293000;11507970;0.86063;0.86075;0.86069;6;T;True;2
1621234294000;11507971;0.86063;0.86075;0.86069;0;T;True;2
1621234295000;11507972;0.86063;0.86075;0.86069;0;T;True;2
1621234296000;11507974;0.86063;0.86075;0.86069;1;T;True;2
1621234297000;11507976;0.86063;0.86075;0.86069;1;T;True;2
1621234298000;11507977;0.86063;0.86075;0.86069;0;T;True;2
1621234299000;11507978;0.86063;0.86075;0.86069;0;T;True;2
1621234300000;11507985;0.86061;0.86073;0.86067;6;T;True;2
1621234301000;11507986;0.86061;0.86073;0.86067;0;T;True;2
1621234302000;11507989;0.86059;0.86071;0.86065;2;T;True;2
1621234303000;11507990;0.86059;0.86071;0.86065;0;T;True;2
1621234304000;11507994;0.86061;0.86073;0.86067;3;T;True;2
1621234305000;11507996;0.86061;0.86073;0.86067;1;T;True;2
1621234306000;11507998;0.86061;0.86073;0.86067;1;T;True;2
1621234307000;11507999;0.86061;0.86073;0.86067;0;T;True;2
1621234308000;11508001;0.86061;0.86073;0.86067;1;T;True;2
1621234309000;11508002;0.86061;0.86073;0.86067;0;T;True;2
1621234310000;11508003;0.86061;0.86073;0.86067;0;T;True;2
1621234311000;11508004;0.86061;0.86073;0.86067;0;T;True;2
1621234312000;11508005;0.86061;0.86073;0.86067;0;T;True;2
1621234313000;11508007;0.86061;0.86073;0.86067;1;T;True;2
1621234314000;11508008;0.86061;0.86073;0.86067;0;T;True;2
1621234315000;11508009;0.86061;0.86073;0.86067;0;T;True;2
1621234316000;11508012;0.86061;0.86073;0.86067;2;T;True;2
1621234317000;11508013;0.86061;0.86073;0.86067;0;T;True;2
1621234318000;11508014;0.86061;0.86073;0.86067;0;T;True;2
1621234319000;11508016;0.86063;0.86075;0.86069;1;T;True;2
1621234320000;11508017;0.86063;0.86075;0.86069;0;T;True;2
1621234321000;11508018;0.86063;0.86075;0.86069;0;T;True;2
1621234322000;11508019;0.86063;0.86075;0.86069;0;T;True;2
1621234323000;11508021;0.86063;0.86075;0.86069;1;T;True;2
1621234324000;11508022;0.86063;0.86075;0.86069;0;T;True;2
1621234325000;11508028;0.8606;0.86072;0.86066;5;T;True;2
1621234326000;11508029;0.8606;0.86072;0.86066;0;T;True;2
1621234327000;11508033;0.86057;0.86069;0.86063;3;T;True;2
1621234328000;11508036;0.86057;0.86069;0.86063;2;T;True;2
1621234329000;11508038;0.86056;0.86068;0.86062;1;T;True;2
1621234330000;11508040;0.86057;0.86069;0.86063;1;T;True;2
1621234331000;11508041;0.86057;0.86069;0.86063;0;T;True;2
1621234332000;11508042;0.86057;0.86069;0.86063;0;T;True;2
1621234333000;11508045;0.86057;0.86069;0.86063;2;T;True;2
1621234334000;11508050;0.86057;0.86069;0.86063;4;T;True;2
1621234335000;11508051;0.86057;0.86069;0.86063;0;T;True;2
1621234336000;11508052;0.86057;0.86069;0.86063;0;T;True;2
1621234337000;11508056;0.86055;0.86067;0.86061;3;T;True;2
1621234338000;11508057;0.86055;0.86067;0.86061;0;T;True;2
1621234339000;11508058;0.86055;0.86067;0.86061;0;T;True;2
1621234340000;11508059;0.86055;0.86067;0.86061;0;T;True;2
1621234341000;11508060;0.86055;0.86067;0.86061;0;T;True;2
1621234342000;11508061;0.86055;0.86067;0.86061;0;T;True;2
1621234343000;11508062;0.86055;0.86067;0.86061;0;T;True;2
1621234344000;11508064;0.86054;0.86066;0.8606;1;T;True;2
1621234345000;11508066;0.86053;0.86065;0.86059;1;T;True;2
1621234346000;11508067;0.86053;0.86065;0.86059;0;T;True;2
1621234347000;11508069;0.86055;0.86067;0.86061;1;T;True;2
1621234348000;11508070;0.86055;0.86067;0.86061;0;T;True;2
1621234349000;11508071;0.86055;0.86067;0.86061;0;T;True;2
1621234350000;11508072;0.86055;0.86067;0.86061;0;T;True;2
1621234351000;11508076;0.86055;0.86067;0.86061;3;T;True;2
1621234352000;11508077;0.86055;0.86067;0.86061;0;T;True;2
1621234353000;11508080;0.86054;0.86066;0.8606;2;T;True;2
1621234354000;11508081;0.86054;0.86066;0.8606;0;T;True;2
1621234355000;11508085;0.86053;0.86065;0.86059;3;T;True;2
1621234356000;11508091;0.86051;0.86063;0.86057;5;T;True;2
1621234357000;11508094;0.86051;0.86063;0.86057;2;T;True;2
1621234358000;11508096;0.86051;0.86063;0.86057;1;T;True;2
1621234359000;11508097;0.86051;0.86063;0.86057;0;T;True;2
1621234360000;11508098;0.86051;0.86063;0.86057;0;T;True;2
1621234361000;11508099;0.86051;0.86063;0.86057;0;T;True;2
1621234362000;11508100;0.86051;0.86063;0.86057;0;T;True;2
1621234363000;11508101;0.86051;0.86063;0.86057;0;T;True;2
1621234364000;11508104;0.86051;0.86063;0.86057;2;T;True;2
1621234365000;11508105;0.86051;0.86063;0.86057;0;T;True;2
1621234366000;11508106;0.86051;0.86063;0.86057;0;T;True;2
1621234367000;11508107;0.86051;0.86063;0.86057;0;T;True;2
1621234368000;11508108;0.86051;0.86063;0.86057;0;T;True;2
1621234369000;11508109;0.86051;0.86063;0.86057;0;T;True;2
1621234370000;11508110;0.86051;0.86063;0.86057;0;T;True;2
1621234371000;11508111;0.86051;0.86063;0.86057;0;T;True;2
1621234372000;11508112;0.86051;0.86063;0.86057;0;T;True;2
1621234373000;11508116;0.86051;0.86063;0.86057;3;T;True;2
1621234374000;11508118;0.86051;0.86063;0.86057;1;T;True;2
1621234375000;11508119;0.86051;0.86063;0.86057;0;T;True;2
1621234376000;11508120;0.86051;0.86063;0.86057;0;T;True;2
1621234377000;11508121;0.86051;0.86063;0.86057;0;T;True;2
1621234378000;11508122;0.86051;0.86063;0.86057;0;T;True;2
1621234379000;11508123;0.86051;0.86063;0.86057;0;T;True;2
1621234380000;11508124;0.86051;0.86063;0.86057;0;T;True;2
1621234381000;11508125;0.86051;0.86063;0.86057;0;T;True;2
1621234382000;11508126;0.86051;0.86063;0.86057;0;T;True;2
1621234383000;11508131;0.86051;0.86063;0.86057;4;T;True;2
1621234384000;11508132;0.86051;0.86063;0.86057;0;T;True;2
1621234385000;11508134;0.86051;0.86063;0.86057;1;T;True;2
1621234386000;11508135;0.86051;0.86063;0.86057;0;T;True;2
1621234387000;11508136;0.86051;0.86063;0.86057;0;T;True;2
1621234388000;11508137;0.86051;0.86063;0.86057;0;T;True;2
1621234389000;11508138;0.86051;0.86063;0.86057;0;T;True;2
1621234390000;11508139;0.86051;0.86063;0.86057;0;T;True;2
1621234391000;11508141;0.86051;0.86063;0.86057;1;T;True;2
1621234392000;11508142;0.86051;0.86063;0.86057;0;T;True;2
1621234393000;11508143;0.86051;0.86063;0.86057;0;T;True;2
1621234394000;11508144;0.86051;0.86063;0.86057;0;T;True;2
1621234395000;11508146;0.86051;0.86063;0.86057;1;T;True;2
1621234396000;11508147;0.86051;0.86063;0.86057;0;T;True;2
1621234397000;11508148;0.86051;0.86063;0.86057;0;T;True;2
1621234398000;11508149;0.86051;0.86063;0.86057;0;T;True;2
1621234399000;11508151;0.86051;0.86063;0.86057;1;T;True;2
1621234400000;11508152;0.86051;0.86063;0.86057;0;T;True;2
1621234401000;11508158;0.86047;0.86059;0.86053;5;T;True;2
1621234402000;11508160;0.86046;0.86058;0.86052;1;T;True;2
1621234403000;11508162;0.86045;0.86057;0.86051;1;T;True;2
1621234404000;11508163;0.86045;0.86057;0.86051;0;T;True;2
1621234405000;11508166;0.86045;0.86057;0.86051;2;T;True;2
1621234406000;11508168;0.86045;0.86057;0.86051;1;T;True;2
1621234407000;11508172;0.86044;0.86056;0.8605;3;T;True;2
1621234408000;11508173;0.86044;0.86056;0.8605;0;T;True;2
1621234409000;11508175;0.86044;0.86056;0.8605;1;T;True;2
1621234410000;11508178;0.86043;0.86055;0.86049;2;T;True;2
1621234411000;11508181;0.86041;0.86053;0.86047;2;T;True;2
1621234412000;11508182;0.86041;0.86053;0.86047;0;T;True;2
1621234413000;11508183;0.86041;0.86053;0.86047;0;T;True;2
1621234414000;11508185;0.86042;0.86054;0.86048;1;T;True;2
1621234415000;11508186;0.86042;0.86054;0.86048;0;T;True;2
1621234416000;11508187;0.86042;0.86054;0.86048;0;T;True;2
1621234417000;11508188;0.86042;0.86054;0.86048;0;T;True;2
1621234418000;11508189;0.86042;0.86054;0.86048;0;T;True;2
1621234419000;11508190;0.86042;0.86054;0.86048;0;T;True;2
1621234420000;11508191;0.86042;0.86054;0.86048;0;T;True;2
1621234421000;11508192;0.86042;0.86054;0.86048;0;T;True;2
1621234422000;11508194;0.86041;0.86053;0.86047;1;T;True;2
1621234423000;11508197;0.8604;0.86052;0.86046;2;T;True;2
1621234424000;11508200;0.86039;0.86051;0.86045;2;T;True;2
1621234425000;11508203;0.86037;0.86049;0.86043;2;T;True;2
1621234426000;11508209;0.86035;0.86047;0.86041;5;T;True;2
1621234427000;11508211;0.86035;0.86047;0.86041;1;T;True;2
1621234428000;11508212;0.86035;0.86047;0.86041;0;T;True;2
1621234429000;11508218;0.86035;0.86047;0.86041;5;T;True;2
1621234430000;11508219;0.86035;0.86047;0.86041;0;T;True;2
1621234431000;11508226;0.86035;0.86047;0.86041;6;T;True;2
1621234432000;11508228;0.86035;0.86047;0.86041;1;T;True;2
1621234433000;11508229;0.86035;0.86047;0.86041;0;T;True;2
1621234434000;11508233;0.86033;0.86045;0.86039;3;T;True;2
1621234435000;11508240;0.86033;0.86045;0.86039;6;T;True;2
1621234436000;11508243;0.86033;0.86045;0.86039;2;T;True;2
1621234437000;11508247;0.86032;0.86044;0.86038;3;T;True;2
1621234438000;11508250;0.86031;0.86043;0.86037;2;T;True;2
1621234439000;11508252;0.86031;0.86043;0.86037;1;T;True;2
1621234440000;11508254;0.86033;0.86045;0.86039;1;T;True;2
1621234441000;11508255;0.86033;0.86045;0.86039;0;T;True;2
1621234442000;11508256;0.86033;0.86045;0.86039;0;T;True;2
1621234443000;11508257;0.86033;0.86045;0.86039;0;T;True;2
1621234444000;11508260;0.86031;0.86043;0.86037;2;T;True;2
1621234445000;11508261;0.86031;0.86043;0.86037;0;T;True;2
1621234446000;11508262;0.86031;0.86043;0.86037;0;T;True;2
1621234447000;11508266;0.86031;0.86043;0.86037;3;T;True;2
1621234448000;11508267;0.86031;0.86043;0.86037;0;T;True;2
1621234449000;11508269;0.86032;0.86044;0.86038;1;T;True;2
1621234450000;11508270;0.86032;0.86044;0.86038;0;T;True;2
1621234451000;11508271;0.86032;0.86044;0.86038;0;T;True;2
1621234452000;11508276;0.86029;0.86041;0.86035;4;T;True;2
1621234453000;11508279;0.86029;0.86041;0.86035;2;T;True;2
1621234454000;11508280;0.86029;0.86041;0.86035;0;T;True;2
1621234455000;11508284;0.86027;0.86039;0.86033;3;T;True;2
1621234456000;11508286;0.86028;0.8604;0.86034;1;T;True;2
1621234457000;11508287;0.86028;0.8604;0.86034;0;T;True;2
1621234458000;11508288;0.86028;0.8604;0.86034;0;T;True;2
1621234459000;11508292;0.86029;0.86041;0.86035;3;T;True;2
1621234460000;11508293;0.86029;0.86041;0.86035;0;T;True;2
1621234461000;11508297;0.86031;0.86043;0.86037;3;T;True;2
1621234462000;11508298;0.86031;0.86043;0.86037;0;T;True;2
1621234463000;11508299;0.86031;0.86043;0.86037;0;T;True;2
1621234464000;11508300;0.86031;0.86043;0.86037;0;T;True;2
1621234465000;11508301;0.86031;0.86043;0.86037;0;T;True;2
1621234466000;11508302;0.86031;0.86043;0.86037;0;T;True;2
1621234467000;11508303;0.86031;0.86043;0.86037;0;T;True;2
1621234468000;11508304;0.86031;0.86043;0.86037;0;T;True;2
1621234469000;11508305;0.86031;0.86043;0.86037;0;T;True;2
1621234470000;11508307;0.86032;0.86044;0.86038;1;T;True;2
1621234471000;11508308;0.86032;0.86044;0.86038;0;T;True;2
1621234472000;11508309;0.86032;0.86044;0.86038;0;T;True;2
1621234473000;11508312;0.86031;0.86043;0.86037;2;T;True;2
1621234474000;11508313;0.86031;0.86043;0.86037;0;T;True;2
1621234475000;11508314;0.86031;0.86043;0.86037;0;T;True;2
1621234476000;11508315;0.86031;0.86043;0.86037;0;T;True;2
1621234477000;11508316;0.86031;0.86043;0.86037;0;T;True;2
1621234478000;11508317;0.86031;0.86043;0.86037;0;T;True;2
1621234479000;11508318;0.86031;0.86043;0.86037;0;T;True;2
1621234480000;11508319;0.86031;0.86043;0.86037;0;T;True;2
1621234481000;11508320;0.86031;0.86043;0.86037;0;T;True;2
1621234482000;11508321;0.86031;0.86043;0.86037;0;T;True;2
1621234483000;11508323;0.8603;0.86042;0.86036;1;T;True;2
1621234484000;11508324;0.8603;0.86042;0.86036;0;T;True;2
1621234485000;11508325;0.8603;0.86042;0.86036;0;T;True;2
1621234486000;11508326;0.8603;0.86042;0.86036;0;T;True;2
1621234487000;11508327;0.8603;0.86042;0.86036;0;T;True;2
1621234488000;11508328;0.8603;0.86042;0.86036;0;T;True;2
1621234489000;11508330;0.8603;0.86042;0.86036;1;T;True;2
1621234490000;11508331;0.8603;0.86042;0.86036;0;T;True;2
1621234491000;11508333;0.86031;0.86043;0.86037;1;T;True;2
1621234492000;11508334;0.86031;0.86043;0.86037;0;T;True;2
1621234493000;11508335;0.86031;0.86043;0.86037;0;T;True;2
1621234494000;11508336;0.86031;0.86043;0.86037;0;T;True;2
1621234495000;11508337;0.86031;0.86043;0.86037;0;T;True;2
1621234496000;11508338;0.86031;0.86043;0.86037;0;T;True;2
1621234497000;11508339;0.86031;0.86043;0.86037;0;T;True;2
1621234498000;11508340;0.86031;0.86043;0.86037;0;T;True;2
1621234499000;11508342;0.86031;0.86043;0.86037;1;T;True;2
1621234500000;11508344;0.86031;0.86043;0.86037;1;T;True;2
1621234501000;11508346;0.86031;0.86043;0.86037;1;T;True;2
1621234502000;11508349;0.8603;0.86042;0.86036;2;T;True;2
1621234503000;11508351;0.8603;0.86042;0.86036;1;T;True;2
1621234504000;11508352;0.8603;0.86042;0.86036;0;T;True;2
1621234505000;11508353;0.8603;0.86042;0.86036;0;T;True;2
1621234506000;11508354;0.8603;0.86042;0.86036;0;T;True;2
1621234507000;11508356;0.86031;0.86043;0.86037;1;T;True;2
1621234508000;11508358;0.86033;0.86045;0.86039;1;T;True;2
1621234509000;11508366;0.86036;0.86048;0.86042;7;T;True;2
1621234510000;11508370;0.86037;0.86049;0.86043;3;T;True;2
1621234511000;11508371;0.86037;0.86049;0.86043;0;T;True;2
1621234512000;11508373;0.86037;0.86049;0.86043;1;T;True;2
1621234513000;11508374;0.86037;0.86049;0.86043;0;T;True;2
1621234514000;11508376;0.86037;0.86049;0.86043;1;T;True;2
1621234515000;11508377;0.86037;0.86049;0.86043;0;T;True;2
1621234516000;11508378;0.86037;0.86049;0.86043;0;T;True;2
1621234517000;11508379;0.86037;0.86049;0.86043;0;T;True;2
1621234518000;11508380;0.86037;0.86049;0.86043;0;T;True;2
1621234519000;11508384;0.86035;0.86047;0.86041;3;T;True;2
1621234520000;11508385;0.86035;0.86047;0.86041;0;T;True;2
1621234521000;11508391;0.86035;0.86047;0.86041;5;T;True;2
1621234522000;11508394;0.86033;0.86045;0.86039;2;T;True;2
1621234523000;11508397;0.86031;0.86043;0.86037;2;T;True;2
1621234524000;11508398;0.86031;0.86043;0.86037;0;T;True;2
1621234525000;11508399;0.86031;0.86043;0.86037;0;T;True;2
1621234526000;11508400;0.86031;0.86043;0.86037;0;T;True;2
1621234527000;11508401;0.86031;0.86043;0.86037;0;T;True;2
1621234528000;11508403;0.86029;0.86041;0.86035;1;T;True;2
1621234529000;11508404;0.86029;0.86041;0.86035;0;T;True;2
1621234530000;11508406;0.8603;0.86042;0.86036;1;T;True;2
1621234531000;11508407;0.8603;0.86042;0.86036;0;T;True;2
1621234532000;11508409;0.8603;0.86042;0.86036;1;T;True;2
1621234533000;11508410;0.8603;0.86042;0.86036;0;T;True;2
1621234534000;11508411;0.8603;0.86042;0.86036;0;T;True;2
1621234535000;11508412;0.8603;0.86042;0.86036;0;T;True;2
1621234536000;11508417;0.86031;0.86043;0.86037;4;T;True;2
1621234537000;11508419;0.86031;0.86043;0.86037;1;T;True;2
1621234538000;11508421;0.86031;0.86043;0.86037;1;T;True;2
1621234539000;11508422;0.86031;0.86043;0.86037;0;T;True;2
1621234540000;11508424;0.86031;0.86043;0.86037;1;T;True;2
1621234541000;11508427;0.8603;0.86042;0.86036;2;T;True;2
1621234542000;11508430;0.8603;0.86042;0.86036;2;T;True;2
1621234543000;11508431;0.8603;0.86042;0.86036;0;T;True;2
1621234544000;11508444;0.86031;0.86043;0.86037;12;T;True;2
1621234545000;11508451;0.86031;0.86043;0.86037;6;T;True;2
1621234546000;11508457;0.8603;0.86042;0.86036;5;T;True;2
1621234547000;11508459;0.8603;0.86042;0.86036;1;T;True;2
1621234548000;11508460;0.8603;0.86042;0.86036;0;T;True;2
1621234549000;11508468;0.86033;0.86045;0.86039;7;T;True;2
1621234550000;11508472;0.86035;0.86047;0.86041;3;T;True;2
1621234551000;11508477;0.86033;0.86045;0.86039;4;T;True;2
1621234552000;11508479;0.86033;0.86045;0.86039;1;T;True;2
1621234553000;11508481;0.86033;0.86045;0.86039;1;T;True;2
1621234554000;11508482;0.86033;0.86045;0.86039;0;T;True;2
1621234555000;11508484;0.86034;0.86046;0.8604;1;T;True;2
1621234556000;11508485;0.86034;0.86046;0.8604;0;T;True;2
1621234557000;11508486;0.86034;0.86046;0.8604;0;T;True;2
1621234558000;11508488;0.86035;0.86047;0.86041;1;T;True;2
1621234559000;11508489;0.86035;0.86047;0.86041;0;T;True;2
1621234560000;11508490;0.86035;0.86047;0.86041;0;T;True;2
1621234561000;11508491;0.86035;0.86047;0.86041;0;T;True;2
1621234562000;11508492;0.86035;0.86047;0.86041;0;T;True;2
1621234563000;11508493;0.86035;0.86047;0.86041;0;T;True;2
1621234564000;11508494;0.86035;0.86047;0.86041;0;T;True;2
1621234565000;11508495;0.86035;0.86047;0.86041;0;T;True;2
1621234566000;11508496;0.86035;0.86047;0.86041;0;T;True;2
1621234567000;11508497;0.86035;0.86047;0.86041;0;T;True;2
1621234568000;11508499;0.86036;0.86048;0.86042;1;T;True;2
1621234569000;11508503;0.86039;0.86051;0.86045;3;T;True;2
1621234570000;11508510;0.86041;0.86053;0.86047;6;T;True;2
1621234571000;11508511;0.86041;0.86053;0.86047;0;T;True;2
1621234572000;11508512;0.86041;0.86053;0.86047;0;T;True;2
1621234573000;11508513;0.86041;0.86053;0.86047;0;T;True;2
1621234574000;11508514;0.86041;0.86053;0.86047;0;T;True;2
1621234575000;11508515;0.86041;0.86053;0.86047;0;T;True;2
1621234576000;11508516;0.86041;0.86053;0.86047;0;T;True;2
1621234577000;11508517;0.86041;0.86053;0.86047;0;T;True;2
1621234578000;11508518;0.86041;0.86053;0.86047;0;T;True;2
1621234579000;11508519;0.86041;0.86053;0.86047;0;T;True;2
1621234580000;11508521;0.86041;0.86053;0.86047;1;T;True;2
1621234581000;11508522;0.86041;0.86053;0.86047;0;T;True;2
1621234582000;11508524;0.8604;0.86052;0.86046;1;T;True;2
1621234583000;11508525;0.8604;0.86052;0.86046;0;T;True;2
1621234584000;11508526;0.8604;0.86052;0.86046;0;T;True;2
1621234585000;11508528;0.8604;0.86052;0.86046;1;T;True;2
1621234586000;11508529;0.8604;0.86052;0.86046;0;T;True;2
1621234587000;11508530;0.8604;0.86052;0.86046;0;T;True;2
