ts;n;bid;ask;value;volume;phase;round;active_id
1621215193000;11480260;0.86139;0.86151;0.86145;0;T;True;2
1621215194000;11480261;0.86139;0.86151;0.86145;0;T;True;2
1621215195000;11480262;0.86139;0.86151;0.86145;0;T;True;2
1621215196000;11480263;0.86139;0.86151;0.86145;0;T;True;2
1621215197000;11480264;0.86139;0.86151;0.86145;0;T;True;2
1621215198000;11480265;0.86139;0.86151;0.86145;0;T;True;2
1621215199000;11480266;0.86139;0.86151;0.86145;0;T;True;2
1621215200000;11480267;0.86139;0.86151;0.86145;0;T;True;2
1621215201000;11480268;0.86139;0.86151;0.86145;0;T;True;2
1621215202000;11480269;0.86139;0.86151;0.86145;0;T;True;2
1621215203000;11480271;0.86141;0.86153;0.86147;1;T;True;2
1621215204000;11480272;0.86141;0.86153;0.86147;0;T;True;2
1621215205000;11480273;0.86141;0.86153;0.86147;0;T;True;2
1621215206000;11480275;0.8614;0.86152;0.86146;1;T;True;2
1621215207000;11480276;0.8614;0.86152;0.86146;0;T;True;2
1621215208000;11480277;0.8614;0.86152;0.86146;0;T;True;2
1621215209000;11480278;0.8614;0.86152;0.86146;0;T;True;2
1621215210000;11480280;0.86139;0.86151;0.86145;1;T;True;2
1621215211000;11480281;0.86139;0.86151;0.86145;0;T;True;2
1621215212000;11480282;0.86139;0.86151;0.86145;0;T;True;2
1621215213000;11480283;0.86139;0.86151;0.86145;0;T;True;2
1621215214000;11480284;0.86139;0.86151;0.86145;0;T;True;2
1621215215000;11480285;0.86139;0.86151;0.86145;0;T;True;2
1621215216000;11480286;0.86139;0.86151;0.86145;0;T;True;2
1621215217000;11480287;0.86139;0.86151;0.86145;0;T;True;2
1621215218000;11480288;0.86139;0.86151;0.86145;0;T;True;2
1621215219000;11480289;0.86139;0.86151;0.86145;0;T;True;2
1621215220000;11480290;0.86139;0.86151;0.86145;0;T;True;2
1621215221000;11480291;0.86139;0.86151;0.86145;0;T;True;2
1621215222000;11480292;0.86139;0.86151;0.86145;0;T;True;2
1621215223000;11480293;0.86139;0.86151;0.86145;0;T;True;2
1621215224000;11480294;0.86139;0.86151;0.86145;0;T;True;2
1621215225000;11480295;0.86139;0.86151;0.86145;0;T;True;2
1621215226000;11480296;0.86139;0.86151;0.86145;0;T;True;2
1621215227000;11480297;0.86139;0.86151;0.86145;0;T;True;2
1621215228000;11480298;0.86139;0.86151;0.86145;0;T;True;2
1621215229000;11480299;0.86139;0.86151;0.86145;0;T;True;2
1621215230000;11480300;0.86139;0.86151;0.86145;0;T;True;2
1621215231000;11480301;0.86139;0.86151;0.86145;0;T;True;2
1621215232000;11480302;0.86139;0.86151;0.86145;0;T;True;2
1621215233000;11480303;0.86139;0.86151;0.86145;0;T;True;2
1621215234000;11480304;0.86139;0.86151;0.86145;0;T;True;2
1621215235000;11480306;0.86138;0.8615;0.86144;1;T;True;2
1621215236000;11480307;0.86138;0.8615;0.86144;0;T;True;2
1621215237000;11480308;0.86138;0.8615;0.86144;0;T;True;2
1621215238000;11480309;0.86138;0.8615;0.86144;0;T;True;2
1621215239000;11480313;0.86139;0.86151;0.86145;3;T;True;2
1621215240000;11480317;0.86138;0.8615;0.86144;3;T;True;2
1621215241000;11480318;0.86138;0.8615;0.86144;0;T;True;2
1621215242000;11480319;0.86138;0.8615;0.86144;0;T;True;2
1621215243000;11480320;0.86138;0.8615;0.86144;0;T;True;2
1621215244000;11480321;0.86138;0.8615;0.86144;0;T;True;2
1621215245000;11480323;0.86139;0.86151;0.86145;1;T;True;2
1621215246000;11480324;0.86139;0.86151;0.86145;0;T;True;2
1621215247000;11480326;0.86137;0.86149;0.86143;1;T;True;2
1621215248000;11480327;0.86137;0.86149;0.86143;0;T;True;2
1621215249000;11480328;0.86137;0.86149;0.86143;0;T;True;2
1621215250000;11480329;0.86137;0.86149;0.86143;0;T;True;2
1621215251000;11480334;0.86135;0.86147;0.86141;4;T;True;2
1621215252000;11480335;0.86135;0.86147;0.86141;0;T;True;2
1621215253000;11480336;0.86135;0.86147;0.86141;0;T;True;2
1621215254000;11480337;0.86135;0.86147;0.86141;0;T;True;2
1621215255000;11480342;0.86135;0.86147;0.86141;4;T;True;2
1621215256000;11480343;0.86135;0.86147;0.86141;0;T;True;2
1621215257000;11480346;0.86137;0.86149;0.86143;2;T;True;2
1621215258000;11480351;0.86136;0.86148;0.86142;4;T;True;2
1621215259000;11480352;0.86136;0.86148;0.86142;0;T;True;2
1621215260000;11480354;0.86135;0.86147;0.86141;1;T;True;2
1621215261000;11480355;0.86135;0.86147;0.86141;0;T;True;2
1621215262000;11480356;0.86135;0.86147;0.86141;0;T;True;2
1621215263000;11480357;0.86135;0.86147;0.86141;0;T;True;2
1621215264000;11480358;0.86135;0.86147;0.86141;0;T;True;2
1621215265000;11480359;0.86135;0.86147;0.86141;0;T;True;2
1621215266000;11480361;0.86134;0.86146;0.8614;1;T;True;2
1621215267000;11480362;0.86134;0.86146;0.8614;0;T;True;2
1621215268000;11480363;0.86134;0.86146;0.8614;0;T;True;2
1621215269000;11480365;0.86135;0.86147;0.86141;1;T;True;2
1621215270000;11480366;0.86135;0.86147;0.86141;0;T;True;2
1621215271000;11480367;0.86135;0.86147;0.86141;0;T;True;2
1621215272000;11480368;0.86135;0.86147;0.86141;0;T;True;2
1621215273000;11480370;0.86134;0.86146;0.8614;1;T;True;2
1621215274000;11480371;0.86134;0.86146;0.8614;0;T;True;2
1621215275000;11480372;0.86134;0.86146;0.8614;0;T;True;2
1621215276000;11480373;0.86134;0.86146;0.8614;0;T;True;2
1621215277000;11480374;0.86134;0.86146;0.8614;0;T;True;2
1621215278000;11480375;0.86134;0.86146;0.8614;0;T;True;2
1621215279000;11480376;0.86134;0.86146;0.8614;0;T;True;2
1621215280000;11480378;0.86133;0.86145;0.86139;1;T;True;2
1621215281000;11480379;0.86133;0.86145;0.86139;0;T;True;2
1621215282000;11480381;0.86133;0.86145;0.86139;1;T;True;2
1621215283000;11480383;0.86134;0.86146;0.8614;1;T;True;2
1621215284000;11480385;0.86135;0.86147;0.86141;1;T;True;2
1621215285000;11480386;0.86135;0.86147;0.86141;0;T;True;2
1621215286000;11480387;0.86135;0.86147;0.86141;0;T;True;2
1621215287000;11480388;0.86135;0.86147;0.86141;0;T;True;2
1621215288000;11480389;0.86135;0.86147;0.86141;0;T;True;2
1621215289000;11480390;0.86135;0.86147;0.86141;0;T;True;2
1621215290000;11480391;0.86135;0.86147;0.86141;0;T;True;2
1621215291000;11480392;0.86135;0.86147;0.86141;0;T;True;2
1621215292000;11480393;0.86135;0.86147;0.86141;0;T;True;2
1621215293000;11480394;0.86135;0.86147;0.86141;0;T;True;2
1621215294000;11480395;0.86135;0.86147;0.86141;0;T;True;2
1621215295000;11480396;0.86135;0.86147;0.86141;0;T;True;2
1621215296000;11480397;0.86135;0.86147;0.86141;0;T;True;2
1621215297000;11480398;0.86135;0.86147;0.86141;0;T;True;2
1621215298000;11480399;0.86135;0.86147;0.86141;0;T;True;2
1621215299000;11480400;0.86135;0.86147;0.86141;0;T;True;2
1621215300000;11480401;0.86135;0.86147;0.86141;0;T;True;2
1621215301000;11480402;0.86135;0.86147;0.86141;0;T;True;2
1621215302000;11480403;0.86135;0.86147;0.86141;0;T;True;2
1621215303000;11480404;0.86135;0.86147;0.86141;0;T;True;2
1621215304000;11480405;0.86135;0.86147;0.86141;0;T;True;2
1621215305000;11480406;0.86135;0.86147;0.86141;0;T;True;2
1621215306000;11480407;0.86135;0.86147;0.86141;0;T;True;2
1621215307000;11480408;0.86135;0.86147;0.86141;0;T;True;2
1621215308000;11480409;0.86135;0.86147;0.86141;0;T;True;2
1621215309000;11480410;0.86135;0.86147;0.86141;0;T;True;2
1621215310000;11480411;0.86135;0.86147;0.86141;0;T;True;2
1621215311000;11480412;0.86135;0.86147;0.86141;0;T;True;2
1621215312000;11480413;0.86135;0.86147;0.86141;0;T;True;2
1621215313000;11480414;0.86135;0.86147;0.86141;0;T;True;2
1621215314000;11480415;0.86135;0.86147;0.86141;0;T;True;2
1621215315000;11480416;0.86135;0.86147;0.86141;0;T;True;2
1621215316000;11480417;0.86135;0.86147;0.86141;0;T;True;2
1621215317000;11480418;0.86135;0.86147;0.86141;0;T;True;2
1621215318000;11480419;0.86135;0.86147;0.86141;0;T;True;2
1621215319000;11480420;0.86135;0.86147;0.86141;0;T;True;2
1621215320000;11480421;0.86135;0.86147;0.86141;0;T;True;2
1621215321000;11480422;0.86135;0.86147;0.86141;0;T;True;2
1621215322000;11480424;0.86134;0.86146;0.8614;1;T;True;2
1621215323000;11480425;0.86134;0.86146;0.8614;0;T;True;2
1621215324000;11480426;0.86134;0.86146;0.8614;0;T;True;2
1621215325000;11480427;0.86134;0.86146;0.8614;0;T;True;2
1621215326000;11480428;0.86134;0.86146;0.8614;0;T;True;2
1621215327000;11480429;0.86134;0.86146;0.8614;0;T;True;2
1621215328000;11480430;0.86134;0.86146;0.8614;0;T;True;2
1621215329000;11480431;0.86134;0.86146;0.8614;0;T;True;2
1621215330000;11480433;0.86133;0.86145;0.86139;1;T;True;2
1621215331000;11480434;0.86133;0.86145;0.86139;0;T;True;2
1621215332000;11480435;0.86133;0.86145;0.86139;0;T;True;2
1621215333000;11480436;0.86133;0.86145;0.86139;0;T;True;2
1621215334000;11480438;0.86133;0.86145;0.86139;1;T;True;2
1621215335000;11480440;0.86133;0.86145;0.86139;1;T;True;2
1621215336000;11480441;0.86133;0.86145;0.86139;0;T;True;2
1621215337000;11480442;0.86133;0.86145;0.86139;0;T;True;2
1621215338000;11480443;0.86133;0.86145;0.86139;0;T;True;2
1621215339000;11480444;0.86133;0.86145;0.86139;0;T;True;2
1621215340000;11480446;0.86133;0.86145;0.86139;1;T;True;2
1621215341000;11480447;0.86133;0.86145;0.86139;0;T;True;2
1621215342000;11480448;0.86133;0.86145;0.86139;0;T;True;2
1621215343000;11480449;0.86133;0.86145;0.86139;0;T;True;2
1621215344000;11480450;0.86133;0.86145;0.86139;0;T;True;2
1621215345000;11480452;0.86132;0.86144;0.86138;1;T;True;2
1621215346000;11480454;0.86131;0.86143;0.86137;1;T;True;2
1621215347000;11480455;0.86131;0.86143;0.86137;0;T;True;2
1621215348000;11480456;0.86131;0.86143;0.86137;0;T;True;2
1621215349000;11480457;0.86131;0.86143;0.86137;0;T;True;2
1621215350000;11480458;0.86131;0.86143;0.86137;0;T;True;2
1621215351000;11480460;0.86129;0.86141;0.86135;1;T;True;2
1621215352000;11480462;0.86131;0.86143;0.86137;1;T;True;2
1621215353000;11480463;0.86131;0.86143;0.86137;0;T;True;2
1621215354000;11480464;0.86131;0.86143;0.86137;0;T;True;2
1621215355000;11480465;0.86131;0.86143;0.86137;0;T;True;2
1621215356000;11480466;0.86131;0.86143;0.86137;0;T;True;2
1621215357000;11480467;0.86131;0.86143;0.86137;0;T;True;2
1621215358000;11480468;0.86131;0.86143;0.86137;0;T;True;2
1621215359000;11480469;0.86131;0.86143;0.86137;0;T;True;2
1621215360000;11480470;0.86131;0.86143;0.86137;0;T;True;2
1621215361000;11480471;0.86131;0.86143;0.86137;0;T;True;2
1621215362000;11480472;0.86131;0.86143;0.86137;0;T;True;2
1621215363000;11480473;0.86131;0.86143;0.86137;0;T;True;2
1621215364000;11480474;0.86131;0.86143;0.86137;0;T;True;2
1621215365000;11480475;0.86131;0.86143;0.86137;0;T;True;2
1621215366000;11480478;0.86127;0.86139;0.86133;2;T;True;2
1621215367000;11480479;0.86127;0.86139;0.86133;0;T;True;2
1621215368000;11480480;0.86127;0.86139;0.86133;0;T;True;2
1621215369000;11480481;0.86127;0.86139;0.86133;0;T;True;2
1621215370000;11480482;0.86127;0.86139;0.86133;0;T;True;2
1621215371000;11480483;0.86127;0.86139;0.86133;0;T;True;2
1621215372000;11480484;0.86127;0.86139;0.86133;0;T;True;2
1621215373000;11480485;0.86127;0.86139;0.86133;0;T;True;2
1621215374000;11480487;0.86128;0.8614;0.86134;1;T;True;2
1621215375000;11480489;0.86127;0.86139;0.86133;1;T;True;2
1621215376000;11480490;0.86127;0.86139;0.86133;0;T;True;2
1621215377000;11480491;0.86127;0.86139;0.86133;0;T;True;2
1621215378000;11480492;0.86127;0.86139;0.86133;0;T;True;2
1621215379000;11480493;0.86127;0.86139;0.86133;0;T;True;2
1621215380000;11480494;0.86127;0.86139;0.86133;0;T;True;2
1621215381000;11480495;0.86127;0.86139;0.86133;0;T;True;2
1621215382000;11480496;0.86127;0.86139;0.86133;0;T;True;2
1621215383000;11480497;0.86127;0.86139;0.86133;0;T;True;2
1621215384000;11480499;0.86128;0.8614;0.86134;1;T;True;2
1621215385000;11480500;0.86128;0.8614;0.86134;0;T;True;2
1621215386000;11480501;0.86128;0.8614;0.86134;0;T;True;2
1621215387000;11480502;0.86128;0.8614;0.86134;0;T;True;2
1621215388000;11480503;0.86128;0.8614;0.86134;0;T;True;2
1621215389000;11480507;0.86131;0.86143;0.86137;3;T;True;2
1621215390000;11480508;0.86131;0.86143;0.86137;0;T;True;2
1621215391000;11480510;0.86131;0.86143;0.86137;1;T;True;2
1621215392000;11480511;0.86131;0.86143;0.86137;0;T;True;2
1621215393000;11480512;0.86131;0.86143;0.86137;0;T;True;2
1621215394000;11480513;0.86131;0.86143;0.86137;0;T;True;2
1621215395000;11480514;0.86131;0.86143;0.86137;0;T;True;2
1621215396000;11480515;0.86131;0.86143;0.86137;0;T;True;2
1621215397000;11480516;0.86131;0.86143;0.86137;0;T;True;2
1621215398000;11480517;0.86131;0.86143;0.86137;0;T;True;2
1621215399000;11480521;0.86129;0.86141;0.86135;3;T;True;2
1621215400000;11480522;0.86129;0.86141;0.86135;0;T;True;2
1621215401000;11480523;0.86129;0.86141;0.86135;0;T;True;2
1621215402000;11480524;0.86129;0.86141;0.86135;0;T;True;2
1621215403000;11480525;0.86129;0.86141;0.86135;0;T;True;2
1621215404000;11480528;0.86129;0.86141;0.86135;2;T;True;2
1621215405000;11480529;0.86129;0.86141;0.86135;0;T;True;2
1621215406000;11480530;0.86129;0.86141;0.86135;0;T;True;2
1621215407000;11480532;0.8613;0.86142;0.86136;1;T;True;2
1621215408000;11480534;0.86129;0.86141;0.86135;1;T;True;2
1621215409000;11480536;0.86128;0.8614;0.86134;1;T;True;2
1621215410000;11480537;0.86128;0.8614;0.86134;0;T;True;2
1621215411000;11480539;0.86128;0.8614;0.86134;1;T;True;2
1621215412000;11480542;0.86129;0.86141;0.86135;2;T;True;2
1621215413000;11480543;0.86129;0.86141;0.86135;0;T;True;2
1621215414000;11480544;0.86129;0.86141;0.86135;0;T;True;2
1621215415000;11480546;0.86131;0.86143;0.86137;1;T;True;2
1621215416000;11480547;0.86131;0.86143;0.86137;0;T;True;2
1621215417000;11480548;0.86131;0.86143;0.86137;0;T;True;2
1621215418000;11480550;0.8613;0.86142;0.86136;1;T;True;2
1621215419000;11480551;0.8613;0.86142;0.86136;0;T;True;2
1621215420000;11480552;0.8613;0.86142;0.86136;0;T;True;2
1621215421000;11480553;0.8613;0.86142;0.86136;0;T;True;2
1621215422000;11480554;0.8613;0.86142;0.86136;0;T;True;2
1621215423000;11480555;0.8613;0.86142;0.86136;0;T;True;2
1621215424000;11480556;0.8613;0.86142;0.86136;0;T;True;2
1621215425000;11480557;0.8613;0.86142;0.86136;0;T;True;2
1621215426000;11480558;0.8613;0.86142;0.86136;0;T;True;2
1621215427000;11480559;0.8613;0.86142;0.86136;0;T;True;2
1621215428000;11480560;0.8613;0.86142;0.86136;0;T;True;2
1621215429000;11480561;0.8613;0.86142;0.86136;0;T;True;2
1621215430000;11480562;0.8613;0.86142;0.86136;0;T;True;2
1621215431000;11480563;0.8613;0.86142;0.86136;0;T;True;2
1621215432000;11480564;0.8613;0.86142;0.86136;0;T;True;2
1621215433000;11480565;0.8613;0.86142;0.86136;0;T;True;2
1621215434000;11480566;0.8613;0.86142;0.86136;0;T;True;2
1621215435000;11480567;0.8613;0.86142;0.86136;0;T;True;2
1621215436000;11480568;0.8613;0.86142;0.86136;0;T;True;2
1621215437000;11480569;0.8613;0.86142;0.86136;0;T;True;2
1621215438000;11480570;0.8613;0.86142;0.86136;0;T;True;2
1621215439000;11480571;0.8613;0.86142;0.86136;0;T;True;2
1621215440000;11480572;0.8613;0.86142;0.86136;0;T;True;2
1621215441000;11480573;0.8613;0.86142;0.86136;0;T;True;2
1621215442000;11480574;0.8613;0.86142;0.86136;0;T;True;2
1621215443000;11480575;0.8613;0.86142;0.86136;0;T;True;2
1621215444000;11480579;0.86129;0.86141;0.86135;3;T;True;2
1621215445000;11480580;0.86129;0.86141;0.86135;0;T;True;2
1621215446000;11480581;0.86129;0.86141;0.86135;0;T;True;2
1621215447000;11480582;0.86129;0.86141;0.86135;0;T;True;2
1621215448000;11480583;0.86129;0.86141;0.86135;0;T;True;2
1621215449000;11480584;0.86129;0.86141;0.86135;0;T;True;2
1621215450000;11480585;0.86129;0.86141;0.86135;0;T;True;2
1621215451000;11480586;0.86129;0.86141;0.86135;0;T;True;2
1621215452000;11480587;0.86129;0.86141;0.86135;0;T;True;2
1621215453000;11480588;0.86129;0.86141;0.86135;0;T;True;2
1621215454000;11480589;0.86129;0.86141;0.86135;0;T;True;2
1621215455000;11480590;0.86129;0.86141;0.86135;0;T;True;2
1621215456000;11480591;0.86129;0.86141;0.86135;0;T;True;2
1621215457000;11480593;0.86128;0.8614;0.86134;1;T;True;2
1621215458000;11480594;0.86128;0.8614;0.86134;0;T;True;2
1621215459000;11480595;0.86128;0.8614;0.86134;0;T;True;2
1621215460000;11480596;0.86128;0.8614;0.86134;0;T;True;2
1621215461000;11480597;0.86128;0.8614;0.86134;0;T;True;2
1621215462000;11480599;0.86129;0.86141;0.86135;1;T;True;2
1621215463000;11480600;0.86129;0.86141;0.86135;0;T;True;2
1621215464000;11480601;0.86129;0.86141;0.86135;0;T;True;2
1621215465000;11480602;0.86129;0.86141;0.86135;0;T;True;2
1621215466000;11480603;0.86129;0.86141;0.86135;0;T;True;2
1621215467000;11480605;0.86127;0.86139;0.86133;1;T;True;2
1621215468000;11480606;0.86127;0.86139;0.86133;0;T;True;2
1621215469000;11480607;0.86127;0.86139;0.86133;0;T;True;2
1621215470000;11480608;0.86127;0.86139;0.86133;0;T;True;2
1621215471000;11480610;0.86129;0.86141;0.86135;1;T;True;2
1621215472000;11480611;0.86129;0.86141;0.86135;0;T;True;2
1621215473000;11480612;0.86129;0.86141;0.86135;0;T;True;2
1621215474000;11480614;0.86131;0.86143;0.86137;1;T;True;2
1621215475000;11480615;0.86131;0.86143;0.86137;0;T;True;2
1621215476000;11480616;0.86131;0.86143;0.86137;0;T;True;2
1621215477000;11480617;0.86131;0.86143;0.86137;0;T;True;2
1621215478000;11480618;0.86131;0.86143;0.86137;0;T;True;2
1621215479000;11480619;0.86131;0.86143;0.86137;0;T;True;2
1621215480000;11480620;0.86131;0.86143;0.86137;0;T;True;2
1621215481000;11480621;0.86131;0.86143;0.86137;0;T;True;2
1621215482000;11480622;0.86131;0.86143;0.86137;0;T;True;2
1621215483000;11480623;0.86131;0.86143;0.86137;0;T;True;2
1621215484000;11480624;0.86131;0.86143;0.86137;0;T;True;2
1621215485000;11480625;0.86131;0.86143;0.86137;0;T;True;2
1621215486000;11480628;0.86131;0.86143;0.86137;2;T;True;2
1621215487000;11480630;0.86131;0.86143;0.86137;1;T;True;2
1621215488000;11480631;0.86131;0.86143;0.86137;0;T;True;2
1621215489000;11480632;0.86131;0.86143;0.86137;0;T;True;2
1621215490000;11480633;0.86131;0.86143;0.86137;0;T;True;2
1621215491000;11480643;0.86132;0.86144;0.86138;9;T;True;2
1621215492000;11480644;0.86132;0.86144;0.86138;0;T;True;2
1621215493000;11480645;0.86132;0.86144;0.86138;0;T;True;2
1621215494000;11480647;0.86133;0.86145;0.86139;1;T;True;2
1621215495000;11480648;0.86133;0.86145;0.86139;0;T;True;2
1621215496000;11480649;0.86133;0.86145;0.86139;0;T;True;2
1621215497000;11480650;0.86133;0.86145;0.86139;0;T;True;2
1621215498000;11480651;0.86133;0.86145;0.86139;0;T;True;2
1621215499000;11480652;0.86133;0.86145;0.86139;0;T;True;2
1621215500000;11480653;0.86133;0.86145;0.86139;0;T;True;2
1621215501000;11480654;0.86133;0.86145;0.86139;0;T;True;2
1621215502000;11480655;0.86133;0.86145;0.86139;0;T;True;2
1621215503000;11480656;0.86133;0.86145;0.86139;0;T;True;2
1621215504000;11480657;0.86133;0.86145;0.86139;0;T;True;2
1621215505000;11480659;0.86131;0.86143;0.86137;1;T;True;2
1621215506000;11480662;0.86131;0.86143;0.86137;2;T;True;2
1621215507000;11480663;0.86131;0.86143;0.86137;0;T;True;2
1621215508000;11480664;0.86131;0.86143;0.86137;0;T;True;2
1621215509000;11480665;0.86131;0.86143;0.86137;0;T;True;2
1621215510000;11480666;0.86131;0.86143;0.86137;0;T;True;2
1621215511000;11480667;0.86131;0.86143;0.86137;0;T;True;2
1621215512000;11480668;0.86131;0.86143;0.86137;0;T;True;2
1621215513000;11480669;0.86131;0.86143;0.86137;0;T;True;2
1621215514000;11480670;0.86131;0.86143;0.86137;0;T;True;2
1621215515000;11480671;0.86131;0.86143;0.86137;0;T;True;2
1621215516000;11480672;0.86131;0.86143;0.86137;0;T;True;2
1621215517000;11480673;0.86131;0.86143;0.86137;0;T;True;2
1621215518000;11480676;0.86131;0.86143;0.86137;2;T;True;2
1621215519000;11480678;0.86133;0.86145;0.86139;1;T;True;2
1621215520000;11480680;0.86131;0.86143;0.86137;1;T;True;2
1621215521000;11480681;0.86131;0.86143;0.86137;0;T;True;2
1621215522000;11480682;0.86131;0.86143;0.86137;0;T;True;2
1621215523000;11480683;0.86131;0.86143;0.86137;0;T;True;2
1621215524000;11480684;0.86131;0.86143;0.86137;0;T;True;2
1621215525000;11480685;0.86131;0.86143;0.86137;0;T;True;2
1621215526000;11480686;0.86131;0.86143;0.86137;0;T;True;2
1621215527000;11480687;0.86131;0.86143;0.86137;0;T;True;2
1621215528000;11480688;0.86131;0.86143;0.86137;0;T;True;2
1621215529000;11480689;0.86131;0.86143;0.86137;0;T;True;2
1621215530000;11480690;0.86131;0.86143;0.86137;0;T;True;2
1621215531000;11480691;0.86131;0.86143;0.86137;0;T;True;2
1621215532000;11480692;0.86131;0.86143;0.86137;0;T;True;2
1621215533000;11480693;0.86131;0.86143;0.86137;0;T;True;2
1621215534000;11480694;0.86131;0.86143;0.86137;0;T;True;2
1621215535000;11480696;0.86132;0.86144;0.86138;1;T;True;2
1621215536000;11480697;0.86132;0.86144;0.86138;0;T;True;2
1621215537000;11480698;0.86132;0.86144;0.86138;0;T;True;2
1621215538000;11480699;0.86132;0.86144;0.86138;0;T;True;2
1621215539000;11480700;0.86132;0.86144;0.86138;0;T;True;2
1621215540000;11480701;0.86132;0.86144;0.86138;0;T;True;2
1621215541000;11480703;0.86131;0.86143;0.86137;1;T;True;2
1621215542000;11480704;0.86131;0.86143;0.86137;0;T;True;2
1621215543000;11480705;0.86131;0.86143;0.86137;0;T;True;2
1621215544000;11480706;0.86131;0.86143;0.86137;0;T;True;2
1621215545000;11480707;0.86131;0.86143;0.86137;0;T;True;2
1621215546000;11480708;0.86131;0.86143;0.86137;0;T;True;2
1621215547000;11480709;0.86131;0.86143;0.86137;0;T;True;2
1621215548000;11480710;0.86131;0.86143;0.86137;0;T;True;2
1621215549000;11480711;0.86131;0.86143;0.86137;0;T;True;2
1621215550000;11480712;0.86131;0.86143;0.86137;0;T;True;2
1621215551000;11480713;0.86131;0.86143;0.86137;0;T;True;2
1621215552000;11480714;0.86131;0.86143;0.86137;0;T;True;2
1621215553000;11480715;0.86131;0.86143;0.86137;0;T;True;2
1621215554000;11480716;0.86131;0.86143;0.86137;0;T;True;2
1621215555000;11480717;0.86131;0.86143;0.86137;0;T;True;2
1621215556000;11480718;0.86131;0.86143;0.86137;0;T;True;2
1621215557000;11480720;0.8613;0.86142;0.86136;1;T;True;2
1621215558000;11480721;0.8613;0.86142;0.86136;0;T;True;2
1621215559000;11480723;0.86129;0.86141;0.86135;1;T;True;2
1621215560000;11480724;0.86129;0.86141;0.86135;0;T;True;2
1621215561000;11480725;0.86129;0.86141;0.86135;0;T;True;2
1621215562000;11480726;0.86129;0.86141;0.86135;0;T;True;2
1621215563000;11480728;0.86131;0.86143;0.86137;1;T;True;2
1621215564000;11480731;0.86132;0.86144;0.86138;2;T;True;2
1621215565000;11480732;0.86132;0.86144;0.86138;0;T;True;2
1621215566000;11480734;0.86133;0.86145;0.86139;1;T;True;2
1621215567000;11480735;0.86133;0.86145;0.86139;0;T;True;2
1621215568000;11480737;0.86131;0.86143;0.86137;1;T;True;2
1621215569000;11480738;0.86131;0.86143;0.86137;0;T;True;2
1621215570000;11480739;0.86131;0.86143;0.86137;0;T;True;2
1621215571000;11480740;0.86131;0.86143;0.86137;0;T;True;2
1621215572000;11480741;0.86131;0.86143;0.86137;0;T;True;2
1621215573000;11480742;0.86131;0.86143;0.86137;0;T;True;2
1621215574000;11480743;0.86131;0.86143;0.86137;0;T;True;2
1621215575000;11480744;0.86131;0.86143;0.86137;0;T;True;2
1621215576000;11480746;0.86131;0.86143;0.86137;1;T;True;2
1621215577000;11480747;0.86131;0.86143;0.86137;0;T;True;2
1621215578000;11480749;0.86131;0.86143;0.86137;1;T;True;2
1621215579000;11480750;0.86131;0.86143;0.86137;0;T;True;2
1621215580000;11480751;0.86131;0.86143;0.86137;0;T;True;2
1621215581000;11480752;0.86131;0.86143;0.86137;0;T;True;2
1621215582000;11480753;0.86131;0.86143;0.86137;0;T;True;2
1621215583000;11480754;0.86131;0.86143;0.86137;0;T;True;2
1621215584000;11480755;0.86131;0.86143;0.86137;0;T;True;2
1621215585000;11480757;0.8613;0.86142;0.86136;1;T;True;2
1621215586000;11480761;0.8613;0.86142;0.86136;3;T;True;2
1621215587000;11480762;0.8613;0.86142;0.86136;0;T;True;2
1621215588000;11480764;0.86129;0.86141;0.86135;1;T;True;2
1621215589000;11480765;0.86129;0.86141;0.86135;0;T;True;2
1621215590000;11480766;0.86129;0.86141;0.86135;0;T;True;2
1621215591000;11480769;0.86129;0.86141;0.86135;2;T;True;2
1621215592000;11480771;0.86129;0.86141;0.86135;1;T;True;2
1621215593000;11480773;0.86129;0.86141;0.86135;1;T;True;2
1621215594000;11480774;0.86129;0.86141;0.86135;0;T;True;2
1621215595000;11480775;0.86129;0.86141;0.86135;0;T;True;2
1621215596000;11480777;0.86129;0.86141;0.86135;1;T;True;2
1621215597000;11480778;0.86129;0.86141;0.86135;0;T;True;2
1621215598000;11480779;0.86129;0.86141;0.86135;0;T;True;2
1621215599000;11480780;0.86129;0.86141;0.86135;0;T;True;2
1621215600000;11480781;0.86129;0.86141;0.86135;0;T;True;2
1621215601000;11480782;0.86129;0.86141;0.86135;0;T;True;2
1621215602000;11480783;0.86129;0.86141;0.86135;0;T;True;2
1621215603000;11480785;0.8613;0.86142;0.86136;1;T;True;2
1621215604000;11480787;0.86129;0.86141;0.86135;1;T;True;2
1621215605000;11480788;0.86129;0.86141;0.86135;0;T;True;2
1621215606000;11480792;0.86133;0.86145;0.86139;3;T;True;2
1621215607000;11480793;0.86133;0.86145;0.86139;0;T;True;2
1621215608000;11480794;0.86133;0.86145;0.86139;0;T;True;2
1621215609000;11480795;0.86133;0.86145;0.86139;0;T;True;2
1621215610000;11480796;0.86133;0.86145;0.86139;0;T;True;2
1621215611000;11480797;0.86133;0.86145;0.86139;0;T;True;2
1621215612000;11480798;0.86133;0.86145;0.86139;0;T;True;2
1621215613000;11480799;0.86133;0.86145;0.86139;0;T;True;2
1621215614000;11480800;0.86133;0.86145;0.86139;0;T;True;2
1621215615000;11480801;0.86133;0.86145;0.86139;0;T;True;2
1621215616000;11480802;0.86133;0.86145;0.86139;0;T;True;2
1621215617000;11480803;0.86133;0.86145;0.86139;0;T;True;2
1621215618000;11480804;0.86133;0.86145;0.86139;0;T;True;2
1621215619000;11480805;0.86133;0.86145;0.86139;0;T;True;2
1621215620000;11480806;0.86133;0.86145;0.86139;0;T;True;2
1621215621000;11480807;0.86133;0.86145;0.86139;0;T;True;2
1621215622000;11480810;0.86133;0.86145;0.86139;2;T;True;2
1621215623000;11480811;0.86133;0.86145;0.86139;0;T;True;2
1621215624000;11480812;0.86133;0.86145;0.86139;0;T;True;2
1621215625000;11480813;0.86133;0.86145;0.86139;0;T;True;2
1621215626000;11480814;0.86133;0.86145;0.86139;0;T;True;2
1621215627000;11480815;0.86133;0.86145;0.86139;0;T;True;2
1621215628000;11480816;0.86133;0.86145;0.86139;0;T;True;2
1621215629000;11480817;0.86133;0.86145;0.86139;0;T;True;2
1621215630000;11480818;0.86133;0.86145;0.86139;0;T;True;2
1621215631000;11480819;0.86133;0.86145;0.86139;0;T;True;2
1621215632000;11480820;0.86133;0.86145;0.86139;0;T;True;2
1621215633000;11480821;0.86133;0.86145;0.86139;0;T;True;2
1621215634000;11480822;0.86133;0.86145;0.86139;0;T;True;2
1621215635000;11480823;0.86133;0.86145;0.86139;0;T;True;2
1621215636000;11480824;0.86133;0.86145;0.86139;0;T;True;2
1621215637000;11480825;0.86133;0.86145;0.86139;0;T;True;2
1621215638000;11480826;0.86133;0.86145;0.86139;0;T;True;2
1621215639000;11480827;0.86133;0.86145;0.86139;0;T;True;2
1621215640000;11480828;0.86133;0.86145;0.86139;0;T;True;2
1621215641000;11480829;0.86133;0.86145;0.86139;0;T;True;2
1621215642000;11480830;0.86133;0.86145;0.86139;0;T;True;2
1621215643000;11480831;0.86133;0.86145;0.86139;0;T;True;2
1621215644000;11480832;0.86133;0.86145;0.86139;0;T;True;2
1621215645000;11480833;0.86133;0.86145;0.86139;0;T;True;2
1621215646000;11480834;0.86133;0.86145;0.86139;0;T;True;2
1621215647000;11480835;0.86133;0.86145;0.86139;0;T;True;2
1621215648000;11480836;0.86133;0.86145;0.86139;0;T;True;2
1621215649000;11480839;0.86133;0.86145;0.86139;2;T;True;2
1621215650000;11480841;0.86134;0.86146;0.8614;1;T;True;2
1621215651000;11480842;0.86134;0.86146;0.8614;0;T;True;2
1621215652000;11480843;0.86134;0.86146;0.8614;0;T;True;2
1621215653000;11480845;0.86133;0.86145;0.86139;1;T;True;2
1621215654000;11480846;0.86133;0.86145;0.86139;0;T;True;2
1621215655000;11480847;0.86133;0.86145;0.86139;0;T;True;2
1621215656000;11480848;0.86133;0.86145;0.86139;0;T;True;2
1621215657000;11480849;0.86133;0.86145;0.86139;0;T;True;2
1621215658000;11480850;0.86133;0.86145;0.86139;0;T;True;2
1621215659000;11480851;0.86133;0.86145;0.86139;0;T;True;2
1621215660000;11480852;0.86133;0.86145;0.86139;0;T;True;2
1621215661000;11480853;0.86133;0.86145;0.86139;0;T;True;2
1621215662000;11480854;0.86133;0.86145;0.86139;0;T;True;2
1621215663000;11480855;0.86133;0.86145;0.86139;0;T;True;2
1621215664000;11480856;0.86133;0.86145;0.86139;0;T;True;2
1621215665000;11480857;0.86133;0.86145;0.86139;0;T;True;2
1621215666000;11480858;0.86133;0.86145;0.86139;0;T;True;2
1621215667000;11480859;0.86133;0.86145;0.86139;0;T;True;2
1621215668000;11480860;0.86133;0.86145;0.86139;0;T;True;2
1621215669000;11480861;0.86133;0.86145;0.86139;0;T;True;2
1621215670000;11480863;0.86132;0.86144;0.86138;1;T;True;2
1621215671000;11480864;0.86132;0.86144;0.86138;0;T;True;2
1621215672000;11480865;0.86132;0.86144;0.86138;0;T;True;2
1621215673000;11480866;0.86132;0.86144;0.86138;0;T;True;2
1621215674000;11480867;0.86132;0.86144;0.86138;0;T;True;2
1621215675000;11480868;0.86132;0.86144;0.86138;0;T;True;2
1621215676000;11480869;0.86132;0.86144;0.86138;0;T;True;2
1621215677000;11480870;0.86132;0.86144;0.86138;0;T;True;2
1621215678000;11480871;0.86132;0.86144;0.86138;0;T;True;2
1621215679000;11480873;0.86133;0.86145;0.86139;1;T;True;2
1621215680000;11480874;0.86133;0.86145;0.86139;0;T;True;2
1621215681000;11480875;0.86133;0.86145;0.86139;0;T;True;2
1621215682000;11480876;0.86133;0.86145;0.86139;0;T;True;2
1621215683000;11480877;0.86133;0.86145;0.86139;0;T;True;2
1621215684000;11480878;0.86133;0.86145;0.86139;0;T;True;2
1621215685000;11480879;0.86133;0.86145;0.86139;0;T;True;2
1621215686000;11480880;0.86133;0.86145;0.86139;0;T;True;2
1621215687000;11480881;0.86133;0.86145;0.86139;0;T;True;2
1621215688000;11480882;0.86133;0.86145;0.86139;0;T;True;2
1621215689000;11480883;0.86133;0.86145;0.86139;0;T;True;2
1621215690000;11480884;0.86133;0.86145;0.86139;0;T;True;2
1621215691000;11480885;0.86133;0.86145;0.86139;0;T;True;2
1621215692000;11480886;0.86133;0.86145;0.86139;0;T;True;2
1621215693000;11480887;0.86133;0.86145;0.86139;0;T;True;2
1621215694000;11480888;0.86133;0.86145;0.86139;0;T;True;2
1621215695000;11480889;0.86133;0.86145;0.86139;0;T;True;2
1621215696000;11480890;0.86133;0.86145;0.86139;0;T;True;2
1621215697000;11480891;0.86133;0.86145;0.86139;0;T;True;2
1621215698000;11480892;0.86133;0.86145;0.86139;0;T;True;2
1621215699000;11480893;0.86133;0.86145;0.86139;0;T;True;2
1621215700000;11480895;0.86131;0.86143;0.86137;1;T;True;2
1621215701000;11480897;0.86129;0.86141;0.86135;1;T;True;2
1621215702000;11480898;0.86129;0.86141;0.86135;0;T;True;2
1621215703000;11480899;0.86129;0.86141;0.86135;0;T;True;2
1621215704000;11480900;0.86129;0.86141;0.86135;0;T;True;2
1621215705000;11480901;0.86129;0.86141;0.86135;0;T;True;2
1621215706000;11480902;0.86129;0.86141;0.86135;0;T;True;2
1621215707000;11480903;0.86129;0.86141;0.86135;0;T;True;2
1621215708000;11480904;0.86129;0.86141;0.86135;0;T;True;2
1621215709000;11480905;0.86129;0.86141;0.86135;0;T;True;2
1621215710000;11480906;0.86129;0.86141;0.86135;0;T;True;2
1621215711000;11480907;0.86129;0.86141;0.86135;0;T;True;2
1621215712000;11480908;0.86129;0.86141;0.86135;0;T;True;2
1621215713000;11480909;0.86129;0.86141;0.86135;0;T;True;2
1621215714000;11480910;0.86129;0.86141;0.86135;0;T;True;2
1621215715000;11480911;0.86129;0.86141;0.86135;0;T;True;2
1621215716000;11480912;0.86129;0.86141;0.86135;0;T;True;2
1621215717000;11480917;0.86133;0.86145;0.86139;4;T;True;2
1621215718000;11480918;0.86133;0.86145;0.86139;0;T;True;2
1621215719000;11480919;0.86133;0.86145;0.86139;0;T;True;2
1621215720000;11480920;0.86133;0.86145;0.86139;0;T;True;2
1621215721000;11480921;0.86133;0.86145;0.86139;0;T;True;2
1621215722000;11480922;0.86133;0.86145;0.86139;0;T;True;2
1621215723000;11480923;0.86133;0.86145;0.86139;0;T;True;2
1621215724000;11480924;0.86133;0.86145;0.86139;0;T;True;2
1621215725000;11480925;0.86133;0.86145;0.86139;0;T;True;2
1621215726000;11480926;0.86133;0.86145;0.86139;0;T;True;2
1621215727000;11480927;0.86133;0.86145;0.86139;0;T;True;2
1621215728000;11480928;0.86133;0.86145;0.86139;0;T;True;2
1621215729000;11480929;0.86133;0.86145;0.86139;0;T;True;2
1621215730000;11480930;0.86133;0.86145;0.86139;0;T;True;2
1621215731000;11480931;0.86133;0.86145;0.86139;0;T;True;2
1621215732000;11480932;0.86133;0.86145;0.86139;0;T;True;2
1621215733000;11480933;0.86133;0.86145;0.86139;0;T;True;2
1621215734000;11480934;0.86133;0.86145;0.86139;0;T;True;2
1621215735000;11480935;0.86133;0.86145;0.86139;0;T;True;2
1621215736000;11480936;0.86133;0.86145;0.86139;0;T;True;2
1621215737000;11480937;0.86133;0.86145;0.86139;0;T;True;2
1621215738000;11480938;0.86133;0.86145;0.86139;0;T;True;2
1621215739000;11480939;0.86133;0.86145;0.86139;0;T;True;2
1621215740000;11480940;0.86133;0.86145;0.86139;0;T;True;2
1621215741000;11480941;0.86133;0.86145;0.86139;0;T;True;2
1621215742000;11480942;0.86133;0.86145;0.86139;0;T;True;2
1621215743000;11480945;0.86133;0.86145;0.86139;2;T;True;2
1621215744000;11480946;0.86133;0.86145;0.86139;0;T;True;2
1621215745000;11480947;0.86133;0.86145;0.86139;0;T;True;2
1621215746000;11480948;0.86133;0.86145;0.86139;0;T;True;2
1621215747000;11480949;0.86133;0.86145;0.86139;0;T;True;2
1621215748000;11480950;0.86133;0.86145;0.86139;0;T;True;2
1621215749000;11480951;0.86133;0.86145;0.86139;0;T;True;2
1621215750000;11480952;0.86133;0.86145;0.86139;0;T;True;2
1621215751000;11480953;0.86133;0.86145;0.86139;0;T;True;2
1621215752000;11480954;0.86133;0.86145;0.86139;0;T;True;2
1621215753000;11480955;0.86133;0.86145;0.86139;0;T;True;2
1621215754000;11480956;0.86133;0.86145;0.86139;0;T;True;2
1621215755000;11480957;0.86133;0.86145;0.86139;0;T;True;2
1621215756000;11480958;0.86133;0.86145;0.86139;0;T;True;2
1621215757000;11480959;0.86133;0.86145;0.86139;0;T;True;2
1621215758000;11480960;0.86133;0.86145;0.86139;0;T;True;2
1621215759000;11480961;0.86133;0.86145;0.86139;0;T;True;2
1621215760000;11480962;0.86133;0.86145;0.86139;0;T;True;2
1621215761000;11480963;0.86133;0.86145;0.86139;0;T;True;2
1621215762000;11480964;0.86133;0.86145;0.86139;0;T;True;2
1621215763000;11480967;0.86135;0.86147;0.86141;2;T;True;2
1621215764000;11480968;0.86135;0.86147;0.86141;0;T;True;2
1621215765000;11480969;0.86135;0.86147;0.86141;0;T;True;2
1621215766000;11480970;0.86135;0.86147;0.86141;0;T;True;2
1621215767000;11480971;0.86135;0.86147;0.86141;0;T;True;2
1621215768000;11480974;0.86133;0.86145;0.86139;2;T;True;2
1621215769000;11480975;0.86133;0.86145;0.86139;0;T;True;2
1621215770000;11480976;0.86133;0.86145;0.86139;0;T;True;2
1621215771000;11480977;0.86133;0.86145;0.86139;0;T;True;2
1621215772000;11480978;0.86133;0.86145;0.86139;0;T;True;2
1621215773000;11480979;0.86133;0.86145;0.86139;0;T;True;2
1621215774000;11480980;0.86133;0.86145;0.86139;0;T;True;2
1621215775000;11480981;0.86133;0.86145;0.86139;0;T;True;2
1621215776000;11480982;0.86133;0.86145;0.86139;0;T;True;2
1621215777000;11480983;0.86133;0.86145;0.86139;0;T;True;2
1621215778000;11480984;0.86133;0.86145;0.86139;0;T;True;2
1621215779000;11480985;0.86133;0.86145;0.86139;0;T;True;2
1621215780000;11480986;0.86133;0.86145;0.86139;0;T;True;2
1621215781000;11480987;0.86133;0.86145;0.86139;0;T;True;2
1621215782000;11480988;0.86133;0.86145;0.86139;0;T;True;2
1621215783000;11480989;0.86133;0.86145;0.86139;0;T;True;2
1621215784000;11480992;0.86133;0.86145;0.86139;2;T;True;2
1621215785000;11480994;0.86132;0.86144;0.86138;1;T;True;2
1621215786000;11480995;0.86132;0.86144;0.86138;0;T;True;2
1621215787000;11480996;0.86132;0.86144;0.86138;0;T;True;2
1621215788000;11480997;0.86132;0.86144;0.86138;0;T;True;2
1621215789000;11480998;0.86132;0.86144;0.86138;0;T;True;2
1621215790000;11480999;0.86132;0.86144;0.86138;0;T;True;2
1621215791000;11481001;0.86131;0.86143;0.86137;1;T;True;2
1621215792000;11481002;0.86131;0.86143;0.86137;0;T;True;2
1621215793000;11481003;0.86131;0.86143;0.86137;0;T;True;2
1621215794000;11481004;0.86131;0.86143;0.86137;0;T;True;2
1621215795000;11481005;0.86131;0.86143;0.86137;0;T;True;2
1621215796000;11481006;0.86131;0.86143;0.86137;0;T;True;2
1621215797000;11481007;0.86131;0.86143;0.86137;0;T;True;2
1621215798000;11481009;0.86132;0.86144;0.86138;1;T;True;2
1621215799000;11481010;0.86132;0.86144;0.86138;0;T;True;2
1621215800000;11481011;0.86132;0.86144;0.86138;0;T;True;2
1621215801000;11481012;0.86132;0.86144;0.86138;0;T;True;2
1621215802000;11481013;0.86132;0.86144;0.86138;0;T;True;2
1621215803000;11481015;0.86131;0.86143;0.86137;1;T;True;2
1621215804000;11481016;0.86131;0.86143;0.86137;0;T;True;2
1621215805000;11481017;0.86131;0.86143;0.86137;0;T;True;2
1621215806000;11481018;0.86131;0.86143;0.86137;0;T;True;2
1621215807000;11481019;0.86131;0.86143;0.86137;0;T;True;2
1621215808000;11481020;0.86131;0.86143;0.86137;0;T;True;2
1621215809000;11481021;0.86131;0.86143;0.86137;0;T;True;2
1621215810000;11481022;0.86131;0.86143;0.86137;0;T;True;2
1621215811000;11481023;0.86131;0.86143;0.86137;0;T;True;2
1621215812000;11481024;0.86131;0.86143;0.86137;0;T;True;2
1621215813000;11481025;0.86131;0.86143;0.86137;0;T;True;2
1621215814000;11481026;0.86131;0.86143;0.86137;0;T;True;2
1621215815000;11481027;0.86131;0.86143;0.86137;0;T;True;2
1621215816000;11481028;0.86131;0.86143;0.86137;0;T;True;2
1621215817000;11481029;0.86131;0.86143;0.86137;0;T;True;2
1621215818000;11481030;0.86131;0.86143;0.86137;0;T;True;2
1621215819000;11481031;0.86131;0.86143;0.86137;0;T;True;2
1621215820000;11481032;0.86131;0.86143;0.86137;0;T;True;2
1621215821000;11481033;0.86131;0.86143;0.86137;0;T;True;2
1621215822000;11481034;0.86131;0.86143;0.86137;0;T;True;2
1621215823000;11481035;0.86131;0.86143;0.86137;0;T;True;2
1621215824000;11481036;0.86131;0.86143;0.86137;0;T;True;2
1621215825000;11481037;0.86131;0.86143;0.86137;0;T;True;2
1621215826000;11481038;0.86131;0.86143;0.86137;0;T;True;2
1621215827000;11481039;0.86131;0.86143;0.86137;0;T;True;2
1621215828000;11481040;0.86131;0.86143;0.86137;0;T;True;2
1621215829000;11481041;0.86131;0.86143;0.86137;0;T;True;2
1621215830000;11481042;0.86131;0.86143;0.86137;0;T;True;2
1621215831000;11481044;0.86129;0.86141;0.86135;1;T;True;2
1621215832000;11481045;0.86129;0.86141;0.86135;0;T;True;2
1621215833000;11481046;0.86129;0.86141;0.86135;0;T;True;2
1621215834000;11481047;0.86129;0.86141;0.86135;0;T;True;2
1621215835000;11481048;0.86129;0.86141;0.86135;0;T;True;2
1621215836000;11481049;0.86129;0.86141;0.86135;0;T;True;2
1621215837000;11481050;0.86129;0.86141;0.86135;0;T;True;2
1621215838000;11481051;0.86129;0.86141;0.86135;0;T;True;2
1621215839000;11481052;0.86129;0.86141;0.86135;0;T;True;2
1621215840000;11481053;0.86129;0.86141;0.86135;0;T;True;2
1621215841000;11481054;0.86129;0.86141;0.86135;0;T;True;2
1621215842000;11481055;0.86129;0.86141;0.86135;0;T;True;2
1621215843000;11481056;0.86129;0.86141;0.86135;0;T;True;2
1621215844000;11481057;0.86129;0.86141;0.86135;0;T;True;2
1621215845000;11481058;0.86129;0.86141;0.86135;0;T;True;2
1621215846000;11481059;0.86129;0.86141;0.86135;0;T;True;2
1621215847000;11481060;0.86129;0.86141;0.86135;0;T;True;2
1621215848000;11481061;0.86129;0.86141;0.86135;0;T;True;2
1621215849000;11481062;0.86129;0.86141;0.86135;0;T;True;2
1621215850000;11481063;0.86129;0.86141;0.86135;0;T;True;2
1621215851000;11481064;0.86129;0.86141;0.86135;0;T;True;2
1621215852000;11481065;0.86129;0.86141;0.86135;0;T;True;2
1621215853000;11481067;0.8613;0.86142;0.86136;1;T;True;2
1621215854000;11481068;0.8613;0.86142;0.86136;0;T;True;2
1621215855000;11481069;0.8613;0.86142;0.86136;0;T;True;2
1621215856000;11481072;0.86128;0.8614;0.86134;2;T;True;2
1621215857000;11481073;0.86128;0.8614;0.86134;0;T;True;2
1621215858000;11481075;0.86129;0.86141;0.86135;1;T;True;2
1621215859000;11481076;0.86129;0.86141;0.86135;0;T;True;2
1621215860000;11481077;0.86129;0.86141;0.86135;0;T;True;2
1621215861000;11481078;0.86129;0.86141;0.86135;0;T;True;2
1621215862000;11481079;0.86129;0.86141;0.86135;0;T;True;2
1621215863000;11481080;0.86129;0.86141;0.86135;0;T;True;2
1621215864000;11481081;0.86129;0.86141;0.86135;0;T;True;2
1621215865000;11481082;0.86129;0.86141;0.86135;0;T;True;2
1621215866000;11481083;0.86129;0.86141;0.86135;0;T;True;2
1621215867000;11481084;0.86129;0.86141;0.86135;0;T;True;2
1621215868000;11481085;0.86129;0.86141;0.86135;0;T;True;2
1621215869000;11481086;0.86129;0.86141;0.86135;0;T;True;2
1621215870000;11481087;0.86129;0.86141;0.86135;0;T;True;2
1621215871000;11481088;0.86129;0.86141;0.86135;0;T;True;2
1621215872000;11481089;0.86129;0.86141;0.86135;0;T;True;2
1621215873000;11481090;0.86129;0.86141;0.86135;0;T;True;2
1621215874000;11481091;0.86129;0.86141;0.86135;0;T;True;2
1621215875000;11481092;0.86129;0.86141;0.86135;0;T;True;2
1621215876000;11481094;0.86131;0.86143;0.86137;1;T;True;2
1621215877000;11481095;0.86131;0.86143;0.86137;0;T;True;2
1621215878000;11481096;0.86131;0.86143;0.86137;0;T;True;2
1621215879000;11481097;0.86131;0.86143;0.86137;0;T;True;2
1621215880000;11481098;0.86131;0.86143;0.86137;0;T;True;2
1621215881000;11481101;0.86131;0.86143;0.86137;2;T;True;2
1621215882000;11481102;0.86131;0.86143;0.86137;0;T;True;2
1621215883000;11481105;0.86133;0.86145;0.86139;2;T;True;2
1621215884000;11481108;0.86128;0.8614;0.86134;2;T;True;2
1621215885000;11481109;0.86128;0.8614;0.86134;0;T;True;2
1621215886000;11481110;0.86128;0.8614;0.86134;0;T;True;2
1621215887000;11481112;0.86129;0.86141;0.86135;1;T;True;2
1621215888000;11481113;0.86129;0.86141;0.86135;0;T;True;2
1621215889000;11481114;0.86129;0.86141;0.86135;0;T;True;2
1621215890000;11481116;0.86131;0.86143;0.86137;1;T;True;2
1621215891000;11481117;0.86131;0.86143;0.86137;0;T;True;2
1621215892000;11481118;0.86131;0.86143;0.86137;0;T;True;2
1621215893000;11481119;0.86131;0.86143;0.86137;0;T;True;2
1621215894000;11481120;0.86131;0.86143;0.86137;0;T;True;2
1621215895000;11481121;0.86131;0.86143;0.86137;0;T;True;2
1621215896000;11481122;0.86131;0.86143;0.86137;0;T;True;2
1621215897000;11481123;0.86131;0.86143;0.86137;0;T;True;2
1621215898000;11481124;0.86131;0.86143;0.86137;0;T;True;2
1621215899000;11481125;0.86131;0.86143;0.86137;0;T;True;2
1621215900000;11481126;0.86131;0.86143;0.86137;0;T;True;2
1621215901000;11481127;0.86131;0.86143;0.86137;0;T;True;2
1621215902000;11481128;0.86131;0.86143;0.86137;0;T;True;2
1621215903000;11481129;0.86131;0.86143;0.86137;0;T;True;2
1621215904000;11481130;0.86131;0.86143;0.86137;0;T;True;2
1621215905000;11481131;0.86131;0.86143;0.86137;0;T;True;2
1621215906000;11481139;0.86125;0.86137;0.86131;7;T;True;2
1621215907000;11481140;0.86125;0.86137;0.86131;0;T;True;2
1621215908000;11481141;0.86125;0.86137;0.86131;0;T;True;2
1621215909000;11481142;0.86125;0.86137;0.86131;0;T;True;2
1621215910000;11481145;0.86125;0.86137;0.86131;2;T;True;2
1621215911000;11481146;0.86125;0.86137;0.86131;0;T;True;2
1621215912000;11481147;0.86125;0.86137;0.86131;0;T;True;2
1621215913000;11481148;0.86125;0.86137;0.86131;0;T;True;2
1621215914000;11481149;0.86125;0.86137;0.86131;0;T;True;2
1621215915000;11481150;0.86125;0.86137;0.86131;0;T;True;2
1621215916000;11481151;0.86125;0.86137;0.86131;0;T;True;2
1621215917000;11481152;0.86125;0.86137;0.86131;0;T;True;2
1621215918000;11481153;0.86125;0.86137;0.86131;0;T;True;2
1621215919000;11481154;0.86125;0.86137;0.86131;0;T;True;2
1621215920000;11481155;0.86125;0.86137;0.86131;0;T;True;2
1621215921000;11481156;0.86125;0.86137;0.86131;0;T;True;2
1621215922000;11481157;0.86125;0.86137;0.86131;0;T;True;2
1621215923000;11481160;0.86125;0.86137;0.86131;2;T;True;2
1621215924000;11481161;0.86125;0.86137;0.86131;0;T;True;2
1621215925000;11481162;0.86125;0.86137;0.86131;0;T;True;2
1621215926000;11481163;0.86125;0.86137;0.86131;0;T;True;2
1621215927000;11481164;0.86125;0.86137;0.86131;0;T;True;2
1621215928000;11481170;0.86125;0.86137;0.86131;5;T;True;2
1621215929000;11481175;0.86125;0.86137;0.86131;4;T;True;2
1621215930000;11481178;0.86125;0.86137;0.86131;2;T;True;2
1621215931000;11481180;0.86124;0.86136;0.8613;1;T;True;2
1621215932000;11481181;0.86124;0.86136;0.8613;0;T;True;2
1621215933000;11481183;0.86125;0.86137;0.86131;1;T;True;2
1621215934000;11481184;0.86125;0.86137;0.86131;0;T;True;2
1621215935000;11481185;0.86125;0.86137;0.86131;0;T;True;2
1621215936000;11481186;0.86125;0.86137;0.86131;0;T;True;2
1621215937000;11481187;0.86125;0.86137;0.86131;0;T;True;2
1621215938000;11481189;0.86124;0.86136;0.8613;1;T;True;2
1621215939000;11481191;0.86123;0.86135;0.86129;1;T;True;2
1621215940000;11481192;0.86123;0.86135;0.86129;0;T;True;2
1621215941000;11481194;0.86125;0.86137;0.86131;1;T;True;2
1621215942000;11481195;0.86125;0.86137;0.86131;0;T;True;2
1621215943000;11481196;0.86125;0.86137;0.86131;0;T;True;2
1621215944000;11481197;0.86125;0.86137;0.86131;0;T;True;2
1621215945000;11481199;0.86126;0.86138;0.86132;1;T;True;2
1621215946000;11481200;0.86126;0.86138;0.86132;0;T;True;2
1621215947000;11481202;0.86125;0.86137;0.86131;1;T;True;2
1621215948000;11481203;0.86125;0.86137;0.86131;0;T;True;2
1621215949000;11481205;0.86126;0.86138;0.86132;1;T;True;2
1621215950000;11481206;0.86126;0.86138;0.86132;0;T;True;2
1621215951000;11481207;0.86126;0.86138;0.86132;0;T;True;2
1621215952000;11481208;0.86126;0.86138;0.86132;0;T;True;2
1621215953000;11481211;0.86127;0.86139;0.86133;2;T;True;2
1621215954000;11481215;0.86126;0.86138;0.86132;3;T;True;2
1621215955000;11481217;0.86127;0.86139;0.86133;1;T;True;2
1621215956000;11481218;0.86127;0.86139;0.86133;0;T;True;2
1621215957000;11481225;0.86123;0.86135;0.86129;6;T;True;2
1621215958000;11481227;0.86124;0.86136;0.8613;1;T;True;2
1621215959000;11481228;0.86124;0.86136;0.8613;0;T;True;2
1621215960000;11481229;0.86124;0.86136;0.8613;0;T;True;2
1621215961000;11481230;0.86124;0.86136;0.8613;0;T;True;2
1621215962000;11481232;0.86125;0.86137;0.86131;1;T;True;2
1621215963000;11481235;0.86125;0.86137;0.86131;2;T;True;2
1621215964000;11481236;0.86125;0.86137;0.86131;0;T;True;2
1621215965000;11481238;0.86123;0.86135;0.86129;1;T;True;2
1621215966000;11481239;0.86123;0.86135;0.86129;0;T;True;2
1621215967000;11481242;0.86123;0.86135;0.86129;2;T;True;2
1621215968000;11481243;0.86123;0.86135;0.86129;0;T;True;2
1621215969000;11481244;0.86123;0.86135;0.86129;0;T;True;2
1621215970000;11481245;0.86123;0.86135;0.86129;0;T;True;2
1621215971000;11481246;0.86123;0.86135;0.86129;0;T;True;2
1621215972000;11481247;0.86123;0.86135;0.86129;0;T;True;2
1621215973000;11481248;0.86123;0.86135;0.86129;0;T;True;2
1621215974000;11481249;0.86123;0.86135;0.86129;0;T;True;2
1621215975000;11481250;0.86123;0.86135;0.86129;0;T;True;2
1621215976000;11481251;0.86123;0.86135;0.86129;0;T;True;2
1621215977000;11481252;0.86123;0.86135;0.86129;0;T;True;2
1621215978000;11481253;0.86123;0.86135;0.86129;0;T;True;2
1621215979000;11481254;0.86123;0.86135;0.86129;0;T;True;2
1621215980000;11481255;0.86123;0.86135;0.86129;0;T;True;2
1621215981000;11481256;0.86123;0.86135;0.86129;0;T;True;2
1621215982000;11481258;0.86124;0.86136;0.8613;1;T;True;2
1621215983000;11481259;0.86124;0.86136;0.8613;0;T;True;2
1621215984000;11481260;0.86124;0.86136;0.8613;0;T;True;2
1621215985000;11481261;0.86124;0.86136;0.8613;0;T;True;2
1621215986000;11481263;0.86125;0.86137;0.86131;1;T;True;2
1621215987000;11481266;0.86125;0.86137;0.86131;2;T;True;2
1621215988000;11481267;0.86125;0.86137;0.86131;0;T;True;2
1621215989000;11481268;0.86125;0.86137;0.86131;0;T;True;2
1621215990000;11481269;0.86125;0.86137;0.86131;0;T;True;2
1621215991000;11481270;0.86125;0.86137;0.86131;0;T;True;2
1621215992000;11481271;0.86125;0.86137;0.86131;0;T;True;2
1621215993000;11481272;0.86125;0.86137;0.86131;0;T;True;2
1621215994000;11481273;0.86125;0.86137;0.86131;0;T;True;2
1621215995000;11481274;0.86125;0.86137;0.86131;0;T;True;2
1621215996000;11481275;0.86125;0.86137;0.86131;0;T;True;2
1621215997000;11481276;0.86125;0.86137;0.86131;0;T;True;2
1621215998000;11481277;0.86125;0.86137;0.86131;0;T;True;2
1621215999000;11481278;0.86125;0.86137;0.86131;0;T;True;2
1621216000000;11481280;0.86126;0.86138;0.86132;1;T;True;2
1621216001000;11481281;0.86126;0.86138;0.86132;0;T;True;2
1621216002000;11481282;0.86126;0.86138;0.86132;0;T;True;2
1621216003000;11481283;0.86126;0.86138;0.86132;0;T;True;2
1621216004000;11481284;0.86126;0.86138;0.86132;0;T;True;2
1621216005000;11481285;0.86126;0.86138;0.86132;0;T;True;2
1621216006000;11481286;0.86126;0.86138;0.86132;0;T;True;2
1621216007000;11481287;0.86126;0.86138;0.86132;0;T;True;2
1621216008000;11481288;0.86126;0.86138;0.86132;0;T;True;2
1621216009000;11481289;0.86126;0.86138;0.86132;0;T;True;2
1621216010000;11481290;0.86126;0.86138;0.86132;0;T;True;2
1621216011000;11481291;0.86126;0.86138;0.86132;0;T;True;2
1621216012000;11481292;0.86126;0.86138;0.86132;0;T;True;2
1621216013000;11481293;0.86126;0.86138;0.86132;0;T;True;2
1621216014000;11481295;0.86127;0.86139;0.86133;1;T;True;2
1621216015000;11481296;0.86127;0.86139;0.86133;0;T;True;2
1621216016000;11481297;0.86127;0.86139;0.86133;0;T;True;2
1621216017000;11481298;0.86127;0.86139;0.86133;0;T;True;2
1621216018000;11481299;0.86127;0.86139;0.86133;0;T;True;2
1621216019000;11481300;0.86127;0.86139;0.86133;0;T;True;2
1621216020000;11481301;0.86127;0.86139;0.86133;0;T;True;2
1621216021000;11481302;0.86127;0.86139;0.86133;0;T;True;2
1621216022000;11481303;0.86127;0.86139;0.86133;0;T;True;2
1621216023000;11481304;0.86127;0.86139;0.86133;0;T;True;2
1621216024000;11481305;0.86127;0.86139;0.86133;0;T;True;2
1621216025000;11481306;0.86127;0.86139;0.86133;0;T;True;2
1621216026000;11481307;0.86127;0.86139;0.86133;0;T;True;2
1621216027000;11481308;0.86127;0.86139;0.86133;0;T;True;2
1621216028000;11481309;0.86127;0.86139;0.86133;0;T;True;2
1621216029000;11481310;0.86127;0.86139;0.86133;0;T;True;2
1621216030000;11481312;0.86126;0.86138;0.86132;1;T;True;2
1621216031000;11481313;0.86126;0.86138;0.86132;0;T;True;2
1621216032000;11481314;0.86126;0.86138;0.86132;0;T;True;2
1621216033000;11481315;0.86126;0.86138;0.86132;0;T;True;2
1621216034000;11481316;0.86126;0.86138;0.86132;0;T;True;2
1621216035000;11481318;0.86127;0.86139;0.86133;1;T;True;2
1621216036000;11481319;0.86127;0.86139;0.86133;0;T;True;2
1621216037000;11481321;0.86128;0.8614;0.86134;1;T;True;2
1621216038000;11481322;0.86128;0.8614;0.86134;0;T;True;2
1621216039000;11481324;0.86127;0.86139;0.86133;1;T;True;2
1621216040000;11481325;0.86127;0.86139;0.86133;0;T;True;2
1621216041000;11481326;0.86127;0.86139;0.86133;0;T;True;2
1621216042000;11481327;0.86127;0.86139;0.86133;0;T;True;2
1621216043000;11481328;0.86127;0.86139;0.86133;0;T;True;2
1621216044000;11481330;0.86128;0.8614;0.86134;1;T;True;2
1621216045000;11481334;0.86127;0.86139;0.86133;3;T;True;2
1621216046000;11481335;0.86127;0.86139;0.86133;0;T;True;2
1621216047000;11481336;0.86127;0.86139;0.86133;0;T;True;2
1621216048000;11481337;0.86127;0.86139;0.86133;0;T;True;2
1621216049000;11481338;0.86127;0.86139;0.86133;0;T;True;2
1621216050000;11481339;0.86127;0.86139;0.86133;0;T;True;2
1621216051000;11481340;0.86127;0.86139;0.86133;0;T;True;2
1621216052000;11481341;0.86127;0.86139;0.86133;0;T;True;2
1621216053000;11481342;0.86127;0.86139;0.86133;0;T;True;2
1621216054000;11481343;0.86127;0.86139;0.86133;0;T;True;2
1621216055000;11481344;0.86127;0.86139;0.86133;0;T;True;2
1621216056000;11481345;0.86127;0.86139;0.86133;0;T;True;2
1621216057000;11481349;0.86127;0.86139;0.86133;3;T;True;2
1621216058000;11481350;0.86127;0.86139;0.86133;0;T;True;2
1621216059000;11481351;0.86127;0.86139;0.86133;0;T;True;2
1621216060000;11481352;0.86127;0.86139;0.86133;0;T;True;2
1621216061000;11481353;0.86127;0.86139;0.86133;0;T;True;2
1621216062000;11481355;0.86127;0.86139;0.86133;1;T;True;2
1621216063000;11481356;0.86127;0.86139;0.86133;0;T;True;2
1621216064000;11481357;0.86127;0.86139;0.86133;0;T;True;2
1621216065000;11481359;0.86127;0.86139;0.86133;1;T;True;2
1621216066000;11481360;0.86127;0.86139;0.86133;0;T;True;2
1621216067000;11481361;0.86127;0.86139;0.86133;0;T;True;2
1621216068000;11481362;0.86127;0.86139;0.86133;0;T;True;2
1621216069000;11481363;0.86127;0.86139;0.86133;0;T;True;2
1621216070000;11481364;0.86127;0.86139;0.86133;0;T;True;2
1621216071000;11481367;0.86126;0.86138;0.86132;2;T;True;2
1621216072000;11481369;0.86125;0.86137;0.86131;1;T;True;2
1621216073000;11481370;0.86125;0.86137;0.86131;0;T;True;2
1621216074000;11481371;0.86125;0.86137;0.86131;0;T;True;2
1621216075000;11481372;0.86125;0.86137;0.86131;0;T;True;2
1621216076000;11481373;0.86125;0.86137;0.86131;0;T;True;2
1621216077000;11481374;0.86125;0.86137;0.86131;0;T;True;2
1621216078000;11481375;0.86125;0.86137;0.86131;0;T;True;2
1621216079000;11481376;0.86125;0.86137;0.86131;0;T;True;2
1621216080000;11481377;0.86125;0.86137;0.86131;0;T;True;2
1621216081000;11481378;0.86125;0.86137;0.86131;0;T;True;2
1621216082000;11481380;0.86125;0.86137;0.86131;1;T;True;2
1621216083000;11481382;0.86125;0.86137;0.86131;1;T;True;2
1621216084000;11481383;0.86125;0.86137;0.86131;0;T;True;2
1621216085000;11481384;0.86125;0.86137;0.86131;0;T;True;2
1621216086000;11481385;0.86125;0.86137;0.86131;0;T;True;2
1621216087000;11481386;0.86125;0.86137;0.86131;0;T;True;2
1621216088000;11481387;0.86125;0.86137;0.86131;0;T;True;2
1621216089000;11481388;0.86125;0.86137;0.86131;0;T;True;2
1621216090000;11481389;0.86125;0.86137;0.86131;0;T;True;2
1621216091000;11481390;0.86125;0.86137;0.86131;0;T;True;2
1621216092000;11481393;0.86125;0.86137;0.86131;2;T;True;2
1621216093000;11481394;0.86125;0.86137;0.86131;0;T;True;2
1621216094000;11481395;0.86125;0.86137;0.86131;0;T;True;2
1621216095000;11481396;0.86125;0.86137;0.86131;0;T;True;2
1621216096000;11481397;0.86125;0.86137;0.86131;0;T;True;2
1621216097000;11481398;0.86125;0.86137;0.86131;0;T;True;2
1621216098000;11481399;0.86125;0.86137;0.86131;0;T;True;2
1621216099000;11481400;0.86125;0.86137;0.86131;0;T;True;2
1621216100000;11481401;0.86125;0.86137;0.86131;0;T;True;2
1621216101000;11481402;0.86125;0.86137;0.86131;0;T;True;2
1621216102000;11481403;0.86125;0.86137;0.86131;0;T;True;2
1621216103000;11481404;0.86125;0.86137;0.86131;0;T;True;2
1621216104000;11481405;0.86125;0.86137;0.86131;0;T;True;2
1621216105000;11481406;0.86125;0.86137;0.86131;0;T;True;2
1621216106000;11481407;0.86125;0.86137;0.86131;0;T;True;2
1621216107000;11481408;0.86125;0.86137;0.86131;0;T;True;2
1621216108000;11481409;0.86125;0.86137;0.86131;0;T;True;2
1621216109000;11481410;0.86125;0.86137;0.86131;0;T;True;2
1621216110000;11481411;0.86125;0.86137;0.86131;0;T;True;2
1621216111000;11481414;0.86124;0.86136;0.8613;2;T;True;2
1621216112000;11481417;0.86124;0.86136;0.8613;2;T;True;2
1621216113000;11481418;0.86124;0.86136;0.8613;0;T;True;2
1621216114000;11481419;0.86124;0.86136;0.8613;0;T;True;2
1621216115000;11481420;0.86124;0.86136;0.8613;0;T;True;2
1621216116000;11481421;0.86124;0.86136;0.8613;0;T;True;2
1621216117000;11481424;0.86125;0.86137;0.86131;2;T;True;2
1621216118000;11481425;0.86125;0.86137;0.86131;0;T;True;2
1621216119000;11481426;0.86125;0.86137;0.86131;0;T;True;2
1621216120000;11481427;0.86125;0.86137;0.86131;0;T;True;2
1621216121000;11481428;0.86125;0.86137;0.86131;0;T;True;2
1621216122000;11481429;0.86125;0.86137;0.86131;0;T;True;2
1621216123000;11481430;0.86125;0.86137;0.86131;0;T;True;2
1621216124000;11481431;0.86125;0.86137;0.86131;0;T;True;2
1621216125000;11481432;0.86125;0.86137;0.86131;0;T;True;2
1621216126000;11481433;0.86125;0.86137;0.86131;0;T;True;2
1621216127000;11481434;0.86125;0.86137;0.86131;0;T;True;2
1621216128000;11481435;0.86125;0.86137;0.86131;0;T;True;2
1621216129000;11481436;0.86125;0.86137;0.86131;0;T;True;2
1621216130000;11481437;0.86125;0.86137;0.86131;0;T;True;2
1621216131000;11481438;0.86125;0.86137;0.86131;0;T;True;2
1621216132000;11481439;0.86125;0.86137;0.86131;0;T;True;2
1621216133000;11481441;0.86125;0.86137;0.86131;1;T;True;2
1621216134000;11481443;0.86125;0.86137;0.86131;1;T;True;2
1621216135000;11481444;0.86125;0.86137;0.86131;0;T;True;2
1621216136000;11481446;0.86125;0.86137;0.86131;1;T;True;2
1621216137000;11481448;0.86125;0.86137;0.86131;1;T;True;2
1621216138000;11481449;0.86125;0.86137;0.86131;0;T;True;2
1621216139000;11481450;0.86125;0.86137;0.86131;0;T;True;2
1621216140000;11481451;0.86125;0.86137;0.86131;0;T;True;2
1621216141000;11481452;0.86125;0.86137;0.86131;0;T;True;2
1621216142000;11481455;0.86123;0.86135;0.86129;2;T;True;2
1621216143000;11481457;0.86122;0.86134;0.86128;1;T;True;2
1621216144000;11481458;0.86122;0.86134;0.86128;0;T;True;2
1621216145000;11481459;0.86122;0.86134;0.86128;0;T;True;2
1621216146000;11481460;0.86122;0.86134;0.86128;0;T;True;2
1621216147000;11481461;0.86122;0.86134;0.86128;0;T;True;2
1621216148000;11481462;0.86122;0.86134;0.86128;0;T;True;2
1621216149000;11481464;0.86121;0.86133;0.86127;1;T;True;2
1621216150000;11481465;0.86121;0.86133;0.86127;0;T;True;2
1621216151000;11481466;0.86121;0.86133;0.86127;0;T;True;2
1621216152000;11481467;0.86121;0.86133;0.86127;0;T;True;2
1621216153000;11481468;0.86121;0.86133;0.86127;0;T;True;2
1621216154000;11481469;0.86121;0.86133;0.86127;0;T;True;2
1621216155000;11481471;0.8612;0.86132;0.86126;1;T;True;2
1621216156000;11481472;0.8612;0.86132;0.86126;0;T;True;2
1621216157000;11481473;0.8612;0.86132;0.86126;0;T;True;2
1621216158000;11481474;0.8612;0.86132;0.86126;0;T;True;2
1621216159000;11481476;0.86119;0.86131;0.86125;1;T;True;2
1621216160000;11481477;0.86119;0.86131;0.86125;0;T;True;2
1621216161000;11481478;0.86119;0.86131;0.86125;0;T;True;2
1621216162000;11481481;0.86121;0.86133;0.86127;2;T;True;2
1621216163000;11481482;0.86121;0.86133;0.86127;0;T;True;2
1621216164000;11481483;0.86121;0.86133;0.86127;0;T;True;2
1621216165000;11481484;0.86121;0.86133;0.86127;0;T;True;2
1621216166000;11481485;0.86121;0.86133;0.86127;0;T;True;2
1621216167000;11481486;0.86121;0.86133;0.86127;0;T;True;2
1621216168000;11481487;0.86121;0.86133;0.86127;0;T;True;2
1621216169000;11481488;0.86121;0.86133;0.86127;0;T;True;2
1621216170000;11481489;0.86121;0.86133;0.86127;0;T;True;2
1621216171000;11481490;0.86121;0.86133;0.86127;0;T;True;2
1621216172000;11481491;0.86121;0.86133;0.86127;0;T;True;2
1621216173000;11481492;0.86121;0.86133;0.86127;0;T;True;2
1621216174000;11481493;0.86121;0.86133;0.86127;0;T;True;2
1621216175000;11481494;0.86121;0.86133;0.86127;0;T;True;2
1621216176000;11481495;0.86121;0.86133;0.86127;0;T;True;2
1621216177000;11481496;0.86121;0.86133;0.86127;0;T;True;2
1621216178000;11481498;0.86122;0.86134;0.86128;1;T;True;2
1621216179000;11481499;0.86122;0.86134;0.86128;0;T;True;2
1621216180000;11481501;0.86121;0.86133;0.86127;1;T;True;2
1621216181000;11481502;0.86121;0.86133;0.86127;0;T;True;2
1621216182000;11481503;0.86121;0.86133;0.86127;0;T;True;2
1621216183000;11481504;0.86121;0.86133;0.86127;0;T;True;2
1621216184000;11481505;0.86121;0.86133;0.86127;0;T;True;2
1621216185000;11481506;0.86121;0.86133;0.86127;0;T;True;2
1621216186000;11481509;0.86119;0.86131;0.86125;2;T;True;2
1621216187000;11481512;0.86119;0.86131;0.86125;2;T;True;2
1621216188000;11481513;0.86119;0.86131;0.86125;0;T;True;2
1621216189000;11481514;0.86119;0.86131;0.86125;0;T;True;2
1621216190000;11481515;0.86119;0.86131;0.86125;0;T;True;2
1621216191000;11481516;0.86119;0.86131;0.86125;0;T;True;2
1621216192000;11481517;0.86119;0.86131;0.86125;0;T;True;2
1621216193000;11481518;0.86119;0.86131;0.86125;0;T;True;2
1621216194000;11481519;0.86119;0.86131;0.86125;0;T;True;2
1621216195000;11481520;0.86119;0.86131;0.86125;0;T;True;2
1621216196000;11481521;0.86119;0.86131;0.86125;0;T;True;2
1621216197000;11481522;0.86119;0.86131;0.86125;0;T;True;2
1621216198000;11481523;0.86119;0.86131;0.86125;0;T;True;2
1621216199000;11481524;0.86119;0.86131;0.86125;0;T;True;2
1621216200000;11481525;0.86119;0.86131;0.86125;0;T;True;2
1621216201000;11481526;0.86119;0.86131;0.86125;0;T;True;2
1621216202000;11481527;0.86119;0.86131;0.86125;0;T;True;2
1621216203000;11481528;0.86119;0.86131;0.86125;0;T;True;2
1621216204000;11481530;0.86117;0.86129;0.86123;1;T;True;2
1621216205000;11481531;0.86117;0.86129;0.86123;0;T;True;2
1621216206000;11481533;0.86119;0.86131;0.86125;1;T;True;2
1621216207000;11481534;0.86119;0.86131;0.86125;0;T;True;2
1621216208000;11481535;0.86119;0.86131;0.86125;0;T;True;2
1621216209000;11481536;0.86119;0.86131;0.86125;0;T;True;2
1621216210000;11481537;0.86119;0.86131;0.86125;0;T;True;2
1621216211000;11481538;0.86119;0.86131;0.86125;0;T;True;2
1621216212000;11481539;0.86119;0.86131;0.86125;0;T;True;2
1621216213000;11481540;0.86119;0.86131;0.86125;0;T;True;2
1621216214000;11481541;0.86119;0.86131;0.86125;0;T;True;2
1621216215000;11481542;0.86119;0.86131;0.86125;0;T;True;2
1621216216000;11481543;0.86119;0.86131;0.86125;0;T;True;2
1621216217000;11481544;0.86119;0.86131;0.86125;0;T;True;2
1621216218000;11481545;0.86119;0.86131;0.86125;0;T;True;2
1621216219000;11481546;0.86119;0.86131;0.86125;0;T;True;2
1621216220000;11481547;0.86119;0.86131;0.86125;0;T;True;2
1621216221000;11481548;0.86119;0.86131;0.86125;0;T;True;2
1621216222000;11481549;0.86119;0.86131;0.86125;0;T;True;2
1621216223000;11481550;0.86119;0.86131;0.86125;0;T;True;2
1621216224000;11481551;0.86119;0.86131;0.86125;0;T;True;2
1621216225000;11481554;0.86119;0.86131;0.86125;2;T;True;2
1621216226000;11481557;0.86117;0.86129;0.86123;2;T;True;2
1621216227000;11481559;0.86116;0.86128;0.86122;1;T;True;2
1621216228000;11481562;0.86116;0.86128;0.86122;2;T;True;2
1621216229000;11481563;0.86116;0.86128;0.86122;0;T;True;2
1621216230000;11481564;0.86116;0.86128;0.86122;0;T;True;2
1621216231000;11481565;0.86116;0.86128;0.86122;0;T;True;2
1621216232000;11481566;0.86116;0.86128;0.86122;0;T;True;2
1621216233000;11481567;0.86116;0.86128;0.86122;0;T;True;2
1621216234000;11481568;0.86116;0.86128;0.86122;0;T;True;2
1621216235000;11481569;0.86116;0.86128;0.86122;0;T;True;2
1621216236000;11481570;0.86116;0.86128;0.86122;0;T;True;2
1621216237000;11481571;0.86116;0.86128;0.86122;0;T;True;2
1621216238000;11481572;0.86116;0.86128;0.86122;0;T;True;2
1621216239000;11481573;0.86116;0.86128;0.86122;0;T;True;2
1621216240000;11481574;0.86116;0.86128;0.86122;0;T;True;2
1621216241000;11481576;0.86117;0.86129;0.86123;1;T;True;2
1621216242000;11481577;0.86117;0.86129;0.86123;0;T;True;2
1621216243000;11481578;0.86117;0.86129;0.86123;0;T;True;2
1621216244000;11481579;0.86117;0.86129;0.86123;0;T;True;2
1621216245000;11481580;0.86117;0.86129;0.86123;0;T;True;2
1621216246000;11481581;0.86117;0.86129;0.86123;0;T;True;2
1621216247000;11481582;0.86117;0.86129;0.86123;0;T;True;2
1621216248000;11481583;0.86117;0.86129;0.86123;0;T;True;2
1621216249000;11481584;0.86117;0.86129;0.86123;0;T;True;2
1621216250000;11481585;0.86117;0.86129;0.86123;0;T;True;2
1621216251000;11481586;0.86117;0.86129;0.86123;0;T;True;2
1621216252000;11481587;0.86117;0.86129;0.86123;0;T;True;2
1621216253000;11481588;0.86117;0.86129;0.86123;0;T;True;2
1621216254000;11481589;0.86117;0.86129;0.86123;0;T;True;2
1621216255000;11481590;0.86117;0.86129;0.86123;0;T;True;2
1621216256000;11481591;0.86117;0.86129;0.86123;0;T;True;2
1621216257000;11481592;0.86117;0.86129;0.86123;0;T;True;2
1621216258000;11481593;0.86117;0.86129;0.86123;0;T;True;2
1621216259000;11481594;0.86117;0.86129;0.86123;0;T;True;2
1621216260000;11481597;0.86115;0.86127;0.86121;2;T;True;2
1621216261000;11481598;0.86115;0.86127;0.86121;0;T;True;2
1621216262000;11481599;0.86115;0.86127;0.86121;0;T;True;2
1621216263000;11481600;0.86115;0.86127;0.86121;0;T;True;2
1621216264000;11481601;0.86115;0.86127;0.86121;0;T;True;2
1621216265000;11481602;0.86115;0.86127;0.86121;0;T;True;2
1621216266000;11481603;0.86115;0.86127;0.86121;0;T;True;2
1621216267000;11481604;0.86115;0.86127;0.86121;0;T;True;2
1621216268000;11481605;0.86115;0.86127;0.86121;0;T;True;2
1621216269000;11481606;0.86115;0.86127;0.86121;0;T;True;2
1621216270000;11481607;0.86115;0.86127;0.86121;0;T;True;2
1621216271000;11481608;0.86115;0.86127;0.86121;0;T;True;2
1621216272000;11481609;0.86115;0.86127;0.86121;0;T;True;2
1621216273000;11481610;0.86115;0.86127;0.86121;0;T;True;2
1621216274000;11481611;0.86115;0.86127;0.86121;0;T;True;2
1621216275000;11481612;0.86115;0.86127;0.86121;0;T;True;2
1621216276000;11481613;0.86115;0.86127;0.86121;0;T;True;2
1621216277000;11481614;0.86115;0.86127;0.86121;0;T;True;2
1621216278000;11481615;0.86115;0.86127;0.86121;0;T;True;2
1621216279000;11481616;0.86115;0.86127;0.86121;0;T;True;2
1621216280000;11481617;0.86115;0.86127;0.86121;0;T;True;2
1621216281000;11481618;0.86115;0.86127;0.86121;0;T;True;2
1621216282000;11481619;0.86115;0.86127;0.86121;0;T;True;2
1621216283000;11481620;0.86115;0.86127;0.86121;0;T;True;2
1621216284000;11481621;0.86115;0.86127;0.86121;0;T;True;2
1621216285000;11481622;0.86115;0.86127;0.86121;0;T;True;2
1621216286000;11481623;0.86115;0.86127;0.86121;0;T;True;2
1621216287000;11481624;0.86115;0.86127;0.86121;0;T;True;2
1621216288000;11481625;0.86115;0.86127;0.86121;0;T;True;2
1621216289000;11481626;0.86115;0.86127;0.86121;0;T;True;2
1621216290000;11481627;0.86115;0.86127;0.86121;0;T;True;2
1621216291000;11481628;0.86115;0.86127;0.86121;0;T;True;2
1621216292000;11481629;0.86115;0.86127;0.86121;0;T;True;2
1621216293000;11481637;0.86115;0.86127;0.86121;7;T;True;2
1621216294000;11481639;0.86115;0.86127;0.86121;1;T;True;2
1621216295000;11481640;0.86115;0.86127;0.86121;0;T;True;2
1621216296000;11481641;0.86115;0.86127;0.86121;0;T;True;2
1621216297000;11481643;0.86115;0.86127;0.86121;1;T;True;2
1621216298000;11481645;0.86115;0.86127;0.86121;1;T;True;2
1621216299000;11481646;0.86115;0.86127;0.86121;0;T;True;2
1621216300000;11481649;0.86114;0.86126;0.8612;2;T;True;2
1621216301000;11481651;0.86115;0.86127;0.86121;1;T;True;2
1621216302000;11481652;0.86115;0.86127;0.86121;0;T;True;2
1621216303000;11481653;0.86115;0.86127;0.86121;0;T;True;2
1621216304000;11481654;0.86115;0.86127;0.86121;0;T;True;2
1621216305000;11481655;0.86115;0.86127;0.86121;0;T;True;2
1621216306000;11481657;0.86115;0.86127;0.86121;1;T;True;2
1621216307000;11481658;0.86115;0.86127;0.86121;0;T;True;2
1621216308000;11481659;0.86115;0.86127;0.86121;0;T;True;2
1621216309000;11481660;0.86115;0.86127;0.86121;0;T;True;2
1621216310000;11481662;0.86115;0.86127;0.86121;1;T;True;2
1621216311000;11481663;0.86115;0.86127;0.86121;0;T;True;2
1621216312000;11481664;0.86115;0.86127;0.86121;0;T;True;2
1621216313000;11481665;0.86115;0.86127;0.86121;0;T;True;2
1621216314000;11481666;0.86115;0.86127;0.86121;0;T;True;2
1621216315000;11481667;0.86115;0.86127;0.86121;0;T;True;2
1621216316000;11481668;0.86115;0.86127;0.86121;0;T;True;2
1621216317000;11481669;0.86115;0.86127;0.86121;0;T;True;2
1621216318000;11481670;0.86115;0.86127;0.86121;0;T;True;2
1621216319000;11481671;0.86115;0.86127;0.86121;0;T;True;2
1621216320000;11481672;0.86115;0.86127;0.86121;0;T;True;2
1621216321000;11481673;0.86115;0.86127;0.86121;0;T;True;2
1621216322000;11481674;0.86115;0.86127;0.86121;0;T;True;2
1621216323000;11481675;0.86115;0.86127;0.86121;0;T;True;2
1621216324000;11481676;0.86115;0.86127;0.86121;0;T;True;2
1621216325000;11481677;0.86115;0.86127;0.86121;0;T;True;2
1621216326000;11481678;0.86115;0.86127;0.86121;0;T;True;2
1621216327000;11481679;0.86115;0.86127;0.86121;0;T;True;2
1621216328000;11481680;0.86115;0.86127;0.86121;0;T;True;2
1621216329000;11481681;0.86115;0.86127;0.86121;0;T;True;2
1621216330000;11481682;0.86115;0.86127;0.86121;0;T;True;2
1621216331000;11481683;0.86115;0.86127;0.86121;0;T;True;2
1621216332000;11481684;0.86115;0.86127;0.86121;0;T;True;2
1621216333000;11481685;0.86115;0.86127;0.86121;0;T;True;2
1621216334000;11481687;0.86116;0.86128;0.86122;1;T;True;2
1621216335000;11481688;0.86116;0.86128;0.86122;0;T;True;2
1621216336000;11481689;0.86116;0.86128;0.86122;0;T;True;2
1621216337000;11481690;0.86116;0.86128;0.86122;0;T;True;2
1621216338000;11481691;0.86116;0.86128;0.86122;0;T;True;2
1621216339000;11481692;0.86116;0.86128;0.86122;0;T;True;2
1621216340000;11481693;0.86116;0.86128;0.86122;0;T;True;2
1621216341000;11481694;0.86116;0.86128;0.86122;0;T;True;2
1621216342000;11481695;0.86116;0.86128;0.86122;0;T;True;2
1621216343000;11481696;0.86116;0.86128;0.86122;0;T;True;2
1621216344000;11481697;0.86116;0.86128;0.86122;0;T;True;2
1621216345000;11481698;0.86116;0.86128;0.86122;0;T;True;2
1621216346000;11481699;0.86116;0.86128;0.86122;0;T;True;2
1621216347000;11481700;0.86116;0.86128;0.86122;0;T;True;2
1621216348000;11481701;0.86116;0.86128;0.86122;0;T;True;2
1621216349000;11481702;0.86116;0.86128;0.86122;0;T;True;2
1621216350000;11481703;0.86116;0.86128;0.86122;0;T;True;2
1621216351000;11481705;0.86117;0.86129;0.86123;1;T;True;2
1621216352000;11481706;0.86117;0.86129;0.86123;0;T;True;2
1621216353000;11481707;0.86117;0.86129;0.86123;0;T;True;2
1621216354000;11481708;0.86117;0.86129;0.86123;0;T;True;2
1621216355000;11481709;0.86117;0.86129;0.86123;0;T;True;2
1621216356000;11481710;0.86117;0.86129;0.86123;0;T;True;2
1621216357000;11481712;0.86117;0.86129;0.86123;1;T;True;2
1621216358000;11481713;0.86117;0.86129;0.86123;0;T;True;2
1621216359000;11481714;0.86117;0.86129;0.86123;0;T;True;2
1621216360000;11481715;0.86117;0.86129;0.86123;0;T;True;2
1621216361000;11481716;0.86117;0.86129;0.86123;0;T;True;2
1621216362000;11481718;0.86117;0.86129;0.86123;1;T;True;2
1621216363000;11481719;0.86117;0.86129;0.86123;0;T;True;2
1621216364000;11481721;0.86117;0.86129;0.86123;1;T;True;2
1621216365000;11481722;0.86117;0.86129;0.86123;0;T;True;2
1621216366000;11481724;0.86117;0.86129;0.86123;1;T;True;2
1621216367000;11481725;0.86117;0.86129;0.86123;0;T;True;2
1621216368000;11481726;0.86117;0.86129;0.86123;0;T;True;2
1621216369000;11481727;0.86117;0.86129;0.86123;0;T;True;2
1621216370000;11481728;0.86117;0.86129;0.86123;0;T;True;2
1621216371000;11481729;0.86117;0.86129;0.86123;0;T;True;2
1621216372000;11481730;0.86117;0.86129;0.86123;0;T;True;2
1621216373000;11481731;0.86117;0.86129;0.86123;0;T;True;2
1621216374000;11481732;0.86117;0.86129;0.86123;0;T;True;2
1621216375000;11481734;0.86117;0.86129;0.86123;1;T;True;2
1621216376000;11481737;0.86115;0.86127;0.86121;2;T;True;2
1621216377000;11481738;0.86115;0.86127;0.86121;0;T;True;2
1621216378000;11481740;0.86117;0.86129;0.86123;1;T;True;2
1621216379000;11481741;0.86117;0.86129;0.86123;0;T;True;2
1621216380000;11481742;0.86117;0.86129;0.86123;0;T;True;2
1621216381000;11481743;0.86117;0.86129;0.86123;0;T;True;2
1621216382000;11481746;0.86117;0.86129;0.86123;2;T;True;2
1621216383000;11481747;0.86117;0.86129;0.86123;0;T;True;2
1621216384000;11481750;0.86117;0.86129;0.86123;2;T;True;2
1621216385000;11481751;0.86117;0.86129;0.86123;0;T;True;2
1621216386000;11481752;0.86117;0.86129;0.86123;0;T;True;2
1621216387000;11481753;0.86117;0.86129;0.86123;0;T;True;2
1621216388000;11481754;0.86117;0.86129;0.86123;0;T;True;2
1621216389000;11481755;0.86117;0.86129;0.86123;0;T;True;2
1621216390000;11481756;0.86117;0.86129;0.86123;0;T;True;2
1621216391000;11481757;0.86117;0.86129;0.86123;0;T;True;2
1621216392000;11481758;0.86117;0.86129;0.86123;0;T;True;2
1621216393000;11481759;0.86117;0.86129;0.86123;0;T;True;2
1621216394000;11481760;0.86117;0.86129;0.86123;0;T;True;2
1621216395000;11481761;0.86117;0.86129;0.86123;0;T;True;2
1621216396000;11481763;0.86118;0.8613;0.86124;1;T;True;2
1621216397000;11481764;0.86118;0.8613;0.86124;0;T;True;2
1621216398000;11481765;0.86118;0.8613;0.86124;0;T;True;2
1621216399000;11481766;0.86118;0.8613;0.86124;0;T;True;2
1621216400000;11481767;0.86118;0.8613;0.86124;0;T;True;2
1621216401000;11481768;0.86118;0.8613;0.86124;0;T;True;2
1621216402000;11481769;0.86118;0.8613;0.86124;0;T;True;2
1621216403000;11481770;0.86118;0.8613;0.86124;0;T;True;2
1621216404000;11481771;0.86118;0.8613;0.86124;0;T;True;2
1621216405000;11481772;0.86118;0.8613;0.86124;0;T;True;2
1621216406000;11481773;0.86118;0.8613;0.86124;0;T;True;2
1621216407000;11481774;0.86118;0.8613;0.86124;0;T;True;2
1621216408000;11481775;0.86118;0.8613;0.86124;0;T;True;2
1621216409000;11481776;0.86118;0.8613;0.86124;0;T;True;2
1621216410000;11481777;0.86118;0.8613;0.86124;0;T;True;2
1621216411000;11481778;0.86118;0.8613;0.86124;0;T;True;2
1621216412000;11481779;0.86118;0.8613;0.86124;0;T;True;2
1621216413000;11481780;0.86118;0.8613;0.86124;0;T;True;2
1621216414000;11481781;0.86118;0.8613;0.86124;0;T;True;2
1621216415000;11481782;0.86118;0.8613;0.86124;0;T;True;2
1621216416000;11481783;0.86118;0.8613;0.86124;0;T;True;2
1621216417000;11481784;0.86118;0.8613;0.86124;0;T;True;2
1621216418000;11481785;0.86118;0.8613;0.86124;0;T;True;2
1621216419000;11481786;0.86118;0.8613;0.86124;0;T;True;2
1621216420000;11481787;0.86118;0.8613;0.86124;0;T;True;2
1621216421000;11481788;0.86118;0.8613;0.86124;0;T;True;2
1621216422000;11481789;0.86118;0.8613;0.86124;0;T;True;2
1621216423000;11481790;0.86118;0.8613;0.86124;0;T;True;2
1621216424000;11481791;0.86118;0.8613;0.86124;0;T;True;2
1621216425000;11481792;0.86118;0.8613;0.86124;0;T;True;2
1621216426000;11481793;0.86118;0.8613;0.86124;0;T;True;2
1621216427000;11481794;0.86118;0.8613;0.86124;0;T;True;2
1621216428000;11481795;0.86118;0.8613;0.86124;0;T;True;2
1621216429000;11481796;0.86118;0.8613;0.86124;0;T;True;2
1621216430000;11481797;0.86118;0.8613;0.86124;0;T;True;2
1621216431000;11481798;0.86118;0.8613;0.86124;0;T;True;2
1621216432000;11481799;0.86118;0.8613;0.86124;0;T;True;2
1621216433000;11481800;0.86118;0.8613;0.86124;0;T;True;2
1621216434000;11481801;0.86118;0.8613;0.86124;0;T;True;2
1621216435000;11481802;0.86118;0.8613;0.86124;0;T;True;2
1621216436000;11481803;0.86118;0.8613;0.86124;0;T;True;2
1621216437000;11481804;0.86118;0.8613;0.86124;0;T;True;2
1621216438000;11481805;0.86118;0.8613;0.86124;0;T;True;2
1621216439000;11481806;0.86118;0.8613;0.86124;0;T;True;2
1621216440000;11481807;0.86118;0.8613;0.86124;0;T;True;2
1621216441000;11481808;0.86118;0.8613;0.86124;0;T;True;2
1621216442000;11481809;0.86118;0.8613;0.86124;0;T;True;2
1621216443000;11481810;0.86118;0.8613;0.86124;0;T;True;2
1621216444000;11481811;0.86118;0.8613;0.86124;0;T;True;2
1621216445000;11481812;0.86118;0.8613;0.86124;0;T;True;2
1621216446000;11481813;0.86118;0.8613;0.86124;0;T;True;2
1621216447000;11481814;0.86118;0.8613;0.86124;0;T;True;2
1621216448000;11481815;0.86118;0.8613;0.86124;0;T;True;2
1621216449000;11481816;0.86118;0.8613;0.86124;0;T;True;2
1621216450000;11481819;0.86118;0.8613;0.86124;2;T;True;2
1621216451000;11481820;0.86118;0.8613;0.86124;0;T;True;2
1621216452000;11481821;0.86118;0.8613;0.86124;0;T;True;2
1621216453000;11481822;0.86118;0.8613;0.86124;0;T;True;2
1621216454000;11481823;0.86118;0.8613;0.86124;0;T;True;2
1621216455000;11481824;0.86118;0.8613;0.86124;0;T;True;2
1621216456000;11481825;0.86118;0.8613;0.86124;0;T;True;2
1621216457000;11481826;0.86118;0.8613;0.86124;0;T;True;2
1621216458000;11481827;0.86118;0.8613;0.86124;0;T;True;2
1621216459000;11481828;0.86118;0.8613;0.86124;0;T;True;2
1621216460000;11481829;0.86118;0.8613;0.86124;0;T;True;2
1621216461000;11481830;0.86118;0.8613;0.86124;0;T;True;2
1621216462000;11481831;0.86118;0.8613;0.86124;0;T;True;2
1621216463000;11481832;0.86118;0.8613;0.86124;0;T;True;2
1621216464000;11481833;0.86118;0.8613;0.86124;0;T;True;2
1621216465000;11481834;0.86118;0.8613;0.86124;0;T;True;2
1621216466000;11481835;0.86118;0.8613;0.86124;0;T;True;2
1621216467000;11481836;0.86118;0.8613;0.86124;0;T;True;2
1621216468000;11481837;0.86118;0.8613;0.86124;0;T;True;2
1621216469000;11481838;0.86118;0.8613;0.86124;0;T;True;2
1621216470000;11481839;0.86118;0.8613;0.86124;0;T;True;2
1621216471000;11481840;0.86118;0.8613;0.86124;0;T;True;2
1621216472000;11481841;0.86118;0.8613;0.86124;0;T;True;2
1621216473000;11481842;0.86118;0.8613;0.86124;0;T;True;2
1621216474000;11481843;0.86118;0.8613;0.86124;0;T;True;2
1621216475000;11481845;0.86118;0.8613;0.86124;1;T;True;2
1621216476000;11481846;0.86118;0.8613;0.86124;0;T;True;2
1621216477000;11481847;0.86118;0.8613;0.86124;0;T;True;2
1621216478000;11481848;0.86118;0.8613;0.86124;0;T;True;2
1621216479000;11481849;0.86118;0.8613;0.86124;0;T;True;2
1621216480000;11481851;0.86118;0.8613;0.86124;1;T;True;2
1621216481000;11481852;0.86118;0.8613;0.86124;0;T;True;2
1621216482000;11481853;0.86118;0.8613;0.86124;0;T;True;2
1621216483000;11481854;0.86118;0.8613;0.86124;0;T;True;2
1621216484000;11481855;0.86118;0.8613;0.86124;0;T;True;2
1621216485000;11481856;0.86118;0.8613;0.86124;0;T;True;2
1621216486000;11481857;0.86118;0.8613;0.86124;0;T;True;2
1621216487000;11481858;0.86118;0.8613;0.86124;0;T;True;2
1621216488000;11481859;0.86118;0.8613;0.86124;0;T;True;2
1621216489000;11481860;0.86118;0.8613;0.86124;0;T;True;2
1621216490000;11481861;0.86118;0.8613;0.86124;0;T;True;2
1621216491000;11481862;0.86118;0.8613;0.86124;0;T;True;2
1621216492000;11481864;0.86119;0.86131;0.86125;1;T;True;2
1621216493000;11481865;0.86119;0.86131;0.86125;0;T;True;2
1621216494000;11481867;0.86119;0.86131;0.86125;1;T;True;2
1621216495000;11481868;0.86119;0.86131;0.86125;0;T;True;2
1621216496000;11481869;0.86119;0.86131;0.86125;0;T;True;2
1621216497000;11481870;0.86119;0.86131;0.86125;0;T;True;2
1621216498000;11481871;0.86119;0.86131;0.86125;0;T;True;2
1621216499000;11481872;0.86119;0.86131;0.86125;0;T;True;2
1621216500000;11481873;0.86119;0.86131;0.86125;0;T;True;2
1621216501000;11481874;0.86119;0.86131;0.86125;0;T;True;2
1621216502000;11481878;0.86119;0.86131;0.86125;3;T;True;2
1621216503000;11481879;0.86119;0.86131;0.86125;0;T;True;2
1621216504000;11481880;0.86119;0.86131;0.86125;0;T;True;2
1621216505000;11481881;0.86119;0.86131;0.86125;0;T;True;2
1621216506000;11481882;0.86119;0.86131;0.86125;0;T;True;2
1621216507000;11481883;0.86119;0.86131;0.86125;0;T;True;2
1621216508000;11481888;0.86121;0.86133;0.86127;4;T;True;2
1621216509000;11481889;0.86121;0.86133;0.86127;0;T;True;2
1621216510000;11481890;0.86121;0.86133;0.86127;0;T;True;2
1621216511000;11481892;0.86121;0.86133;0.86127;1;T;True;2
1621216512000;11481893;0.86121;0.86133;0.86127;0;T;True;2
1621216513000;11481894;0.86121;0.86133;0.86127;0;T;True;2
1621216514000;11481895;0.86121;0.86133;0.86127;0;T;True;2
1621216515000;11481896;0.86121;0.86133;0.86127;0;T;True;2
1621216516000;11481897;0.86121;0.86133;0.86127;0;T;True;2
1621216517000;11481898;0.86121;0.86133;0.86127;0;T;True;2
1621216518000;11481899;0.86121;0.86133;0.86127;0;T;True;2
1621216519000;11481901;0.86119;0.86131;0.86125;1;T;True;2
1621216520000;11481902;0.86119;0.86131;0.86125;0;T;True;2
1621216521000;11481903;0.86119;0.86131;0.86125;0;T;True;2
1621216522000;11481904;0.86119;0.86131;0.86125;0;T;True;2
1621216523000;11481905;0.86119;0.86131;0.86125;0;T;True;2
1621216524000;11481906;0.86119;0.86131;0.86125;0;T;True;2
1621216525000;11481907;0.86119;0.86131;0.86125;0;T;True;2
1621216526000;11481909;0.8612;0.86132;0.86126;1;T;True;2
1621216527000;11481911;0.86119;0.86131;0.86125;1;T;True;2
1621216528000;11481913;0.8612;0.86132;0.86126;1;T;True;2
1621216529000;11481914;0.8612;0.86132;0.86126;0;T;True;2
1621216530000;11481915;0.8612;0.86132;0.86126;0;T;True;2
1621216531000;11481916;0.8612;0.86132;0.86126;0;T;True;2
1621216532000;11481917;0.8612;0.86132;0.86126;0;T;True;2
1621216533000;11481918;0.8612;0.86132;0.86126;0;T;True;2
1621216534000;11481919;0.8612;0.86132;0.86126;0;T;True;2
1621216535000;11481920;0.8612;0.86132;0.86126;0;T;True;2
1621216536000;11481922;0.86119;0.86131;0.86125;1;T;True;2
1621216537000;11481927;0.86122;0.86134;0.86128;4;T;True;2
1621216538000;11481928;0.86122;0.86134;0.86128;0;T;True;2
1621216539000;11481929;0.86122;0.86134;0.86128;0;T;True;2
1621216540000;11481930;0.86122;0.86134;0.86128;0;T;True;2
1621216541000;11481931;0.86122;0.86134;0.86128;0;T;True;2
1621216542000;11481932;0.86122;0.86134;0.86128;0;T;True;2
1621216543000;11481933;0.86122;0.86134;0.86128;0;T;True;2
1621216544000;11481934;0.86122;0.86134;0.86128;0;T;True;2
1621216545000;11481935;0.86122;0.86134;0.86128;0;T;True;2
1621216546000;11481936;0.86122;0.86134;0.86128;0;T;True;2
1621216547000;11481937;0.86122;0.86134;0.86128;0;T;True;2
1621216548000;11481938;0.86122;0.86134;0.86128;0;T;True;2
1621216549000;11481939;0.86122;0.86134;0.86128;0;T;True;2
1621216550000;11481944;0.86118;0.8613;0.86124;4;T;True;2
1621216551000;11481945;0.86118;0.8613;0.86124;0;T;True;2
1621216552000;11481951;0.86123;0.86135;0.86129;5;T;True;2
1621216553000;11481960;0.86118;0.8613;0.86124;8;T;True;2
1621216554000;11481961;0.86118;0.8613;0.86124;0;T;True;2
1621216555000;11481963;0.86119;0.86131;0.86125;1;T;True;2
1621216556000;11481966;0.86119;0.86131;0.86125;2;T;True;2
1621216557000;11481967;0.86119;0.86131;0.86125;0;T;True;2
1621216558000;11481968;0.86119;0.86131;0.86125;0;T;True;2
1621216559000;11481969;0.86119;0.86131;0.86125;0;T;True;2
1621216560000;11481970;0.86119;0.86131;0.86125;0;T;True;2
1621216561000;11481971;0.86119;0.86131;0.86125;0;T;True;2
1621216562000;11481972;0.86119;0.86131;0.86125;0;T;True;2
1621216563000;11481973;0.86119;0.86131;0.86125;0;T;True;2
1621216564000;11481974;0.86119;0.86131;0.86125;0;T;True;2
1621216565000;11481975;0.86119;0.86131;0.86125;0;T;True;2
1621216566000;11481976;0.86119;0.86131;0.86125;0;T;True;2
1621216567000;11481977;0.86119;0.86131;0.86125;0;T;True;2
1621216568000;11481978;0.86119;0.86131;0.86125;0;T;True;2
1621216569000;11481979;0.86119;0.86131;0.86125;0;T;True;2
1621216570000;11481981;0.8612;0.86132;0.86126;1;T;True;2
1621216571000;11481982;0.8612;0.86132;0.86126;0;T;True;2
1621216572000;11481984;0.86119;0.86131;0.86125;1;T;True;2
1621216573000;11481985;0.86119;0.86131;0.86125;0;T;True;2
1621216574000;11481986;0.86119;0.86131;0.86125;0;T;True;2
1621216575000;11481987;0.86119;0.86131;0.86125;0;T;True;2
1621216576000;11481988;0.86119;0.86131;0.86125;0;T;True;2
1621216577000;11481989;0.86119;0.86131;0.86125;0;T;True;2
1621216578000;11481990;0.86119;0.86131;0.86125;0;T;True;2
1621216579000;11481991;0.86119;0.86131;0.86125;0;T;True;2
1621216580000;11481992;0.86119;0.86131;0.86125;0;T;True;2
1621216581000;11481993;0.86119;0.86131;0.86125;0;T;True;2
1621216582000;11481994;0.86119;0.86131;0.86125;0;T;True;2
1621216583000;11481995;0.86119;0.86131;0.86125;0;T;True;2
1621216584000;11481996;0.86119;0.86131;0.86125;0;T;True;2
1621216585000;11481998;0.86119;0.86131;0.86125;1;T;True;2
1621216586000;11481999;0.86119;0.86131;0.86125;0;T;True;2
1621216587000;11482000;0.86119;0.86131;0.86125;0;T;True;2
1621216588000;11482001;0.86119;0.86131;0.86125;0;T;True;2
1621216589000;11482003;0.86119;0.86131;0.86125;1;T;True;2
1621216590000;11482005;0.86119;0.86131;0.86125;1;T;True;2
1621216591000;11482017;0.86125;0.86137;0.86131;11;T;True;2
1621216592000;11482024;0.86127;0.86139;0.86133;6;T;True;2
1621216593000;11482025;0.86127;0.86139;0.86133;0;T;True;2
1621216594000;11482026;0.86127;0.86139;0.86133;0;T;True;2
1621216595000;11482028;0.86127;0.86139;0.86133;1;T;True;2
1621216596000;11482029;0.86127;0.86139;0.86133;0;T;True;2
1621216597000;11482030;0.86127;0.86139;0.86133;0;T;True;2
1621216598000;11482031;0.86127;0.86139;0.86133;0;T;True;2
1621216599000;11482033;0.86127;0.86139;0.86133;1;T;True;2
1621216600000;11482036;0.86127;0.86139;0.86133;2;T;True;2
1621216601000;11482037;0.86127;0.86139;0.86133;0;T;True;2
1621216602000;11482042;0.86127;0.86139;0.86133;4;T;True;2
1621216603000;11482043;0.86127;0.86139;0.86133;0;T;True;2
1621216604000;11482044;0.86127;0.86139;0.86133;0;T;True;2
1621216605000;11482047;0.86127;0.86139;0.86133;2;T;True;2
1621216606000;11482049;0.86127;0.86139;0.86133;1;T;True;2
1621216607000;11482050;0.86127;0.86139;0.86133;0;T;True;2
1621216608000;11482051;0.86127;0.86139;0.86133;0;T;True;2
1621216609000;11482052;0.86127;0.86139;0.86133;0;T;True;2
1621216610000;11482053;0.86127;0.86139;0.86133;0;T;True;2
1621216611000;11482054;0.86127;0.86139;0.86133;0;T;True;2
1621216612000;11482056;0.86128;0.8614;0.86134;1;T;True;2
1621216613000;11482057;0.86128;0.8614;0.86134;0;T;True;2
1621216614000;11482058;0.86128;0.8614;0.86134;0;T;True;2
1621216615000;11482064;0.8613;0.86142;0.86136;5;T;True;2
1621216616000;11482066;0.86129;0.86141;0.86135;1;T;True;2
1621216617000;11482072;0.86132;0.86144;0.86138;5;T;True;2
1621216618000;11482073;0.86132;0.86144;0.86138;0;T;True;2
1621216619000;11482074;0.86132;0.86144;0.86138;0;T;True;2
1621216620000;11482075;0.86132;0.86144;0.86138;0;T;True;2
1621216621000;11482076;0.86132;0.86144;0.86138;0;T;True;2
1621216622000;11482077;0.86132;0.86144;0.86138;0;T;True;2
1621216623000;11482078;0.86132;0.86144;0.86138;0;T;True;2
1621216624000;11482079;0.86132;0.86144;0.86138;0;T;True;2
1621216625000;11482081;0.86133;0.86145;0.86139;1;T;True;2
1621216626000;11482082;0.86133;0.86145;0.86139;0;T;True;2
1621216627000;11482083;0.86133;0.86145;0.86139;0;T;True;2
1621216628000;11482084;0.86133;0.86145;0.86139;0;T;True;2
1621216629000;11482085;0.86133;0.86145;0.86139;0;T;True;2
1621216630000;11482086;0.86133;0.86145;0.86139;0;T;True;2
1621216631000;11482094;0.86131;0.86143;0.86137;7;T;True;2
1621216632000;11482095;0.86131;0.86143;0.86137;0;T;True;2
1621216633000;11482096;0.86131;0.86143;0.86137;0;T;True;2
1621216634000;11482097;0.86131;0.86143;0.86137;0;T;True;2
1621216635000;11482098;0.86131;0.86143;0.86137;0;T;True;2
1621216636000;11482099;0.86131;0.86143;0.86137;0;T;True;2
1621216637000;11482100;0.86131;0.86143;0.86137;0;T;True;2
1621216638000;11482101;0.86131;0.86143;0.86137;0;T;True;2
1621216639000;11482102;0.86131;0.86143;0.86137;0;T;True;2
1621216640000;11482103;0.86131;0.86143;0.86137;0;T;True;2
1621216641000;11482104;0.86131;0.86143;0.86137;0;T;True;2
1621216642000;11482105;0.86131;0.86143;0.86137;0;T;True;2
1621216643000;11482106;0.86131;0.86143;0.86137;0;T;True;2
1621216644000;11482107;0.86131;0.86143;0.86137;0;T;True;2
1621216645000;11482108;0.86131;0.86143;0.86137;0;T;True;2
1621216646000;11482109;0.86131;0.86143;0.86137;0;T;True;2
1621216647000;11482110;0.86131;0.86143;0.86137;0;T;True;2
1621216648000;11482111;0.86131;0.86143;0.86137;0;T;True;2
1621216649000;11482112;0.86131;0.86143;0.86137;0;T;True;2
1621216650000;11482113;0.86131;0.86143;0.86137;0;T;True;2
1621216651000;11482114;0.86131;0.86143;0.86137;0;T;True;2
1621216652000;11482117;0.86132;0.86144;0.86138;2;T;True;2
1621216653000;11482118;0.86132;0.86144;0.86138;0;T;True;2
1621216654000;11482120;0.86132;0.86144;0.86138;1;T;True;2
1621216655000;11482121;0.86132;0.86144;0.86138;0;T;True;2
1621216656000;11482122;0.86132;0.86144;0.86138;0;T;True;2
1621216657000;11482124;0.86133;0.86145;0.86139;1;T;True;2
1621216658000;11482126;0.86132;0.86144;0.86138;1;T;True;2
1621216659000;11482127;0.86132;0.86144;0.86138;0;T;True;2
1621216660000;11482128;0.86132;0.86144;0.86138;0;T;True;2
1621216661000;11482132;0.86133;0.86145;0.86139;3;T;True;2
1621216662000;11482133;0.86133;0.86145;0.86139;0;T;True;2
