ts;n;bid;ask;value;volume;phase;round;active_id
1621254462000;11547756;0.86191;0.86203;0.86197;0;T;True;2
1621254463000;11547757;0.86191;0.86203;0.86197;0;T;True;2
1621254464000;11547760;0.86189;0.86201;0.86195;2;T;True;2
1621254465000;11547763;0.86191;0.86203;0.86197;2;T;True;2
1621254466000;11547766;0.86193;0.86205;0.86199;2;T;True;2
1621254467000;11547767;0.86193;0.86205;0.86199;0;T;True;2
1621254468000;11547768;0.86193;0.86205;0.86199;0;T;True;2
1621254469000;11547769;0.86193;0.86205;0.86199;0;T;True;2
1621254470000;11547772;0.86195;0.86207;0.86201;2;T;True;2
1621254471000;11547775;0.86193;0.86205;0.86199;2;T;True;2
1621254472000;11547779;0.86192;0.86204;0.86198;3;T;True;2
1621254473000;11547784;0.86191;0.86203;0.86197;4;T;True;2
1621254474000;11547786;0.86191;0.86203;0.86197;1;T;True;2
1621254475000;11547788;0.86189;0.86201;0.86195;1;T;True;2
1621254476000;11547789;0.86189;0.86201;0.86195;0;T;True;2
1621254477000;11547791;0.8619;0.86202;0.86196;1;T;True;2
1621254478000;11547794;0.86192;0.86204;0.86198;2;T;True;2
1621254479000;11547795;0.86192;0.86204;0.86198;0;T;True;2
1621254480000;11547796;0.86192;0.86204;0.86198;0;T;True;2
1621254481000;11547797;0.86192;0.86204;0.86198;0;T;True;2
1621254482000;11547800;0.86192;0.86204;0.86198;2;T;True;2
1621254483000;11547803;0.86192;0.86204;0.86198;2;T;True;2
1621254484000;11547807;0.86193;0.86205;0.86199;3;T;True;2
1621254485000;11547808;0.86193;0.86205;0.86199;0;T;True;2
1621254486000;11547810;0.86191;0.86203;0.86197;1;T;True;2
1621254487000;11547812;0.8619;0.86202;0.86196;1;T;True;2
1621254488000;11547814;0.86191;0.86203;0.86197;1;T;True;2
1621254489000;11547815;0.86191;0.86203;0.86197;0;T;True;2
1621254490000;11547816;0.86191;0.86203;0.86197;0;T;True;2
1621254491000;11547817;0.86191;0.86203;0.86197;0;T;True;2
1621254492000;11547818;0.86191;0.86203;0.86197;0;T;True;2
1621254493000;11547824;0.86193;0.86205;0.86199;5;T;True;2
1621254494000;11547826;0.86193;0.86205;0.86199;1;T;True;2
1621254495000;11547827;0.86193;0.86205;0.86199;0;T;True;2
1621254496000;11547828;0.86193;0.86205;0.86199;0;T;True;2
1621254497000;11547831;0.86195;0.86207;0.86201;2;T;True;2
1621254498000;11547836;0.86198;0.8621;0.86204;4;T;True;2
1621254499000;11547838;0.86198;0.8621;0.86204;1;T;True;2
1621254500000;11547841;0.86198;0.8621;0.86204;2;T;True;2
1621254501000;11547844;0.86196;0.86208;0.86202;2;T;True;2
1621254502000;11547845;0.86196;0.86208;0.86202;0;T;True;2
1621254503000;11547846;0.86196;0.86208;0.86202;0;T;True;2
1621254504000;11547848;0.86195;0.86207;0.86201;1;T;True;2
1621254505000;11547849;0.86195;0.86207;0.86201;0;T;True;2
1621254506000;11547850;0.86195;0.86207;0.86201;0;T;True;2
1621254507000;11547851;0.86195;0.86207;0.86201;0;T;True;2
1621254508000;11547852;0.86195;0.86207;0.86201;0;T;True;2
1621254509000;11547853;0.86195;0.86207;0.86201;0;T;True;2
1621254510000;11547854;0.86195;0.86207;0.86201;0;T;True;2
1621254511000;11547855;0.86195;0.86207;0.86201;0;T;True;2
1621254512000;11547857;0.86194;0.86206;0.862;1;T;True;2
1621254513000;11547858;0.86194;0.86206;0.862;0;T;True;2
1621254514000;11547860;0.86193;0.86205;0.86199;1;T;True;2
1621254515000;11547861;0.86193;0.86205;0.86199;0;T;True;2
1621254516000;11547866;0.86193;0.86205;0.86199;4;T;True;2
1621254517000;11547867;0.86193;0.86205;0.86199;0;T;True;2
1621254518000;11547869;0.86192;0.86204;0.86198;1;T;True;2
1621254519000;11547872;0.86191;0.86203;0.86197;2;T;True;2
1621254520000;11547873;0.86191;0.86203;0.86197;0;T;True;2
1621254521000;11547875;0.86191;0.86203;0.86197;1;T;True;2
1621254522000;11547876;0.86191;0.86203;0.86197;0;T;True;2
1621254523000;11547877;0.86191;0.86203;0.86197;0;T;True;2
1621254524000;11547880;0.86191;0.86203;0.86197;2;T;True;2
1621254525000;11547883;0.86195;0.86207;0.86201;2;T;True;2
1621254526000;11547884;0.86195;0.86207;0.86201;0;T;True;2
1621254527000;11547885;0.86195;0.86207;0.86201;0;T;True;2
1621254528000;11547886;0.86195;0.86207;0.86201;0;T;True;2
1621254529000;11547887;0.86195;0.86207;0.86201;0;T;True;2
1621254530000;11547888;0.86195;0.86207;0.86201;0;T;True;2
1621254531000;11547890;0.86195;0.86207;0.86201;1;T;True;2
1621254532000;11547891;0.86195;0.86207;0.86201;0;T;True;2
1621254533000;11547893;0.86193;0.86205;0.86199;1;T;True;2
1621254534000;11547894;0.86193;0.86205;0.86199;0;T;True;2
1621254535000;11547895;0.86193;0.86205;0.86199;0;T;True;2
1621254536000;11547897;0.86194;0.86206;0.862;1;T;True;2
1621254537000;11547898;0.86194;0.86206;0.862;0;T;True;2
1621254538000;11547899;0.86194;0.86206;0.862;0;T;True;2
1621254539000;11547900;0.86194;0.86206;0.862;0;T;True;2
1621254540000;11547905;0.8619;0.86202;0.86196;4;T;True;2
1621254541000;11547909;0.86189;0.86201;0.86195;3;T;True;2
1621254542000;11547910;0.86189;0.86201;0.86195;0;T;True;2
1621254543000;11547912;0.86189;0.86201;0.86195;1;T;True;2
1621254544000;11547913;0.86189;0.86201;0.86195;0;T;True;2
1621254545000;11547916;0.8619;0.86202;0.86196;2;T;True;2
1621254546000;11547918;0.8619;0.86202;0.86196;1;T;True;2
1621254547000;11547919;0.8619;0.86202;0.86196;0;T;True;2
1621254548000;11547921;0.86191;0.86203;0.86197;1;T;True;2
1621254549000;11547922;0.86191;0.86203;0.86197;0;T;True;2
1621254550000;11547923;0.86191;0.86203;0.86197;0;T;True;2
1621254551000;11547925;0.8619;0.86202;0.86196;1;T;True;2
1621254552000;11547926;0.8619;0.86202;0.86196;0;T;True;2
1621254553000;11547927;0.8619;0.86202;0.86196;0;T;True;2
1621254554000;11547928;0.8619;0.86202;0.86196;0;T;True;2
1621254555000;11547929;0.8619;0.86202;0.86196;0;T;True;2
1621254556000;11547930;0.8619;0.86202;0.86196;0;T;True;2
1621254557000;11547931;0.8619;0.86202;0.86196;0;T;True;2
1621254558000;11547932;0.8619;0.86202;0.86196;0;T;True;2
1621254559000;11547933;0.8619;0.86202;0.86196;0;T;True;2
1621254560000;11547934;0.8619;0.86202;0.86196;0;T;True;2
1621254561000;11547936;0.86191;0.86203;0.86197;1;T;True;2
1621254562000;11547941;0.8619;0.86202;0.86196;4;T;True;2
1621254563000;11547945;0.8619;0.86202;0.86196;3;T;True;2
1621254564000;11547951;0.86191;0.86203;0.86197;5;T;True;2
1621254565000;11547955;0.86191;0.86203;0.86197;3;T;True;2
1621254566000;11547956;0.86191;0.86203;0.86197;0;T;True;2
1621254567000;11547957;0.86191;0.86203;0.86197;0;T;True;2
1621254568000;11547958;0.86191;0.86203;0.86197;0;T;True;2
1621254569000;11547959;0.86191;0.86203;0.86197;0;T;True;2
1621254570000;11547960;0.86191;0.86203;0.86197;0;T;True;2
1621254571000;11547961;0.86191;0.86203;0.86197;0;T;True;2
1621254572000;11547963;0.86191;0.86203;0.86197;1;T;True;2
1621254573000;11547964;0.86191;0.86203;0.86197;0;T;True;2
1621254574000;11547966;0.86191;0.86203;0.86197;1;T;True;2
1621254575000;11547967;0.86191;0.86203;0.86197;0;T;True;2
1621254576000;11547968;0.86191;0.86203;0.86197;0;T;True;2
1621254577000;11547969;0.86191;0.86203;0.86197;0;T;True;2
1621254578000;11547970;0.86191;0.86203;0.86197;0;T;True;2
1621254579000;11547971;0.86191;0.86203;0.86197;0;T;True;2
1621254580000;11547972;0.86191;0.86203;0.86197;0;T;True;2
1621254581000;11547973;0.86191;0.86203;0.86197;0;T;True;2
1621254582000;11547975;0.86191;0.86203;0.86197;1;T;True;2
1621254583000;11547976;0.86191;0.86203;0.86197;0;T;True;2
1621254584000;11547978;0.8619;0.86202;0.86196;1;T;True;2
1621254585000;11547979;0.8619;0.86202;0.86196;0;T;True;2
1621254586000;11547980;0.8619;0.86202;0.86196;0;T;True;2
1621254587000;11547981;0.8619;0.86202;0.86196;0;T;True;2
1621254588000;11547982;0.8619;0.86202;0.86196;0;T;True;2
1621254589000;11547985;0.8619;0.86202;0.86196;2;T;True;2
1621254590000;11547986;0.8619;0.86202;0.86196;0;T;True;2
1621254591000;11547988;0.8619;0.86202;0.86196;1;T;True;2
1621254592000;11547989;0.8619;0.86202;0.86196;0;T;True;2
1621254593000;11547990;0.8619;0.86202;0.86196;0;T;True;2
1621254594000;11547991;0.8619;0.86202;0.86196;0;T;True;2
1621254595000;11547995;0.86189;0.86201;0.86195;3;T;True;2
1621254596000;11547997;0.86188;0.862;0.86194;1;T;True;2
1621254597000;11547998;0.86188;0.862;0.86194;0;T;True;2
1621254598000;11548000;0.86187;0.86199;0.86193;1;T;True;2
1621254599000;11548001;0.86187;0.86199;0.86193;0;T;True;2
1621254600000;11548002;0.86187;0.86199;0.86193;0;T;True;2
1621254601000;11548008;0.86185;0.86197;0.86191;5;T;True;2
1621254602000;11548011;0.86185;0.86197;0.86191;2;T;True;2
1621254603000;11548012;0.86185;0.86197;0.86191;0;T;True;2
1621254604000;11548013;0.86185;0.86197;0.86191;0;T;True;2
1621254605000;11548014;0.86185;0.86197;0.86191;0;T;True;2
1621254606000;11548015;0.86185;0.86197;0.86191;0;T;True;2
1621254607000;11548017;0.86187;0.86199;0.86193;1;T;True;2
1621254608000;11548018;0.86187;0.86199;0.86193;0;T;True;2
1621254609000;11548020;0.86187;0.86199;0.86193;1;T;True;2
1621254610000;11548024;0.8619;0.86202;0.86196;3;T;True;2
1621254611000;11548025;0.8619;0.86202;0.86196;0;T;True;2
1621254612000;11548026;0.8619;0.86202;0.86196;0;T;True;2
1621254613000;11548029;0.86191;0.86203;0.86197;2;T;True;2
1621254614000;11548030;0.86191;0.86203;0.86197;0;T;True;2
1621254615000;11548031;0.86191;0.86203;0.86197;0;T;True;2
1621254616000;11548034;0.86191;0.86203;0.86197;2;T;True;2
1621254617000;11548036;0.8619;0.86202;0.86196;1;T;True;2
1621254618000;11548037;0.8619;0.86202;0.86196;0;T;True;2
1621254619000;11548040;0.86192;0.86204;0.86198;2;T;True;2
1621254620000;11548044;0.86195;0.86207;0.86201;3;T;True;2
1621254621000;11548047;0.86197;0.86209;0.86203;2;T;True;2
1621254622000;11548048;0.86197;0.86209;0.86203;0;T;True;2
1621254623000;11548050;0.86197;0.86209;0.86203;1;T;True;2
1621254624000;11548051;0.86197;0.86209;0.86203;0;T;True;2
1621254625000;11548052;0.86197;0.86209;0.86203;0;T;True;2
1621254626000;11548053;0.86197;0.86209;0.86203;0;T;True;2
1621254627000;11548055;0.86197;0.86209;0.86203;1;T;True;2
1621254628000;11548056;0.86197;0.86209;0.86203;0;T;True;2
1621254629000;11548058;0.86197;0.86209;0.86203;1;T;True;2
1621254630000;11548060;0.86196;0.86208;0.86202;1;T;True;2
1621254631000;11548061;0.86196;0.86208;0.86202;0;T;True;2
1621254632000;11548062;0.86196;0.86208;0.86202;0;T;True;2
1621254633000;11548064;0.86196;0.86208;0.86202;1;T;True;2
1621254634000;11548065;0.86196;0.86208;0.86202;0;T;True;2
1621254635000;11548069;0.86195;0.86207;0.86201;3;T;True;2
1621254636000;11548070;0.86195;0.86207;0.86201;0;T;True;2
1621254637000;11548073;0.86193;0.86205;0.86199;2;T;True;2
1621254638000;11548074;0.86193;0.86205;0.86199;0;T;True;2
1621254639000;11548075;0.86193;0.86205;0.86199;0;T;True;2
1621254640000;11548076;0.86193;0.86205;0.86199;0;T;True;2
1621254641000;11548077;0.86193;0.86205;0.86199;0;T;True;2
1621254642000;11548078;0.86193;0.86205;0.86199;0;T;True;2
1621254643000;11548079;0.86193;0.86205;0.86199;0;T;True;2
1621254644000;11548080;0.86193;0.86205;0.86199;0;T;True;2
1621254645000;11548081;0.86193;0.86205;0.86199;0;T;True;2
1621254646000;11548084;0.86191;0.86203;0.86197;2;T;True;2
1621254647000;11548085;0.86191;0.86203;0.86197;0;T;True;2
1621254648000;11548086;0.86191;0.86203;0.86197;0;T;True;2
1621254649000;11548087;0.86191;0.86203;0.86197;0;T;True;2
1621254650000;11548088;0.86191;0.86203;0.86197;0;T;True;2
1621254651000;11548089;0.86191;0.86203;0.86197;0;T;True;2
1621254652000;11548090;0.86191;0.86203;0.86197;0;T;True;2
1621254653000;11548093;0.86189;0.86201;0.86195;2;T;True;2
1621254654000;11548094;0.86189;0.86201;0.86195;0;T;True;2
1621254655000;11548095;0.86189;0.86201;0.86195;0;T;True;2
1621254656000;11548097;0.86191;0.86203;0.86197;1;T;True;2
1621254657000;11548098;0.86191;0.86203;0.86197;0;T;True;2
1621254658000;11548100;0.86192;0.86204;0.86198;1;T;True;2
1621254659000;11548101;0.86192;0.86204;0.86198;0;T;True;2
1621254660000;11548102;0.86192;0.86204;0.86198;0;T;True;2
1621254661000;11548105;0.8619;0.86202;0.86196;2;T;True;2
1621254662000;11548107;0.86191;0.86203;0.86197;1;T;True;2
1621254663000;11548108;0.86191;0.86203;0.86197;0;T;True;2
1621254664000;11548109;0.86191;0.86203;0.86197;0;T;True;2
1621254665000;11548112;0.86187;0.86199;0.86193;2;T;True;2
1621254666000;11548114;0.86188;0.862;0.86194;1;T;True;2
1621254667000;11548115;0.86188;0.862;0.86194;0;T;True;2
1621254668000;11548116;0.86188;0.862;0.86194;0;T;True;2
1621254669000;11548118;0.86188;0.862;0.86194;1;T;True;2
1621254670000;11548119;0.86188;0.862;0.86194;0;T;True;2
1621254671000;11548121;0.86189;0.86201;0.86195;1;T;True;2
1621254672000;11548122;0.86189;0.86201;0.86195;0;T;True;2
1621254673000;11548123;0.86189;0.86201;0.86195;0;T;True;2
1621254674000;11548124;0.86189;0.86201;0.86195;0;T;True;2
1621254675000;11548125;0.86189;0.86201;0.86195;0;T;True;2
1621254676000;11548126;0.86189;0.86201;0.86195;0;T;True;2
1621254677000;11548127;0.86189;0.86201;0.86195;0;T;True;2
1621254678000;11548129;0.86188;0.862;0.86194;1;T;True;2
1621254679000;11548131;0.86188;0.862;0.86194;1;T;True;2
1621254680000;11548137;0.86187;0.86199;0.86193;5;T;True;2
1621254681000;11548139;0.86187;0.86199;0.86193;1;T;True;2
1621254682000;11548143;0.86185;0.86197;0.86191;3;T;True;2
1621254683000;11548145;0.86185;0.86197;0.86191;1;T;True;2
1621254684000;11548148;0.86186;0.86198;0.86192;2;T;True;2
1621254685000;11548152;0.86187;0.86199;0.86193;3;T;True;2
1621254686000;11548153;0.86187;0.86199;0.86193;0;T;True;2
1621254687000;11548154;0.86187;0.86199;0.86193;0;T;True;2
1621254688000;11548155;0.86187;0.86199;0.86193;0;T;True;2
1621254689000;11548157;0.86187;0.86199;0.86193;1;T;True;2
1621254690000;11548158;0.86187;0.86199;0.86193;0;T;True;2
1621254691000;11548161;0.86187;0.86199;0.86193;2;T;True;2
1621254692000;11548164;0.86187;0.86199;0.86193;2;T;True;2
1621254693000;11548165;0.86187;0.86199;0.86193;0;T;True;2
1621254694000;11548166;0.86187;0.86199;0.86193;0;T;True;2
1621254695000;11548167;0.86187;0.86199;0.86193;0;T;True;2
1621254696000;11548169;0.86191;0.86203;0.86197;1;T;True;2
1621254697000;11548170;0.86191;0.86203;0.86197;0;T;True;2
1621254698000;11548171;0.86191;0.86203;0.86197;0;T;True;2
1621254699000;11548176;0.86196;0.86208;0.86202;4;T;True;2
1621254700000;11548179;0.86198;0.8621;0.86204;2;T;True;2
1621254701000;11548181;0.86199;0.86211;0.86205;1;T;True;2
1621254702000;11548185;0.86197;0.86209;0.86203;3;T;True;2
1621254703000;11548191;0.86193;0.86205;0.86199;5;T;True;2
1621254704000;11548192;0.86193;0.86205;0.86199;0;T;True;2
1621254705000;11548194;0.86194;0.86206;0.862;1;T;True;2
1621254706000;11548196;0.86195;0.86207;0.86201;1;T;True;2
1621254707000;11548198;0.86197;0.86209;0.86203;1;T;True;2
1621254708000;11548201;0.86199;0.86211;0.86205;2;T;True;2
1621254709000;11548203;0.86199;0.86211;0.86205;1;T;True;2
1621254710000;11548204;0.86199;0.86211;0.86205;0;T;True;2
1621254711000;11548206;0.86201;0.86213;0.86207;1;T;True;2
1621254712000;11548208;0.86199;0.86211;0.86205;1;T;True;2
1621254713000;11548209;0.86199;0.86211;0.86205;0;T;True;2
1621254714000;11548210;0.86199;0.86211;0.86205;0;T;True;2
1621254715000;11548213;0.86201;0.86213;0.86207;2;T;True;2
1621254716000;11548214;0.86201;0.86213;0.86207;0;T;True;2
1621254717000;11548218;0.86197;0.86209;0.86203;3;T;True;2
1621254718000;11548219;0.86197;0.86209;0.86203;0;T;True;2
1621254719000;11548220;0.86197;0.86209;0.86203;0;T;True;2
1621254720000;11548221;0.86197;0.86209;0.86203;0;T;True;2
1621254721000;11548223;0.86195;0.86207;0.86201;1;T;True;2
1621254722000;11548224;0.86195;0.86207;0.86201;0;T;True;2
1621254723000;11548227;0.86194;0.86206;0.862;2;T;True;2
1621254724000;11548228;0.86194;0.86206;0.862;0;T;True;2
1621254725000;11548230;0.86193;0.86205;0.86199;1;T;True;2
1621254726000;11548234;0.86195;0.86207;0.86201;3;T;True;2
1621254727000;11548236;0.86194;0.86206;0.862;1;T;True;2
1621254728000;11548237;0.86194;0.86206;0.862;0;T;True;2
1621254729000;11548238;0.86194;0.86206;0.862;0;T;True;2
1621254730000;11548240;0.86193;0.86205;0.86199;1;T;True;2
1621254731000;11548241;0.86193;0.86205;0.86199;0;T;True;2
1621254732000;11548243;0.86193;0.86205;0.86199;1;T;True;2
1621254733000;11548246;0.86195;0.86207;0.86201;2;T;True;2
1621254734000;11548247;0.86195;0.86207;0.86201;0;T;True;2
1621254735000;11548248;0.86195;0.86207;0.86201;0;T;True;2
1621254736000;11548249;0.86195;0.86207;0.86201;0;T;True;2
1621254737000;11548252;0.86193;0.86205;0.86199;2;T;True;2
1621254738000;11548254;0.86193;0.86205;0.86199;1;T;True;2
1621254739000;11548255;0.86193;0.86205;0.86199;0;T;True;2
1621254740000;11548256;0.86193;0.86205;0.86199;0;T;True;2
1621254741000;11548267;0.86186;0.86198;0.86192;10;T;True;2
1621254742000;11548270;0.86186;0.86198;0.86192;2;T;True;2
1621254743000;11548271;0.86186;0.86198;0.86192;0;T;True;2
1621254744000;11548272;0.86186;0.86198;0.86192;0;T;True;2
1621254745000;11548273;0.86186;0.86198;0.86192;0;T;True;2
1621254746000;11548275;0.86185;0.86197;0.86191;1;T;True;2
1621254747000;11548281;0.86185;0.86197;0.86191;5;T;True;2
1621254748000;11548283;0.86185;0.86197;0.86191;1;T;True;2
1621254749000;11548285;0.86185;0.86197;0.86191;1;T;True;2
1621254750000;11548289;0.86183;0.86195;0.86189;3;T;True;2
1621254751000;11548290;0.86183;0.86195;0.86189;0;T;True;2
1621254752000;11548291;0.86183;0.86195;0.86189;0;T;True;2
1621254753000;11548297;0.86183;0.86195;0.86189;5;T;True;2
1621254754000;11548300;0.8618;0.86192;0.86186;2;T;True;2
1621254755000;11548301;0.8618;0.86192;0.86186;0;T;True;2
1621254756000;11548303;0.86181;0.86193;0.86187;1;T;True;2
1621254757000;11548305;0.86182;0.86194;0.86188;1;T;True;2
1621254758000;11548307;0.86183;0.86195;0.86189;1;T;True;2
1621254759000;11548309;0.86182;0.86194;0.86188;1;T;True;2
1621254760000;11548312;0.86183;0.86195;0.86189;2;T;True;2
1621254761000;11548317;0.86182;0.86194;0.86188;4;T;True;2
1621254762000;11548319;0.86181;0.86193;0.86187;1;T;True;2
1621254763000;11548321;0.86183;0.86195;0.86189;1;T;True;2
1621254764000;11548322;0.86183;0.86195;0.86189;0;T;True;2
1621254765000;11548323;0.86183;0.86195;0.86189;0;T;True;2
1621254766000;11548326;0.86181;0.86193;0.86187;2;T;True;2
1621254767000;11548328;0.86183;0.86195;0.86189;1;T;True;2
1621254768000;11548329;0.86183;0.86195;0.86189;0;T;True;2
1621254769000;11548330;0.86183;0.86195;0.86189;0;T;True;2
1621254770000;11548331;0.86183;0.86195;0.86189;0;T;True;2
1621254771000;11548332;0.86183;0.86195;0.86189;0;T;True;2
1621254772000;11548334;0.86184;0.86196;0.8619;1;T;True;2
1621254773000;11548335;0.86184;0.86196;0.8619;0;T;True;2
1621254774000;11548336;0.86184;0.86196;0.8619;0;T;True;2
1621254775000;11548337;0.86184;0.86196;0.8619;0;T;True;2
1621254776000;11548338;0.86184;0.86196;0.8619;0;T;True;2
1621254777000;11548339;0.86184;0.86196;0.8619;0;T;True;2
1621254778000;11548343;0.86181;0.86193;0.86187;3;T;True;2
1621254779000;11548344;0.86181;0.86193;0.86187;0;T;True;2
1621254780000;11548345;0.86181;0.86193;0.86187;0;T;True;2
1621254781000;11548347;0.86182;0.86194;0.86188;1;T;True;2
1621254782000;11548349;0.86181;0.86193;0.86187;1;T;True;2
1621254783000;11548350;0.86181;0.86193;0.86187;0;T;True;2
1621254784000;11548351;0.86181;0.86193;0.86187;0;T;True;2
1621254785000;11548352;0.86181;0.86193;0.86187;0;T;True;2
1621254786000;11548353;0.86181;0.86193;0.86187;0;T;True;2
1621254787000;11548354;0.86181;0.86193;0.86187;0;T;True;2
1621254788000;11548357;0.86183;0.86195;0.86189;2;T;True;2
1621254789000;11548360;0.86181;0.86193;0.86187;2;T;True;2
1621254790000;11548361;0.86181;0.86193;0.86187;0;T;True;2
1621254791000;11548362;0.86181;0.86193;0.86187;0;T;True;2
1621254792000;11548363;0.86181;0.86193;0.86187;0;T;True;2
1621254793000;11548365;0.86182;0.86194;0.86188;1;T;True;2
1621254794000;11548371;0.86183;0.86195;0.86189;5;T;True;2
1621254795000;11548373;0.86182;0.86194;0.86188;1;T;True;2
1621254796000;11548375;0.86183;0.86195;0.86189;1;T;True;2
1621254797000;11548376;0.86183;0.86195;0.86189;0;T;True;2
1621254798000;11548377;0.86183;0.86195;0.86189;0;T;True;2
1621254799000;11548378;0.86183;0.86195;0.86189;0;T;True;2
1621254800000;11548380;0.86182;0.86194;0.86188;1;T;True;2
1621254801000;11548381;0.86182;0.86194;0.86188;0;T;True;2
1621254802000;11548383;0.86183;0.86195;0.86189;1;T;True;2
1621254803000;11548387;0.86182;0.86194;0.86188;3;T;True;2
1621254804000;11548392;0.86182;0.86194;0.86188;4;T;True;2
1621254805000;11548393;0.86182;0.86194;0.86188;0;T;True;2
1621254806000;11548395;0.86181;0.86193;0.86187;1;T;True;2
1621254807000;11548399;0.86181;0.86193;0.86187;3;T;True;2
1621254808000;11548400;0.86181;0.86193;0.86187;0;T;True;2
1621254809000;11548403;0.86181;0.86193;0.86187;2;T;True;2
1621254810000;11548404;0.86181;0.86193;0.86187;0;T;True;2
1621254811000;11548406;0.86179;0.86191;0.86185;1;T;True;2
1621254812000;11548407;0.86179;0.86191;0.86185;0;T;True;2
1621254813000;11548408;0.86179;0.86191;0.86185;0;T;True;2
1621254814000;11548410;0.8618;0.86192;0.86186;1;T;True;2
1621254815000;11548411;0.8618;0.86192;0.86186;0;T;True;2
1621254816000;11548412;0.8618;0.86192;0.86186;0;T;True;2
1621254817000;11548418;0.86179;0.86191;0.86185;5;T;True;2
1621254818000;11548419;0.86179;0.86191;0.86185;0;T;True;2
1621254819000;11548420;0.86179;0.86191;0.86185;0;T;True;2
1621254820000;11548422;0.86178;0.8619;0.86184;1;T;True;2
1621254821000;11548426;0.86177;0.86189;0.86183;3;T;True;2
1621254822000;11548429;0.86177;0.86189;0.86183;2;T;True;2
1621254823000;11548431;0.86176;0.86188;0.86182;1;T;True;2
1621254824000;11548432;0.86176;0.86188;0.86182;0;T;True;2
1621254825000;11548433;0.86176;0.86188;0.86182;0;T;True;2
1621254826000;11548438;0.86176;0.86188;0.86182;4;T;True;2
1621254827000;11548441;0.86178;0.8619;0.86184;2;T;True;2
1621254828000;11548444;0.86175;0.86187;0.86181;2;T;True;2
1621254829000;11548446;0.86173;0.86185;0.86179;1;T;True;2
1621254830000;11548447;0.86173;0.86185;0.86179;0;T;True;2
1621254831000;11548448;0.86173;0.86185;0.86179;0;T;True;2
1621254832000;11548449;0.86173;0.86185;0.86179;0;T;True;2
1621254833000;11548450;0.86173;0.86185;0.86179;0;T;True;2
1621254834000;11548451;0.86173;0.86185;0.86179;0;T;True;2
1621254835000;11548452;0.86173;0.86185;0.86179;0;T;True;2
1621254836000;11548453;0.86173;0.86185;0.86179;0;T;True;2
1621254837000;11548454;0.86173;0.86185;0.86179;0;T;True;2
1621254838000;11548459;0.86178;0.8619;0.86184;4;T;True;2
1621254839000;11548463;0.8618;0.86192;0.86186;3;T;True;2
1621254840000;11548467;0.86179;0.86191;0.86185;3;T;True;2
1621254841000;11548468;0.86179;0.86191;0.86185;0;T;True;2
1621254842000;11548470;0.8618;0.86192;0.86186;1;T;True;2
1621254843000;11548473;0.86182;0.86194;0.86188;2;T;True;2
1621254844000;11548481;0.86175;0.86187;0.86181;7;T;True;2
1621254845000;11548482;0.86175;0.86187;0.86181;0;T;True;2
1621254846000;11548483;0.86175;0.86187;0.86181;0;T;True;2
1621254847000;11548484;0.86175;0.86187;0.86181;0;T;True;2
1621254848000;11548486;0.86177;0.86189;0.86183;1;T;True;2
1621254849000;11548487;0.86177;0.86189;0.86183;0;T;True;2
1621254850000;11548488;0.86177;0.86189;0.86183;0;T;True;2
1621254851000;11548490;0.86178;0.8619;0.86184;1;T;True;2
1621254852000;11548491;0.86178;0.8619;0.86184;0;T;True;2
1621254853000;11548492;0.86178;0.8619;0.86184;0;T;True;2
1621254854000;11548493;0.86178;0.8619;0.86184;0;T;True;2
1621254855000;11548495;0.86179;0.86191;0.86185;1;T;True;2
1621254856000;11548496;0.86179;0.86191;0.86185;0;T;True;2
1621254857000;11548497;0.86179;0.86191;0.86185;0;T;True;2
1621254858000;11548501;0.86175;0.86187;0.86181;3;T;True;2
1621254859000;11548502;0.86175;0.86187;0.86181;0;T;True;2
1621254860000;11548503;0.86175;0.86187;0.86181;0;T;True;2
1621254861000;11548504;0.86175;0.86187;0.86181;0;T;True;2
1621254862000;11548505;0.86175;0.86187;0.86181;0;T;True;2
1621254863000;11548506;0.86175;0.86187;0.86181;0;T;True;2
1621254864000;11548509;0.86175;0.86187;0.86181;2;T;True;2
1621254865000;11548510;0.86175;0.86187;0.86181;0;T;True;2
1621254866000;11548511;0.86175;0.86187;0.86181;0;T;True;2
1621254867000;11548512;0.86175;0.86187;0.86181;0;T;True;2
1621254868000;11548513;0.86175;0.86187;0.86181;0;T;True;2
1621254869000;11548514;0.86175;0.86187;0.86181;0;T;True;2
1621254870000;11548515;0.86175;0.86187;0.86181;0;T;True;2
1621254871000;11548516;0.86175;0.86187;0.86181;0;T;True;2
1621254872000;11548519;0.86177;0.86189;0.86183;2;T;True;2
1621254873000;11548520;0.86177;0.86189;0.86183;0;T;True;2
1621254874000;11548521;0.86177;0.86189;0.86183;0;T;True;2
1621254875000;11548522;0.86177;0.86189;0.86183;0;T;True;2
1621254876000;11548524;0.86179;0.86191;0.86185;1;T;True;2
1621254877000;11548525;0.86179;0.86191;0.86185;0;T;True;2
1621254878000;11548526;0.86179;0.86191;0.86185;0;T;True;2
1621254879000;11548527;0.86179;0.86191;0.86185;0;T;True;2
1621254880000;11548529;0.8618;0.86192;0.86186;1;T;True;2
1621254881000;11548532;0.86178;0.8619;0.86184;2;T;True;2
1621254882000;11548534;0.86179;0.86191;0.86185;1;T;True;2
1621254883000;11548535;0.86179;0.86191;0.86185;0;T;True;2
1621254884000;11548536;0.86179;0.86191;0.86185;0;T;True;2
1621254885000;11548537;0.86179;0.86191;0.86185;0;T;True;2
1621254886000;11548539;0.86178;0.8619;0.86184;1;T;True;2
1621254887000;11548540;0.86178;0.8619;0.86184;0;T;True;2
1621254888000;11548541;0.86178;0.8619;0.86184;0;T;True;2
1621254889000;11548543;0.86179;0.86191;0.86185;1;T;True;2
1621254890000;11548545;0.86178;0.8619;0.86184;1;T;True;2
1621254891000;11548548;0.86177;0.86189;0.86183;2;T;True;2
1621254892000;11548550;0.86177;0.86189;0.86183;1;T;True;2
1621254893000;11548551;0.86177;0.86189;0.86183;0;T;True;2
1621254894000;11548552;0.86177;0.86189;0.86183;0;T;True;2
1621254895000;11548553;0.86177;0.86189;0.86183;0;T;True;2
1621254896000;11548554;0.86177;0.86189;0.86183;0;T;True;2
1621254897000;11548555;0.86177;0.86189;0.86183;0;T;True;2
1621254898000;11548556;0.86177;0.86189;0.86183;0;T;True;2
1621254899000;11548557;0.86177;0.86189;0.86183;0;T;True;2
1621254900000;11548560;0.86177;0.86189;0.86183;2;T;True;2
1621254901000;11548561;0.86177;0.86189;0.86183;0;T;True;2
1621254902000;11548563;0.86176;0.86188;0.86182;1;T;True;2
1621254903000;11548564;0.86176;0.86188;0.86182;0;T;True;2
1621254904000;11548565;0.86176;0.86188;0.86182;0;T;True;2
1621254905000;11548566;0.86176;0.86188;0.86182;0;T;True;2
1621254906000;11548569;0.86175;0.86187;0.86181;2;T;True;2
1621254907000;11548572;0.86177;0.86189;0.86183;2;T;True;2
1621254908000;11548576;0.86177;0.86189;0.86183;3;T;True;2
1621254909000;11548577;0.86177;0.86189;0.86183;0;T;True;2
1621254910000;11548578;0.86177;0.86189;0.86183;0;T;True;2
1621254911000;11548579;0.86177;0.86189;0.86183;0;T;True;2
1621254912000;11548580;0.86177;0.86189;0.86183;0;T;True;2
1621254913000;11548581;0.86177;0.86189;0.86183;0;T;True;2
1621254914000;11548582;0.86177;0.86189;0.86183;0;T;True;2
1621254915000;11548583;0.86177;0.86189;0.86183;0;T;True;2
1621254916000;11548584;0.86177;0.86189;0.86183;0;T;True;2
1621254917000;11548586;0.86177;0.86189;0.86183;1;T;True;2
1621254918000;11548590;0.86178;0.8619;0.86184;3;T;True;2
1621254919000;11548593;0.86178;0.8619;0.86184;2;T;True;2
1621254920000;11548595;0.86179;0.86191;0.86185;1;T;True;2
1621254921000;11548596;0.86179;0.86191;0.86185;0;T;True;2
1621254922000;11548597;0.86179;0.86191;0.86185;0;T;True;2
1621254923000;11548599;0.86179;0.86191;0.86185;1;T;True;2
1621254924000;11548601;0.86179;0.86191;0.86185;1;T;True;2
1621254925000;11548602;0.86179;0.86191;0.86185;0;T;True;2
1621254926000;11548605;0.86179;0.86191;0.86185;2;T;True;2
1621254927000;11548606;0.86179;0.86191;0.86185;0;T;True;2
1621254928000;11548607;0.86179;0.86191;0.86185;0;T;True;2
1621254929000;11548609;0.8618;0.86192;0.86186;1;T;True;2
1621254930000;11548611;0.86181;0.86193;0.86187;1;T;True;2
1621254931000;11548618;0.86183;0.86195;0.86189;6;T;True;2
1621254932000;11548619;0.86183;0.86195;0.86189;0;T;True;2
1621254933000;11548622;0.86184;0.86196;0.8619;2;T;True;2
1621254934000;11548623;0.86184;0.86196;0.8619;0;T;True;2
1621254935000;11548624;0.86184;0.86196;0.8619;0;T;True;2
1621254936000;11548628;0.86184;0.86196;0.8619;3;T;True;2
1621254937000;11548630;0.86183;0.86195;0.86189;1;T;True;2
1621254938000;11548635;0.86181;0.86193;0.86187;4;T;True;2
1621254939000;11548639;0.8618;0.86192;0.86186;3;T;True;2
1621254940000;11548641;0.8618;0.86192;0.86186;1;T;True;2
1621254941000;11548645;0.8618;0.86192;0.86186;3;T;True;2
1621254942000;11548655;0.86174;0.86186;0.8618;9;T;True;2
1621254943000;11548661;0.86178;0.8619;0.86184;5;T;True;2
1621254944000;11548665;0.86179;0.86191;0.86185;3;T;True;2
1621254945000;11548667;0.86179;0.86191;0.86185;1;T;True;2
1621254946000;11548669;0.86181;0.86193;0.86187;1;T;True;2
1621254947000;11548674;0.86179;0.86191;0.86185;4;T;True;2
1621254948000;11548677;0.86179;0.86191;0.86185;2;T;True;2
1621254949000;11548678;0.86179;0.86191;0.86185;0;T;True;2
1621254950000;11548683;0.86177;0.86189;0.86183;4;T;True;2
1621254951000;11548690;0.86172;0.86184;0.86178;6;T;True;2
1621254952000;11548693;0.86173;0.86185;0.86179;2;T;True;2
1621254953000;11548697;0.86175;0.86187;0.86181;3;T;True;2
1621254954000;11548703;0.86181;0.86193;0.86187;5;T;True;2
1621254955000;11548706;0.86181;0.86193;0.86187;2;T;True;2
1621254956000;11548708;0.86181;0.86193;0.86187;1;T;True;2
1621254957000;11548711;0.86181;0.86193;0.86187;2;T;True;2
1621254958000;11548712;0.86181;0.86193;0.86187;0;T;True;2
1621254959000;11548713;0.86181;0.86193;0.86187;0;T;True;2
1621254960000;11548717;0.86177;0.86189;0.86183;3;T;True;2
1621254961000;11548721;0.86177;0.86189;0.86183;3;T;True;2
1621254962000;11548723;0.86178;0.8619;0.86184;1;T;True;2
1621254963000;11548729;0.86175;0.86187;0.86181;5;T;True;2
1621254964000;11548730;0.86175;0.86187;0.86181;0;T;True;2
1621254965000;11548732;0.86175;0.86187;0.86181;1;T;True;2
1621254966000;11548733;0.86175;0.86187;0.86181;0;T;True;2
1621254967000;11548735;0.86176;0.86188;0.86182;1;T;True;2
1621254968000;11548743;0.86172;0.86184;0.86178;7;T;True;2
1621254969000;11548745;0.86171;0.86183;0.86177;1;T;True;2
1621254970000;11548747;0.86171;0.86183;0.86177;1;T;True;2
1621254971000;11548751;0.86171;0.86183;0.86177;3;T;True;2
1621254972000;11548754;0.86171;0.86183;0.86177;2;T;True;2
1621254973000;11548756;0.8617;0.86182;0.86176;1;T;True;2
1621254974000;11548759;0.8617;0.86182;0.86176;2;T;True;2
1621254975000;11548762;0.8617;0.86182;0.86176;2;T;True;2
1621254976000;11548770;0.86173;0.86185;0.86179;7;T;True;2
1621254977000;11548777;0.86175;0.86187;0.86181;6;T;True;2
1621254978000;11548784;0.86166;0.86178;0.86172;6;T;True;2
1621254979000;11548790;0.86165;0.86177;0.86171;5;T;True;2
1621254980000;11548791;0.86165;0.86177;0.86171;0;T;True;2
1621254981000;11548792;0.86165;0.86177;0.86171;0;T;True;2
1621254982000;11548793;0.86165;0.86177;0.86171;0;T;True;2
1621254983000;11548795;0.86165;0.86177;0.86171;1;T;True;2
1621254984000;11548797;0.86165;0.86177;0.86171;1;T;True;2
1621254985000;11548798;0.86165;0.86177;0.86171;0;T;True;2
1621254986000;11548801;0.86165;0.86177;0.86171;2;T;True;2
1621254987000;11548802;0.86165;0.86177;0.86171;0;T;True;2
1621254988000;11548803;0.86165;0.86177;0.86171;0;T;True;2
1621254989000;11548804;0.86165;0.86177;0.86171;0;T;True;2
1621254990000;11548805;0.86165;0.86177;0.86171;0;T;True;2
1621254991000;11548806;0.86165;0.86177;0.86171;0;T;True;2
1621254992000;11548808;0.86165;0.86177;0.86171;1;T;True;2
1621254993000;11548809;0.86165;0.86177;0.86171;0;T;True;2
1621254994000;11548810;0.86165;0.86177;0.86171;0;T;True;2
1621254995000;11548811;0.86165;0.86177;0.86171;0;T;True;2
1621254996000;11548812;0.86165;0.86177;0.86171;0;T;True;2
1621254997000;11548813;0.86165;0.86177;0.86171;0;T;True;2
1621254998000;11548814;0.86165;0.86177;0.86171;0;T;True;2
1621254999000;11548815;0.86165;0.86177;0.86171;0;T;True;2
1621255000000;11548823;0.86159;0.86171;0.86165;7;T;True;2
1621255001000;11548831;0.86161;0.86173;0.86167;7;T;True;2
1621255002000;11548834;0.86161;0.86173;0.86167;2;T;True;2
1621255003000;11548835;0.86161;0.86173;0.86167;0;T;True;2
1621255004000;11548837;0.86159;0.86171;0.86165;1;T;True;2
1621255005000;11548844;0.86163;0.86175;0.86169;6;T;True;2
1621255006000;11548845;0.86163;0.86175;0.86169;0;T;True;2
1621255007000;11548847;0.86163;0.86175;0.86169;1;T;True;2
1621255008000;11548851;0.86163;0.86175;0.86169;3;T;True;2
1621255009000;11548852;0.86163;0.86175;0.86169;0;T;True;2
1621255010000;11548854;0.86163;0.86175;0.86169;1;T;True;2
1621255011000;11548856;0.86163;0.86175;0.86169;1;T;True;2
1621255012000;11548857;0.86163;0.86175;0.86169;0;T;True;2
1621255013000;11548858;0.86163;0.86175;0.86169;0;T;True;2
1621255014000;11548864;0.86161;0.86173;0.86167;5;T;True;2
1621255015000;11548869;0.8616;0.86172;0.86166;4;T;True;2
1621255016000;11548871;0.86159;0.86171;0.86165;1;T;True;2
1621255017000;11548873;0.86159;0.86171;0.86165;1;T;True;2
1621255018000;11548880;0.86159;0.86171;0.86165;6;T;True;2
1621255019000;11548883;0.86159;0.86171;0.86165;2;T;True;2
1621255020000;11548886;0.86159;0.86171;0.86165;2;T;True;2
1621255021000;11548888;0.86159;0.86171;0.86165;1;T;True;2
1621255022000;11548893;0.86155;0.86167;0.86161;4;T;True;2
1621255023000;11548898;0.86155;0.86167;0.86161;4;T;True;2
1621255024000;11548899;0.86155;0.86167;0.86161;0;T;True;2
1621255025000;11548905;0.86154;0.86166;0.8616;5;T;True;2
1621255026000;11548907;0.86155;0.86167;0.86161;1;T;True;2
1621255027000;11548908;0.86155;0.86167;0.86161;0;T;True;2
1621255028000;11548909;0.86155;0.86167;0.86161;0;T;True;2
1621255029000;11548910;0.86155;0.86167;0.86161;0;T;True;2
1621255030000;11548911;0.86155;0.86167;0.86161;0;T;True;2
1621255031000;11548915;0.86157;0.86169;0.86163;3;T;True;2
1621255032000;11548920;0.86154;0.86166;0.8616;4;T;True;2
1621255033000;11548923;0.86155;0.86167;0.86161;2;T;True;2
1621255034000;11548927;0.86153;0.86165;0.86159;3;T;True;2
1621255035000;11548929;0.86153;0.86165;0.86159;1;T;True;2
1621255036000;11548936;0.86152;0.86164;0.86158;6;T;True;2
1621255037000;11548941;0.86151;0.86163;0.86157;4;T;True;2
1621255038000;11548944;0.86153;0.86165;0.86159;2;T;True;2
1621255039000;11548947;0.86153;0.86165;0.86159;2;T;True;2
1621255040000;11548948;0.86153;0.86165;0.86159;0;T;True;2
1621255041000;11548951;0.86151;0.86163;0.86157;2;T;True;2
1621255042000;11548953;0.86151;0.86163;0.86157;1;T;True;2
1621255043000;11548954;0.86151;0.86163;0.86157;0;T;True;2
1621255044000;11548958;0.86153;0.86165;0.86159;3;T;True;2
1621255045000;11548962;0.86153;0.86165;0.86159;3;T;True;2
1621255046000;11548963;0.86153;0.86165;0.86159;0;T;True;2
1621255047000;11548966;0.86152;0.86164;0.86158;2;T;True;2
1621255048000;11548967;0.86152;0.86164;0.86158;0;T;True;2
1621255049000;11548970;0.86153;0.86165;0.86159;2;T;True;2
1621255050000;11548972;0.86155;0.86167;0.86161;1;T;True;2
1621255051000;11548973;0.86155;0.86167;0.86161;0;T;True;2
1621255052000;11548974;0.86155;0.86167;0.86161;0;T;True;2
1621255053000;11548975;0.86155;0.86167;0.86161;0;T;True;2
1621255054000;11548977;0.86156;0.86168;0.86162;1;T;True;2
1621255055000;11548983;0.86155;0.86167;0.86161;5;T;True;2
1621255056000;11548986;0.86154;0.86166;0.8616;2;T;True;2
1621255057000;11548989;0.86154;0.86166;0.8616;2;T;True;2
1621255058000;11548995;0.86157;0.86169;0.86163;5;T;True;2
1621255059000;11549002;0.86155;0.86167;0.86161;6;T;True;2
1621255060000;11549003;0.86155;0.86167;0.86161;0;T;True;2
1621255061000;11549004;0.86155;0.86167;0.86161;0;T;True;2
1621255062000;11549005;0.86155;0.86167;0.86161;0;T;True;2
1621255063000;11549008;0.86153;0.86165;0.86159;2;T;True;2
1621255064000;11549015;0.86156;0.86168;0.86162;6;T;True;2
1621255065000;11549016;0.86156;0.86168;0.86162;0;T;True;2
1621255066000;11549017;0.86156;0.86168;0.86162;0;T;True;2
1621255067000;11549018;0.86156;0.86168;0.86162;0;T;True;2
1621255068000;11549019;0.86156;0.86168;0.86162;0;T;True;2
1621255069000;11549020;0.86156;0.86168;0.86162;0;T;True;2
1621255070000;11549021;0.86156;0.86168;0.86162;0;T;True;2
1621255071000;11549022;0.86156;0.86168;0.86162;0;T;True;2
1621255072000;11549023;0.86156;0.86168;0.86162;0;T;True;2
1621255073000;11549025;0.86155;0.86167;0.86161;1;T;True;2
1621255074000;11549030;0.86155;0.86167;0.86161;4;T;True;2
1621255075000;11549032;0.86154;0.86166;0.8616;1;T;True;2
1621255076000;11549042;0.86159;0.86171;0.86165;9;T;True;2
1621255077000;11549048;0.86162;0.86174;0.86168;5;T;True;2
1621255078000;11549051;0.86161;0.86173;0.86167;2;T;True;2
1621255079000;11549052;0.86161;0.86173;0.86167;0;T;True;2
1621255080000;11549054;0.86163;0.86175;0.86169;1;T;True;2
1621255081000;11549058;0.86162;0.86174;0.86168;3;T;True;2
1621255082000;11549059;0.86162;0.86174;0.86168;0;T;True;2
1621255083000;11549063;0.86163;0.86175;0.86169;3;T;True;2
1621255084000;11549064;0.86163;0.86175;0.86169;0;T;True;2
1621255085000;11549066;0.86163;0.86175;0.86169;1;T;True;2
1621255086000;11549070;0.86162;0.86174;0.86168;3;T;True;2
1621255087000;11549071;0.86162;0.86174;0.86168;0;T;True;2
1621255088000;11549073;0.86162;0.86174;0.86168;1;T;True;2
1621255089000;11549078;0.86165;0.86177;0.86171;4;T;True;2
1621255090000;11549081;0.86166;0.86178;0.86172;2;T;True;2
1621255091000;11549086;0.8617;0.86182;0.86176;4;T;True;2
1621255092000;11549089;0.8617;0.86182;0.86176;2;T;True;2
1621255093000;11549091;0.86171;0.86183;0.86177;1;T;True;2
1621255094000;11549092;0.86171;0.86183;0.86177;0;T;True;2
1621255095000;11549093;0.86171;0.86183;0.86177;0;T;True;2
1621255096000;11549096;0.86171;0.86183;0.86177;2;T;True;2
1621255097000;11549097;0.86171;0.86183;0.86177;0;T;True;2
1621255098000;11549098;0.86171;0.86183;0.86177;0;T;True;2
1621255099000;11549100;0.86171;0.86183;0.86177;1;T;True;2
1621255100000;11549104;0.86172;0.86184;0.86178;3;T;True;2
1621255101000;11549107;0.86172;0.86184;0.86178;2;T;True;2
1621255102000;11549110;0.86173;0.86185;0.86179;2;T;True;2
1621255103000;11549114;0.86173;0.86185;0.86179;3;T;True;2
1621255104000;11549119;0.86171;0.86183;0.86177;4;T;True;2
1621255105000;11549120;0.86171;0.86183;0.86177;0;T;True;2
1621255106000;11549123;0.86173;0.86185;0.86179;2;T;True;2
1621255107000;11549125;0.86173;0.86185;0.86179;1;T;True;2
1621255108000;11549126;0.86173;0.86185;0.86179;0;T;True;2
1621255109000;11549128;0.86172;0.86184;0.86178;1;T;True;2
1621255110000;11549130;0.86173;0.86185;0.86179;1;T;True;2
1621255111000;11549131;0.86173;0.86185;0.86179;0;T;True;2
1621255112000;11549134;0.86171;0.86183;0.86177;2;T;True;2
1621255113000;11549136;0.86172;0.86184;0.86178;1;T;True;2
1621255114000;11549140;0.86173;0.86185;0.86179;3;T;True;2
1621255115000;11549145;0.86173;0.86185;0.86179;4;T;True;2
1621255116000;11549146;0.86173;0.86185;0.86179;0;T;True;2
1621255117000;11549147;0.86173;0.86185;0.86179;0;T;True;2
1621255118000;11549150;0.86172;0.86184;0.86178;2;T;True;2
1621255119000;11549153;0.86171;0.86183;0.86177;2;T;True;2
1621255120000;11549158;0.86173;0.86185;0.86179;4;T;True;2
1621255121000;11549161;0.86173;0.86185;0.86179;2;T;True;2
1621255122000;11549162;0.86173;0.86185;0.86179;0;T;True;2
1621255123000;11549164;0.86173;0.86185;0.86179;1;T;True;2
1621255124000;11549166;0.86173;0.86185;0.86179;1;T;True;2
1621255125000;11549167;0.86173;0.86185;0.86179;0;T;True;2
1621255126000;11549171;0.86176;0.86188;0.86182;3;T;True;2
1621255127000;11549172;0.86176;0.86188;0.86182;0;T;True;2
1621255128000;11549173;0.86176;0.86188;0.86182;0;T;True;2
1621255129000;11549174;0.86176;0.86188;0.86182;0;T;True;2
1621255130000;11549175;0.86176;0.86188;0.86182;0;T;True;2
1621255131000;11549176;0.86176;0.86188;0.86182;0;T;True;2
1621255132000;11549178;0.86175;0.86187;0.86181;1;T;True;2
1621255133000;11549179;0.86175;0.86187;0.86181;0;T;True;2
1621255134000;11549180;0.86175;0.86187;0.86181;0;T;True;2
1621255135000;11549181;0.86175;0.86187;0.86181;0;T;True;2
1621255136000;11549182;0.86175;0.86187;0.86181;0;T;True;2
1621255137000;11549183;0.86175;0.86187;0.86181;0;T;True;2
1621255138000;11549184;0.86175;0.86187;0.86181;0;T;True;2
1621255139000;11549185;0.86175;0.86187;0.86181;0;T;True;2
1621255140000;11549187;0.86176;0.86188;0.86182;1;T;True;2
1621255141000;11549188;0.86176;0.86188;0.86182;0;T;True;2
1621255142000;11549189;0.86176;0.86188;0.86182;0;T;True;2
1621255143000;11549191;0.86177;0.86189;0.86183;1;T;True;2
1621255144000;11549192;0.86177;0.86189;0.86183;0;T;True;2
1621255145000;11549197;0.86175;0.86187;0.86181;4;T;True;2
1621255146000;11549198;0.86175;0.86187;0.86181;0;T;True;2
1621255147000;11549202;0.86174;0.86186;0.8618;3;T;True;2
1621255148000;11549203;0.86174;0.86186;0.8618;0;T;True;2
1621255149000;11549205;0.86175;0.86187;0.86181;1;T;True;2
1621255150000;11549206;0.86175;0.86187;0.86181;0;T;True;2
1621255151000;11549207;0.86175;0.86187;0.86181;0;T;True;2
1621255152000;11549210;0.86175;0.86187;0.86181;2;T;True;2
1621255153000;11549212;0.86174;0.86186;0.8618;1;T;True;2
1621255154000;11549214;0.86175;0.86187;0.86181;1;T;True;2
1621255155000;11549215;0.86175;0.86187;0.86181;0;T;True;2
1621255156000;11549217;0.86176;0.86188;0.86182;1;T;True;2
1621255157000;11549218;0.86176;0.86188;0.86182;0;T;True;2
1621255158000;11549219;0.86176;0.86188;0.86182;0;T;True;2
1621255159000;11549220;0.86176;0.86188;0.86182;0;T;True;2
1621255160000;11549221;0.86176;0.86188;0.86182;0;T;True;2
1621255161000;11549222;0.86176;0.86188;0.86182;0;T;True;2
1621255162000;11549223;0.86176;0.86188;0.86182;0;T;True;2
1621255163000;11549224;0.86176;0.86188;0.86182;0;T;True;2
1621255164000;11549225;0.86176;0.86188;0.86182;0;T;True;2
1621255165000;11549228;0.86174;0.86186;0.8618;2;T;True;2
1621255166000;11549231;0.86174;0.86186;0.8618;2;T;True;2
1621255167000;11549233;0.86173;0.86185;0.86179;1;T;True;2
1621255168000;11549234;0.86173;0.86185;0.86179;0;T;True;2
1621255169000;11549237;0.86171;0.86183;0.86177;2;T;True;2
1621255170000;11549238;0.86171;0.86183;0.86177;0;T;True;2
1621255171000;11549239;0.86171;0.86183;0.86177;0;T;True;2
1621255172000;11549240;0.86171;0.86183;0.86177;0;T;True;2
1621255173000;11549241;0.86171;0.86183;0.86177;0;T;True;2
1621255174000;11549242;0.86171;0.86183;0.86177;0;T;True;2
1621255175000;11549243;0.86171;0.86183;0.86177;0;T;True;2
1621255176000;11549244;0.86171;0.86183;0.86177;0;T;True;2
1621255177000;11549245;0.86171;0.86183;0.86177;0;T;True;2
1621255178000;11549246;0.86171;0.86183;0.86177;0;T;True;2
1621255179000;11549249;0.86172;0.86184;0.86178;2;T;True;2
1621255180000;11549251;0.86173;0.86185;0.86179;1;T;True;2
1621255181000;11549252;0.86173;0.86185;0.86179;0;T;True;2
1621255182000;11549253;0.86173;0.86185;0.86179;0;T;True;2
1621255183000;11549254;0.86173;0.86185;0.86179;0;T;True;2
1621255184000;11549255;0.86173;0.86185;0.86179;0;T;True;2
1621255185000;11549256;0.86173;0.86185;0.86179;0;T;True;2
1621255186000;11549258;0.86171;0.86183;0.86177;1;T;True;2
1621255187000;11549259;0.86171;0.86183;0.86177;0;T;True;2
1621255188000;11549260;0.86171;0.86183;0.86177;0;T;True;2
1621255189000;11549262;0.8617;0.86182;0.86176;1;T;True;2
1621255190000;11549265;0.86171;0.86183;0.86177;2;T;True;2
1621255191000;11549266;0.86171;0.86183;0.86177;0;T;True;2
1621255192000;11549267;0.86171;0.86183;0.86177;0;T;True;2
1621255193000;11549268;0.86171;0.86183;0.86177;0;T;True;2
1621255194000;11549269;0.86171;0.86183;0.86177;0;T;True;2
1621255195000;11549270;0.86171;0.86183;0.86177;0;T;True;2
1621255196000;11549271;0.86171;0.86183;0.86177;0;T;True;2
1621255197000;11549272;0.86171;0.86183;0.86177;0;T;True;2
1621255198000;11549273;0.86171;0.86183;0.86177;0;T;True;2
1621255199000;11549274;0.86171;0.86183;0.86177;0;T;True;2
1621255200000;11549276;0.86172;0.86184;0.86178;1;T;True;2
1621255201000;11549278;0.86171;0.86183;0.86177;1;T;True;2
1621255202000;11549280;0.86171;0.86183;0.86177;1;T;True;2
1621255203000;11549283;0.86172;0.86184;0.86178;2;T;True;2
1621255204000;11549284;0.86172;0.86184;0.86178;0;T;True;2
1621255205000;11549285;0.86172;0.86184;0.86178;0;T;True;2
1621255206000;11549286;0.86172;0.86184;0.86178;0;T;True;2
1621255207000;11549287;0.86172;0.86184;0.86178;0;T;True;2
1621255208000;11549288;0.86172;0.86184;0.86178;0;T;True;2
1621255209000;11549289;0.86172;0.86184;0.86178;0;T;True;2
1621255210000;11549290;0.86172;0.86184;0.86178;0;T;True;2
1621255211000;11549291;0.86172;0.86184;0.86178;0;T;True;2
1621255212000;11549292;0.86172;0.86184;0.86178;0;T;True;2
1621255213000;11549294;0.86171;0.86183;0.86177;1;T;True;2
1621255214000;11549295;0.86171;0.86183;0.86177;0;T;True;2
1621255215000;11549298;0.86173;0.86185;0.86179;2;T;True;2
1621255216000;11549301;0.86173;0.86185;0.86179;2;T;True;2
1621255217000;11549306;0.86171;0.86183;0.86177;4;T;True;2
1621255218000;11549309;0.86168;0.8618;0.86174;2;T;True;2
1621255219000;11549310;0.86168;0.8618;0.86174;0;T;True;2
1621255220000;11549311;0.86168;0.8618;0.86174;0;T;True;2
1621255221000;11549312;0.86168;0.8618;0.86174;0;T;True;2
1621255222000;11549314;0.86168;0.8618;0.86174;1;T;True;2
1621255223000;11549316;0.86169;0.86181;0.86175;1;T;True;2
1621255224000;11549317;0.86169;0.86181;0.86175;0;T;True;2
1621255225000;11549320;0.86167;0.86179;0.86173;2;T;True;2
1621255226000;11549321;0.86167;0.86179;0.86173;0;T;True;2
1621255227000;11549323;0.86167;0.86179;0.86173;1;T;True;2
1621255228000;11549324;0.86167;0.86179;0.86173;0;T;True;2
1621255229000;11549325;0.86167;0.86179;0.86173;0;T;True;2
1621255230000;11549329;0.86166;0.86178;0.86172;3;T;True;2
1621255231000;11549335;0.86164;0.86176;0.8617;5;T;True;2
1621255232000;11549339;0.86161;0.86173;0.86167;3;T;True;2
1621255233000;11549341;0.86161;0.86173;0.86167;1;T;True;2
1621255234000;11549344;0.86161;0.86173;0.86167;2;T;True;2
1621255235000;11549345;0.86161;0.86173;0.86167;0;T;True;2
1621255236000;11549346;0.86161;0.86173;0.86167;0;T;True;2
1621255237000;11549347;0.86161;0.86173;0.86167;0;T;True;2
1621255238000;11549348;0.86161;0.86173;0.86167;0;T;True;2
1621255239000;11549351;0.86161;0.86173;0.86167;2;T;True;2
1621255240000;11549352;0.86161;0.86173;0.86167;0;T;True;2
1621255241000;11549353;0.86161;0.86173;0.86167;0;T;True;2
1621255242000;11549354;0.86161;0.86173;0.86167;0;T;True;2
1621255243000;11549355;0.86161;0.86173;0.86167;0;T;True;2
1621255244000;11549360;0.86157;0.86169;0.86163;4;T;True;2
1621255245000;11549363;0.86157;0.86169;0.86163;2;T;True;2
1621255246000;11549365;0.86155;0.86167;0.86161;1;T;True;2
1621255247000;11549367;0.86154;0.86166;0.8616;1;T;True;2
1621255248000;11549368;0.86154;0.86166;0.8616;0;T;True;2
1621255249000;11549372;0.86153;0.86165;0.86159;3;T;True;2
1621255250000;11549374;0.86153;0.86165;0.86159;1;T;True;2
1621255251000;11549380;0.86151;0.86163;0.86157;5;T;True;2
1621255252000;11549381;0.86151;0.86163;0.86157;0;T;True;2
1621255253000;11549382;0.86151;0.86163;0.86157;0;T;True;2
1621255254000;11549383;0.86151;0.86163;0.86157;0;T;True;2
1621255255000;11549386;0.86151;0.86163;0.86157;2;T;True;2
1621255256000;11549387;0.86151;0.86163;0.86157;0;T;True;2
1621255257000;11549388;0.86151;0.86163;0.86157;0;T;True;2
1621255258000;11549389;0.86151;0.86163;0.86157;0;T;True;2
1621255259000;11549390;0.86151;0.86163;0.86157;0;T;True;2
1621255260000;11549391;0.86151;0.86163;0.86157;0;T;True;2
1621255261000;11549392;0.86151;0.86163;0.86157;0;T;True;2
1621255262000;11549393;0.86151;0.86163;0.86157;0;T;True;2
1621255263000;11549394;0.86151;0.86163;0.86157;0;T;True;2
1621255264000;11549395;0.86151;0.86163;0.86157;0;T;True;2
1621255265000;11549396;0.86151;0.86163;0.86157;0;T;True;2
1621255266000;11549397;0.86151;0.86163;0.86157;0;T;True;2
1621255267000;11549399;0.86152;0.86164;0.86158;1;T;True;2
1621255268000;11549402;0.86153;0.86165;0.86159;2;T;True;2
1621255269000;11549404;0.86153;0.86165;0.86159;1;T;True;2
1621255270000;11549405;0.86153;0.86165;0.86159;0;T;True;2
1621255271000;11549406;0.86153;0.86165;0.86159;0;T;True;2
1621255272000;11549409;0.86153;0.86165;0.86159;2;T;True;2
1621255273000;11549412;0.86153;0.86165;0.86159;2;T;True;2
1621255274000;11549413;0.86153;0.86165;0.86159;0;T;True;2
1621255275000;11549415;0.86154;0.86166;0.8616;1;T;True;2
1621255276000;11549419;0.86153;0.86165;0.86159;3;T;True;2
1621255277000;11549424;0.86156;0.86168;0.86162;4;T;True;2
1621255278000;11549429;0.86155;0.86167;0.86161;4;T;True;2
1621255279000;11549430;0.86155;0.86167;0.86161;0;T;True;2
1621255280000;11549431;0.86155;0.86167;0.86161;0;T;True;2
1621255281000;11549432;0.86155;0.86167;0.86161;0;T;True;2
1621255282000;11549433;0.86155;0.86167;0.86161;0;T;True;2
1621255283000;11549435;0.86156;0.86168;0.86162;1;T;True;2
1621255284000;11549437;0.86155;0.86167;0.86161;1;T;True;2
1621255285000;11549440;0.86155;0.86167;0.86161;2;T;True;2
1621255286000;11549442;0.86155;0.86167;0.86161;1;T;True;2
1621255287000;11549444;0.86156;0.86168;0.86162;1;T;True;2
1621255288000;11549445;0.86156;0.86168;0.86162;0;T;True;2
1621255289000;11549446;0.86156;0.86168;0.86162;0;T;True;2
1621255290000;11549447;0.86156;0.86168;0.86162;0;T;True;2
1621255291000;11549448;0.86156;0.86168;0.86162;0;T;True;2
1621255292000;11549449;0.86156;0.86168;0.86162;0;T;True;2
1621255293000;11549450;0.86156;0.86168;0.86162;0;T;True;2
1621255294000;11549451;0.86156;0.86168;0.86162;0;T;True;2
1621255295000;11549452;0.86156;0.86168;0.86162;0;T;True;2
1621255296000;11549453;0.86156;0.86168;0.86162;0;T;True;2
1621255297000;11549454;0.86156;0.86168;0.86162;0;T;True;2
1621255298000;11549455;0.86156;0.86168;0.86162;0;T;True;2
1621255299000;11549456;0.86156;0.86168;0.86162;0;T;True;2
1621255300000;11549458;0.86155;0.86167;0.86161;1;T;True;2
1621255301000;11549459;0.86155;0.86167;0.86161;0;T;True;2
1621255302000;11549460;0.86155;0.86167;0.86161;0;T;True;2
1621255303000;11549461;0.86155;0.86167;0.86161;0;T;True;2
1621255304000;11549462;0.86155;0.86167;0.86161;0;T;True;2
1621255305000;11549467;0.86151;0.86163;0.86157;4;T;True;2
1621255306000;11549470;0.86149;0.86161;0.86155;2;T;True;2
1621255307000;11549471;0.86149;0.86161;0.86155;0;T;True;2
1621255308000;11549472;0.86149;0.86161;0.86155;0;T;True;2
1621255309000;11549473;0.86149;0.86161;0.86155;0;T;True;2
1621255310000;11549474;0.86149;0.86161;0.86155;0;T;True;2
1621255311000;11549475;0.86149;0.86161;0.86155;0;T;True;2
1621255312000;11549476;0.86149;0.86161;0.86155;0;T;True;2
1621255313000;11549477;0.86149;0.86161;0.86155;0;T;True;2
1621255314000;11549478;0.86149;0.86161;0.86155;0;T;True;2
1621255315000;11549479;0.86149;0.86161;0.86155;0;T;True;2
1621255316000;11549480;0.86149;0.86161;0.86155;0;T;True;2
1621255317000;11549481;0.86149;0.86161;0.86155;0;T;True;2
1621255318000;11549484;0.86147;0.86159;0.86153;2;T;True;2
1621255319000;11549489;0.86149;0.86161;0.86155;4;T;True;2
1621255320000;11549490;0.86149;0.86161;0.86155;0;T;True;2
1621255321000;11549495;0.86149;0.86161;0.86155;4;T;True;2
1621255322000;11549496;0.86149;0.86161;0.86155;0;T;True;2
1621255323000;11549497;0.86149;0.86161;0.86155;0;T;True;2
1621255324000;11549498;0.86149;0.86161;0.86155;0;T;True;2
1621255325000;11549499;0.86149;0.86161;0.86155;0;T;True;2
1621255326000;11549500;0.86149;0.86161;0.86155;0;T;True;2
1621255327000;11549501;0.86149;0.86161;0.86155;0;T;True;2
1621255328000;11549502;0.86149;0.86161;0.86155;0;T;True;2
1621255329000;11549503;0.86149;0.86161;0.86155;0;T;True;2
1621255330000;11549504;0.86149;0.86161;0.86155;0;T;True;2
1621255331000;11549505;0.86149;0.86161;0.86155;0;T;True;2
1621255332000;11549506;0.86149;0.86161;0.86155;0;T;True;2
1621255333000;11549507;0.86149;0.86161;0.86155;0;T;True;2
1621255334000;11549508;0.86149;0.86161;0.86155;0;T;True;2
1621255335000;11549509;0.86149;0.86161;0.86155;0;T;True;2
1621255336000;11549510;0.86149;0.86161;0.86155;0;T;True;2
1621255337000;11549512;0.86147;0.86159;0.86153;1;T;True;2
1621255338000;11549513;0.86147;0.86159;0.86153;0;T;True;2
1621255339000;11549518;0.8615;0.86162;0.86156;4;T;True;2
1621255340000;11549520;0.8615;0.86162;0.86156;1;T;True;2
1621255341000;11549521;0.8615;0.86162;0.86156;0;T;True;2
1621255342000;11549524;0.86149;0.86161;0.86155;2;T;True;2
1621255343000;11549525;0.86149;0.86161;0.86155;0;T;True;2
1621255344000;11549526;0.86149;0.86161;0.86155;0;T;True;2
1621255345000;11549527;0.86149;0.86161;0.86155;0;T;True;2
1621255346000;11549528;0.86149;0.86161;0.86155;0;T;True;2
1621255347000;11549529;0.86149;0.86161;0.86155;0;T;True;2
1621255348000;11549530;0.86149;0.86161;0.86155;0;T;True;2
1621255349000;11549531;0.86149;0.86161;0.86155;0;T;True;2
1621255350000;11549532;0.86149;0.86161;0.86155;0;T;True;2
1621255351000;11549533;0.86149;0.86161;0.86155;0;T;True;2
1621255352000;11549534;0.86149;0.86161;0.86155;0;T;True;2
1621255353000;11549536;0.8615;0.86162;0.86156;1;T;True;2
1621255354000;11549537;0.8615;0.86162;0.86156;0;T;True;2
1621255355000;11549538;0.8615;0.86162;0.86156;0;T;True;2
1621255356000;11549539;0.8615;0.86162;0.86156;0;T;True;2
1621255357000;11549540;0.8615;0.86162;0.86156;0;T;True;2
1621255358000;11549541;0.8615;0.86162;0.86156;0;T;True;2
1621255359000;11549542;0.8615;0.86162;0.86156;0;T;True;2
1621255360000;11549543;0.8615;0.86162;0.86156;0;T;True;2
1621255361000;11549544;0.8615;0.86162;0.86156;0;T;True;2
1621255362000;11549548;0.86147;0.86159;0.86153;3;T;True;2
1621255363000;11549550;0.86147;0.86159;0.86153;1;T;True;2
1621255364000;11549554;0.86147;0.86159;0.86153;3;T;True;2
1621255365000;11549556;0.86147;0.86159;0.86153;1;T;True;2
1621255366000;11549561;0.86147;0.86159;0.86153;4;T;True;2
1621255367000;11549562;0.86147;0.86159;0.86153;0;T;True;2
1621255368000;11549563;0.86147;0.86159;0.86153;0;T;True;2
1621255369000;11549565;0.86147;0.86159;0.86153;1;T;True;2
1621255370000;11549567;0.86148;0.8616;0.86154;1;T;True;2
1621255371000;11549568;0.86148;0.8616;0.86154;0;T;True;2
1621255372000;11549569;0.86148;0.8616;0.86154;0;T;True;2
1621255373000;11549570;0.86148;0.8616;0.86154;0;T;True;2
1621255374000;11549571;0.86148;0.8616;0.86154;0;T;True;2
1621255375000;11549572;0.86148;0.8616;0.86154;0;T;True;2
1621255376000;11549575;0.86147;0.86159;0.86153;2;T;True;2
1621255377000;11549576;0.86147;0.86159;0.86153;0;T;True;2
1621255378000;11549577;0.86147;0.86159;0.86153;0;T;True;2
1621255379000;11549578;0.86147;0.86159;0.86153;0;T;True;2
1621255380000;11549579;0.86147;0.86159;0.86153;0;T;True;2
1621255381000;11549583;0.86149;0.86161;0.86155;3;T;True;2
1621255382000;11549584;0.86149;0.86161;0.86155;0;T;True;2
1621255383000;11549585;0.86149;0.86161;0.86155;0;T;True;2
1621255384000;11549587;0.8615;0.86162;0.86156;1;T;True;2
1621255385000;11549588;0.8615;0.86162;0.86156;0;T;True;2
1621255386000;11549589;0.8615;0.86162;0.86156;0;T;True;2
1621255387000;11549590;0.8615;0.86162;0.86156;0;T;True;2
1621255388000;11549591;0.8615;0.86162;0.86156;0;T;True;2
1621255389000;11549592;0.8615;0.86162;0.86156;0;T;True;2
1621255390000;11549593;0.8615;0.86162;0.86156;0;T;True;2
1621255391000;11549594;0.8615;0.86162;0.86156;0;T;True;2
1621255392000;11549596;0.86149;0.86161;0.86155;1;T;True;2
1621255393000;11549597;0.86149;0.86161;0.86155;0;T;True;2
1621255394000;11549598;0.86149;0.86161;0.86155;0;T;True;2
1621255395000;11549599;0.86149;0.86161;0.86155;0;T;True;2
1621255396000;11549600;0.86149;0.86161;0.86155;0;T;True;2
1621255397000;11549601;0.86149;0.86161;0.86155;0;T;True;2
1621255398000;11549602;0.86149;0.86161;0.86155;0;T;True;2
1621255399000;11549603;0.86149;0.86161;0.86155;0;T;True;2
1621255400000;11549604;0.86149;0.86161;0.86155;0;T;True;2
1621255401000;11549605;0.86149;0.86161;0.86155;0;T;True;2
1621255402000;11549606;0.86149;0.86161;0.86155;0;T;True;2
1621255403000;11549607;0.86149;0.86161;0.86155;0;T;True;2
1621255404000;11549608;0.86149;0.86161;0.86155;0;T;True;2
1621255405000;11549611;0.86148;0.8616;0.86154;2;T;True;2
1621255406000;11549616;0.86147;0.86159;0.86153;4;T;True;2
1621255407000;11549618;0.86147;0.86159;0.86153;1;T;True;2
1621255408000;11549619;0.86147;0.86159;0.86153;0;T;True;2
1621255409000;11549621;0.86147;0.86159;0.86153;1;T;True;2
1621255410000;11549626;0.86146;0.86158;0.86152;4;T;True;2
1621255411000;11549629;0.86148;0.8616;0.86154;2;T;True;2
1621255412000;11549631;0.86149;0.86161;0.86155;1;T;True;2
1621255413000;11549632;0.86149;0.86161;0.86155;0;T;True;2
1621255414000;11549633;0.86149;0.86161;0.86155;0;T;True;2
1621255415000;11549634;0.86149;0.86161;0.86155;0;T;True;2
1621255416000;11549635;0.86149;0.86161;0.86155;0;T;True;2
1621255417000;11549639;0.86148;0.8616;0.86154;3;T;True;2
1621255418000;11549641;0.86149;0.86161;0.86155;1;T;True;2
1621255419000;11549647;0.8615;0.86162;0.86156;5;T;True;2
1621255420000;11549651;0.8615;0.86162;0.86156;3;T;True;2
1621255421000;11549654;0.86151;0.86163;0.86157;2;T;True;2
1621255422000;11549656;0.86151;0.86163;0.86157;1;T;True;2
1621255423000;11549657;0.86151;0.86163;0.86157;0;T;True;2
1621255424000;11549662;0.86151;0.86163;0.86157;4;T;True;2
1621255425000;11549664;0.86151;0.86163;0.86157;1;T;True;2
1621255426000;11549666;0.86152;0.86164;0.86158;1;T;True;2
1621255427000;11549667;0.86152;0.86164;0.86158;0;T;True;2
1621255428000;11549669;0.86153;0.86165;0.86159;1;T;True;2
1621255429000;11549674;0.86151;0.86163;0.86157;4;T;True;2
1621255430000;11549677;0.86151;0.86163;0.86157;2;T;True;2
1621255431000;11549678;0.86151;0.86163;0.86157;0;T;True;2
1621255432000;11549679;0.86151;0.86163;0.86157;0;T;True;2
1621255433000;11549682;0.86151;0.86163;0.86157;2;T;True;2
1621255434000;11549683;0.86151;0.86163;0.86157;0;T;True;2
1621255435000;11549684;0.86151;0.86163;0.86157;0;T;True;2
1621255436000;11549687;0.86148;0.8616;0.86154;2;T;True;2
1621255437000;11549689;0.86148;0.8616;0.86154;1;T;True;2
1621255438000;11549690;0.86148;0.8616;0.86154;0;T;True;2
1621255439000;11549692;0.86148;0.8616;0.86154;1;T;True;2
1621255440000;11549698;0.86149;0.86161;0.86155;5;T;True;2
1621255441000;11549699;0.86149;0.86161;0.86155;0;T;True;2
1621255442000;11549702;0.86151;0.86163;0.86157;2;T;True;2
1621255443000;11549709;0.8615;0.86162;0.86156;6;T;True;2
1621255444000;11549713;0.86149;0.86161;0.86155;3;T;True;2
1621255445000;11549721;0.86149;0.86161;0.86155;7;T;True;2
1621255446000;11549722;0.86149;0.86161;0.86155;0;T;True;2
1621255447000;11549734;0.86145;0.86157;0.86151;11;T;True;2
1621255448000;11549735;0.86145;0.86157;0.86151;0;T;True;2
1621255449000;11549741;0.86145;0.86157;0.86151;5;T;True;2
1621255450000;11549743;0.86145;0.86157;0.86151;1;T;True;2
1621255451000;11549744;0.86145;0.86157;0.86151;0;T;True;2
1621255452000;11549747;0.86145;0.86157;0.86151;2;T;True;2
1621255453000;11549750;0.86145;0.86157;0.86151;2;T;True;2
1621255454000;11549751;0.86145;0.86157;0.86151;0;T;True;2
1621255455000;11549757;0.86144;0.86156;0.8615;5;T;True;2
1621255456000;11549758;0.86144;0.86156;0.8615;0;T;True;2
1621255457000;11549760;0.86144;0.86156;0.8615;1;T;True;2
1621255458000;11549761;0.86144;0.86156;0.8615;0;T;True;2
1621255459000;11549762;0.86144;0.86156;0.8615;0;T;True;2
1621255460000;11549763;0.86144;0.86156;0.8615;0;T;True;2
1621255461000;11549766;0.86144;0.86156;0.8615;2;T;True;2
1621255462000;11549770;0.86143;0.86155;0.86149;3;T;True;2
1621255463000;11549772;0.86144;0.86156;0.8615;1;T;True;2
1621255464000;11549773;0.86144;0.86156;0.8615;0;T;True;2
1621255465000;11549775;0.86145;0.86157;0.86151;1;T;True;2
1621255466000;11549776;0.86145;0.86157;0.86151;0;T;True;2
1621255467000;11549781;0.86141;0.86153;0.86147;4;T;True;2
1621255468000;11549782;0.86141;0.86153;0.86147;0;T;True;2
1621255469000;11549783;0.86141;0.86153;0.86147;0;T;True;2
1621255470000;11549784;0.86141;0.86153;0.86147;0;T;True;2
1621255471000;11549785;0.86141;0.86153;0.86147;0;T;True;2
1621255472000;11549787;0.8614;0.86152;0.86146;1;T;True;2
1621255473000;11549790;0.86138;0.8615;0.86144;2;T;True;2
1621255474000;11549792;0.86139;0.86151;0.86145;1;T;True;2
1621255475000;11549793;0.86139;0.86151;0.86145;0;T;True;2
1621255476000;11549794;0.86139;0.86151;0.86145;0;T;True;2
1621255477000;11549797;0.86141;0.86153;0.86147;2;T;True;2
1621255478000;11549800;0.86141;0.86153;0.86147;2;T;True;2
1621255479000;11549807;0.86144;0.86156;0.8615;6;T;True;2
1621255480000;11549808;0.86144;0.86156;0.8615;0;T;True;2
1621255481000;11549809;0.86144;0.86156;0.8615;0;T;True;2
1621255482000;11549810;0.86144;0.86156;0.8615;0;T;True;2
1621255483000;11549811;0.86144;0.86156;0.8615;0;T;True;2
1621255484000;11549815;0.86145;0.86157;0.86151;3;T;True;2
1621255485000;11549816;0.86145;0.86157;0.86151;0;T;True;2
1621255486000;11549819;0.86143;0.86155;0.86149;2;T;True;2
1621255487000;11549820;0.86143;0.86155;0.86149;0;T;True;2
1621255488000;11549821;0.86143;0.86155;0.86149;0;T;True;2
1621255489000;11549822;0.86143;0.86155;0.86149;0;T;True;2
1621255490000;11549823;0.86143;0.86155;0.86149;0;T;True;2
1621255491000;11549824;0.86143;0.86155;0.86149;0;T;True;2
1621255492000;11549828;0.86147;0.86159;0.86153;3;T;True;2
1621255493000;11549829;0.86147;0.86159;0.86153;0;T;True;2
1621255494000;11549830;0.86147;0.86159;0.86153;0;T;True;2
1621255495000;11549833;0.8615;0.86162;0.86156;2;T;True;2
1621255496000;11549835;0.86151;0.86163;0.86157;1;T;True;2
1621255497000;11549836;0.86151;0.86163;0.86157;0;T;True;2
1621255498000;11549838;0.86151;0.86163;0.86157;1;T;True;2
1621255499000;11549839;0.86151;0.86163;0.86157;0;T;True;2
1621255500000;11549840;0.86151;0.86163;0.86157;0;T;True;2
1621255501000;11549844;0.86157;0.86169;0.86163;3;T;True;2
1621255502000;11549845;0.86157;0.86169;0.86163;0;T;True;2
1621255503000;11549846;0.86157;0.86169;0.86163;0;T;True;2
1621255504000;11549847;0.86157;0.86169;0.86163;0;T;True;2
1621255505000;11549851;0.86154;0.86166;0.8616;3;T;True;2
1621255506000;11549854;0.86154;0.86166;0.8616;2;T;True;2
1621255507000;11549855;0.86154;0.86166;0.8616;0;T;True;2
1621255508000;11549859;0.86155;0.86167;0.86161;3;T;True;2
1621255509000;11549863;0.86152;0.86164;0.86158;3;T;True;2
1621255510000;11549870;0.86157;0.86169;0.86163;6;T;True;2
1621255511000;11549873;0.86155;0.86167;0.86161;2;T;True;2
1621255512000;11549875;0.86157;0.86169;0.86163;1;T;True;2
1621255513000;11549878;0.86157;0.86169;0.86163;2;T;True;2
1621255514000;11549879;0.86157;0.86169;0.86163;0;T;True;2
1621255515000;11549880;0.86157;0.86169;0.86163;0;T;True;2
1621255516000;11549881;0.86157;0.86169;0.86163;0;T;True;2
1621255517000;11549882;0.86157;0.86169;0.86163;0;T;True;2
1621255518000;11549883;0.86157;0.86169;0.86163;0;T;True;2
1621255519000;11549884;0.86157;0.86169;0.86163;0;T;True;2
1621255520000;11549885;0.86157;0.86169;0.86163;0;T;True;2
1621255521000;11549886;0.86157;0.86169;0.86163;0;T;True;2
1621255522000;11549887;0.86157;0.86169;0.86163;0;T;True;2
1621255523000;11549888;0.86157;0.86169;0.86163;0;T;True;2
1621255524000;11549889;0.86157;0.86169;0.86163;0;T;True;2
1621255525000;11549890;0.86157;0.86169;0.86163;0;T;True;2
1621255526000;11549891;0.86157;0.86169;0.86163;0;T;True;2
1621255527000;11549892;0.86157;0.86169;0.86163;0;T;True;2
1621255528000;11549893;0.86157;0.86169;0.86163;0;T;True;2
1621255529000;11549894;0.86157;0.86169;0.86163;0;T;True;2
1621255530000;11549895;0.86157;0.86169;0.86163;0;T;True;2
1621255531000;11549896;0.86157;0.86169;0.86163;0;T;True;2
1621255532000;11549902;0.86152;0.86164;0.86158;5;T;True;2
1621255533000;11549907;0.86147;0.86159;0.86153;4;T;True;2
1621255534000;11549908;0.86147;0.86159;0.86153;0;T;True;2
1621255535000;11549909;0.86147;0.86159;0.86153;0;T;True;2
1621255536000;11549910;0.86147;0.86159;0.86153;0;T;True;2
1621255537000;11549912;0.86148;0.8616;0.86154;1;T;True;2
1621255538000;11549913;0.86148;0.8616;0.86154;0;T;True;2
1621255539000;11549915;0.86147;0.86159;0.86153;1;T;True;2
1621255540000;11549916;0.86147;0.86159;0.86153;0;T;True;2
1621255541000;11549917;0.86147;0.86159;0.86153;0;T;True;2
1621255542000;11549918;0.86147;0.86159;0.86153;0;T;True;2
1621255543000;11549919;0.86147;0.86159;0.86153;0;T;True;2
1621255544000;11549920;0.86147;0.86159;0.86153;0;T;True;2
1621255545000;11549921;0.86147;0.86159;0.86153;0;T;True;2
1621255546000;11549922;0.86147;0.86159;0.86153;0;T;True;2
1621255547000;11549923;0.86147;0.86159;0.86153;0;T;True;2
1621255548000;11549924;0.86147;0.86159;0.86153;0;T;True;2
1621255549000;11549925;0.86147;0.86159;0.86153;0;T;True;2
1621255550000;11549926;0.86147;0.86159;0.86153;0;T;True;2
1621255551000;11549927;0.86147;0.86159;0.86153;0;T;True;2
1621255552000;11549929;0.86149;0.86161;0.86155;1;T;True;2
1621255553000;11549930;0.86149;0.86161;0.86155;0;T;True;2
1621255554000;11549931;0.86149;0.86161;0.86155;0;T;True;2
1621255555000;11549932;0.86149;0.86161;0.86155;0;T;True;2
1621255556000;11549933;0.86149;0.86161;0.86155;0;T;True;2
1621255557000;11549935;0.86148;0.8616;0.86154;1;T;True;2
1621255558000;11549936;0.86148;0.8616;0.86154;0;T;True;2
1621255559000;11549938;0.86147;0.86159;0.86153;1;T;True;2
1621255560000;11549939;0.86147;0.86159;0.86153;0;T;True;2
1621255561000;11549943;0.86146;0.86158;0.86152;3;T;True;2
1621255562000;11549945;0.86147;0.86159;0.86153;1;T;True;2
1621255563000;11549949;0.86148;0.8616;0.86154;3;T;True;2
1621255564000;11549950;0.86148;0.8616;0.86154;0;T;True;2
1621255565000;11549952;0.86149;0.86161;0.86155;1;T;True;2
1621255566000;11549954;0.86151;0.86163;0.86157;1;T;True;2
1621255567000;11549955;0.86151;0.86163;0.86157;0;T;True;2
1621255568000;11549957;0.8615;0.86162;0.86156;1;T;True;2
1621255569000;11549958;0.8615;0.86162;0.86156;0;T;True;2
1621255570000;11549959;0.8615;0.86162;0.86156;0;T;True;2
1621255571000;11549960;0.8615;0.86162;0.86156;0;T;True;2
1621255572000;11549962;0.86151;0.86163;0.86157;1;T;True;2
1621255573000;11549963;0.86151;0.86163;0.86157;0;T;True;2
1621255574000;11549964;0.86151;0.86163;0.86157;0;T;True;2
1621255575000;11549965;0.86151;0.86163;0.86157;0;T;True;2
1621255576000;11549966;0.86151;0.86163;0.86157;0;T;True;2
1621255577000;11549969;0.86153;0.86165;0.86159;2;T;True;2
1621255578000;11549970;0.86153;0.86165;0.86159;0;T;True;2
1621255579000;11549971;0.86153;0.86165;0.86159;0;T;True;2
1621255580000;11549972;0.86153;0.86165;0.86159;0;T;True;2
1621255581000;11549973;0.86153;0.86165;0.86159;0;T;True;2
1621255582000;11549974;0.86153;0.86165;0.86159;0;T;True;2
1621255583000;11549976;0.86155;0.86167;0.86161;1;T;True;2
1621255584000;11549978;0.86156;0.86168;0.86162;1;T;True;2
1621255585000;11549979;0.86156;0.86168;0.86162;0;T;True;2
1621255586000;11549980;0.86156;0.86168;0.86162;0;T;True;2
1621255587000;11549981;0.86156;0.86168;0.86162;0;T;True;2
1621255588000;11549982;0.86156;0.86168;0.86162;0;T;True;2
1621255589000;11549983;0.86156;0.86168;0.86162;0;T;True;2
1621255590000;11549984;0.86156;0.86168;0.86162;0;T;True;2
1621255591000;11549987;0.86156;0.86168;0.86162;2;T;True;2
1621255592000;11549988;0.86156;0.86168;0.86162;0;T;True;2
1621255593000;11549989;0.86156;0.86168;0.86162;0;T;True;2
1621255594000;11549990;0.86156;0.86168;0.86162;0;T;True;2
1621255595000;11549992;0.86157;0.86169;0.86163;1;T;True;2
1621255596000;11549993;0.86157;0.86169;0.86163;0;T;True;2
1621255597000;11549994;0.86157;0.86169;0.86163;0;T;True;2
1621255598000;11549995;0.86157;0.86169;0.86163;0;T;True;2
1621255599000;11549996;0.86157;0.86169;0.86163;0;T;True;2
1621255600000;11549997;0.86157;0.86169;0.86163;0;T;True;2
1621255601000;11549998;0.86157;0.86169;0.86163;0;T;True;2
1621255602000;11549999;0.86157;0.86169;0.86163;0;T;True;2
1621255603000;11550000;0.86157;0.86169;0.86163;0;T;True;2
1621255604000;11550001;0.86157;0.86169;0.86163;0;T;True;2
1621255605000;11550002;0.86157;0.86169;0.86163;0;T;True;2
1621255606000;11550003;0.86157;0.86169;0.86163;0;T;True;2
1621255607000;11550005;0.86158;0.8617;0.86164;1;T;True;2
1621255608000;11550007;0.86159;0.86171;0.86165;1;T;True;2
1621255609000;11550011;0.86159;0.86171;0.86165;3;T;True;2
1621255610000;11550013;0.86158;0.8617;0.86164;1;T;True;2
1621255611000;11550016;0.86158;0.8617;0.86164;2;T;True;2
1621255612000;11550017;0.86158;0.8617;0.86164;0;T;True;2
1621255613000;11550019;0.86159;0.86171;0.86165;1;T;True;2
1621255614000;11550020;0.86159;0.86171;0.86165;0;T;True;2
1621255615000;11550021;0.86159;0.86171;0.86165;0;T;True;2
1621255616000;11550022;0.86159;0.86171;0.86165;0;T;True;2
1621255617000;11550024;0.86158;0.8617;0.86164;1;T;True;2
1621255618000;11550025;0.86158;0.8617;0.86164;0;T;True;2
1621255619000;11550028;0.86158;0.8617;0.86164;2;T;True;2
1621255620000;11550029;0.86158;0.8617;0.86164;0;T;True;2
1621255621000;11550030;0.86158;0.8617;0.86164;0;T;True;2
1621255622000;11550032;0.86159;0.86171;0.86165;1;T;True;2
1621255623000;11550035;0.86159;0.86171;0.86165;2;T;True;2
1621255624000;11550037;0.86158;0.8617;0.86164;1;T;True;2
1621255625000;11550040;0.86158;0.8617;0.86164;2;T;True;2
1621255626000;11550041;0.86158;0.8617;0.86164;0;T;True;2
1621255627000;11550042;0.86158;0.8617;0.86164;0;T;True;2
1621255628000;11550046;0.86157;0.86169;0.86163;3;T;True;2
1621255629000;11550048;0.86158;0.8617;0.86164;1;T;True;2
1621255630000;11550051;0.86158;0.8617;0.86164;2;T;True;2
1621255631000;11550053;0.86159;0.86171;0.86165;1;T;True;2
1621255632000;11550055;0.86158;0.8617;0.86164;1;T;True;2
1621255633000;11550056;0.86158;0.8617;0.86164;0;T;True;2
1621255634000;11550057;0.86158;0.8617;0.86164;0;T;True;2
1621255635000;11550058;0.86158;0.8617;0.86164;0;T;True;2
1621255636000;11550060;0.86157;0.86169;0.86163;1;T;True;2
1621255637000;11550063;0.86155;0.86167;0.86161;2;T;True;2
1621255638000;11550066;0.86153;0.86165;0.86159;2;T;True;2
1621255639000;11550070;0.86153;0.86165;0.86159;3;T;True;2
1621255640000;11550071;0.86153;0.86165;0.86159;0;T;True;2
1621255641000;11550072;0.86153;0.86165;0.86159;0;T;True;2
1621255642000;11550075;0.86157;0.86169;0.86163;2;T;True;2
1621255643000;11550076;0.86157;0.86169;0.86163;0;T;True;2
1621255644000;11550077;0.86157;0.86169;0.86163;0;T;True;2
1621255645000;11550078;0.86157;0.86169;0.86163;0;T;True;2
1621255646000;11550082;0.86159;0.86171;0.86165;3;T;True;2
1621255647000;11550083;0.86159;0.86171;0.86165;0;T;True;2
1621255648000;11550086;0.86161;0.86173;0.86167;2;T;True;2
1621255649000;11550087;0.86161;0.86173;0.86167;0;T;True;2
1621255650000;11550088;0.86161;0.86173;0.86167;0;T;True;2
1621255651000;11550092;0.86165;0.86177;0.86171;3;T;True;2
1621255652000;11550093;0.86165;0.86177;0.86171;0;T;True;2
1621255653000;11550094;0.86165;0.86177;0.86171;0;T;True;2
1621255654000;11550095;0.86165;0.86177;0.86171;0;T;True;2
1621255655000;11550096;0.86165;0.86177;0.86171;0;T;True;2
1621255656000;11550097;0.86165;0.86177;0.86171;0;T;True;2
1621255657000;11550098;0.86165;0.86177;0.86171;0;T;True;2
1621255658000;11550100;0.86163;0.86175;0.86169;1;T;True;2
1621255659000;11550101;0.86163;0.86175;0.86169;0;T;True;2
1621255660000;11550102;0.86163;0.86175;0.86169;0;T;True;2
1621255661000;11550103;0.86163;0.86175;0.86169;0;T;True;2
1621255662000;11550104;0.86163;0.86175;0.86169;0;T;True;2
1621255663000;11550105;0.86163;0.86175;0.86169;0;T;True;2
1621255664000;11550106;0.86163;0.86175;0.86169;0;T;True;2
1621255665000;11550108;0.86161;0.86173;0.86167;1;T;True;2
1621255666000;11550111;0.86161;0.86173;0.86167;2;T;True;2
1621255667000;11550112;0.86161;0.86173;0.86167;0;T;True;2
1621255668000;11550116;0.86163;0.86175;0.86169;3;T;True;2
1621255669000;11550118;0.86163;0.86175;0.86169;1;T;True;2
1621255670000;11550125;0.86164;0.86176;0.8617;6;T;True;2
1621255671000;11550126;0.86164;0.86176;0.8617;0;T;True;2
1621255672000;11550127;0.86164;0.86176;0.8617;0;T;True;2
1621255673000;11550132;0.86164;0.86176;0.8617;4;T;True;2
1621255674000;11550133;0.86164;0.86176;0.8617;0;T;True;2
1621255675000;11550135;0.86164;0.86176;0.8617;1;T;True;2
1621255676000;11550137;0.86164;0.86176;0.8617;1;T;True;2
1621255677000;11550138;0.86164;0.86176;0.8617;0;T;True;2
1621255678000;11550139;0.86164;0.86176;0.8617;0;T;True;2
1621255679000;11550140;0.86164;0.86176;0.8617;0;T;True;2
1621255680000;11550142;0.86164;0.86176;0.8617;1;T;True;2
1621255681000;11550143;0.86164;0.86176;0.8617;0;T;True;2
1621255682000;11550144;0.86164;0.86176;0.8617;0;T;True;2
1621255683000;11550145;0.86164;0.86176;0.8617;0;T;True;2
1621255684000;11550146;0.86164;0.86176;0.8617;0;T;True;2
1621255685000;11550147;0.86164;0.86176;0.8617;0;T;True;2
1621255686000;11550148;0.86164;0.86176;0.8617;0;T;True;2
1621255687000;11550149;0.86164;0.86176;0.8617;0;T;True;2
1621255688000;11550153;0.86163;0.86175;0.86169;3;T;True;2
1621255689000;11550154;0.86163;0.86175;0.86169;0;T;True;2
1621255690000;11550155;0.86163;0.86175;0.86169;0;T;True;2
1621255691000;11550156;0.86163;0.86175;0.86169;0;T;True;2
1621255692000;11550157;0.86163;0.86175;0.86169;0;T;True;2
1621255693000;11550158;0.86163;0.86175;0.86169;0;T;True;2
1621255694000;11550159;0.86163;0.86175;0.86169;0;T;True;2
1621255695000;11550165;0.86165;0.86177;0.86171;5;T;True;2
1621255696000;11550168;0.86165;0.86177;0.86171;2;T;True;2
1621255697000;11550172;0.86164;0.86176;0.8617;3;T;True;2
1621255698000;11550174;0.86164;0.86176;0.8617;1;T;True;2
1621255699000;11550177;0.86164;0.86176;0.8617;2;T;True;2
1621255700000;11550178;0.86164;0.86176;0.8617;0;T;True;2
1621255701000;11550179;0.86164;0.86176;0.8617;0;T;True;2
1621255702000;11550180;0.86164;0.86176;0.8617;0;T;True;2
1621255703000;11550181;0.86164;0.86176;0.8617;0;T;True;2
1621255704000;11550182;0.86164;0.86176;0.8617;0;T;True;2
1621255705000;11550183;0.86164;0.86176;0.8617;0;T;True;2
1621255706000;11550185;0.86165;0.86177;0.86171;1;T;True;2
1621255707000;11550189;0.86164;0.86176;0.8617;3;T;True;2
1621255708000;11550191;0.86165;0.86177;0.86171;1;T;True;2
1621255709000;11550195;0.86168;0.8618;0.86174;3;T;True;2
1621255710000;11550199;0.86169;0.86181;0.86175;3;T;True;2
1621255711000;11550200;0.86169;0.86181;0.86175;0;T;True;2
1621255712000;11550204;0.86168;0.8618;0.86174;3;T;True;2
1621255713000;11550209;0.86166;0.86178;0.86172;4;T;True;2
1621255714000;11550211;0.86165;0.86177;0.86171;1;T;True;2
1621255715000;11550216;0.86165;0.86177;0.86171;4;T;True;2
1621255716000;11550222;0.86163;0.86175;0.86169;5;T;True;2
1621255717000;11550228;0.86163;0.86175;0.86169;5;T;True;2
1621255718000;11550236;0.8616;0.86172;0.86166;7;T;True;2
1621255719000;11550240;0.86161;0.86173;0.86167;3;T;True;2
1621255720000;11550243;0.86161;0.86173;0.86167;2;T;True;2
1621255721000;11550245;0.86161;0.86173;0.86167;1;T;True;2
1621255722000;11550246;0.86161;0.86173;0.86167;0;T;True;2
1621255723000;11550254;0.86159;0.86171;0.86165;7;T;True;2
1621255724000;11550258;0.86157;0.86169;0.86163;3;T;True;2
1621255725000;11550266;0.86155;0.86167;0.86161;7;T;True;2
1621255726000;11550268;0.86155;0.86167;0.86161;1;T;True;2
1621255727000;11550272;0.86155;0.86167;0.86161;3;T;True;2
1621255728000;11550273;0.86155;0.86167;0.86161;0;T;True;2
1621255729000;11550279;0.86155;0.86167;0.86161;5;T;True;2
1621255730000;11550280;0.86155;0.86167;0.86161;0;T;True;2
1621255731000;11550282;0.86155;0.86167;0.86161;1;T;True;2
1621255732000;11550284;0.86155;0.86167;0.86161;1;T;True;2
1621255733000;11550289;0.86155;0.86167;0.86161;4;T;True;2
1621255734000;11550290;0.86155;0.86167;0.86161;0;T;True;2
1621255735000;11550296;0.86155;0.86167;0.86161;5;T;True;2
1621255736000;11550300;0.86156;0.86168;0.86162;3;T;True;2
1621255737000;11550304;0.86155;0.86167;0.86161;3;T;True;2
1621255738000;11550310;0.86156;0.86168;0.86162;5;T;True;2
1621255739000;11550316;0.86159;0.86171;0.86165;5;T;True;2
1621255740000;11550317;0.86159;0.86171;0.86165;0;T;True;2
1621255741000;11550318;0.86159;0.86171;0.86165;0;T;True;2
1621255742000;11550319;0.86159;0.86171;0.86165;0;T;True;2
1621255743000;11550325;0.86162;0.86174;0.86168;5;T;True;2
1621255744000;11550331;0.86165;0.86177;0.86171;5;T;True;2
1621255745000;11550332;0.86165;0.86177;0.86171;0;T;True;2
1621255746000;11550335;0.86165;0.86177;0.86171;2;T;True;2
1621255747000;11550336;0.86165;0.86177;0.86171;0;T;True;2
1621255748000;11550337;0.86165;0.86177;0.86171;0;T;True;2
1621255749000;11550338;0.86165;0.86177;0.86171;0;T;True;2
1621255750000;11550339;0.86165;0.86177;0.86171;0;T;True;2
1621255751000;11550345;0.86164;0.86176;0.8617;5;T;True;2
1621255752000;11550349;0.86163;0.86175;0.86169;3;T;True;2
1621255753000;11550351;0.86161;0.86173;0.86167;1;T;True;2
1621255754000;11550355;0.86161;0.86173;0.86167;3;T;True;2
1621255755000;11550357;0.86162;0.86174;0.86168;1;T;True;2
1621255756000;11550358;0.86162;0.86174;0.86168;0;T;True;2
1621255757000;11550360;0.86163;0.86175;0.86169;1;T;True;2
1621255758000;11550362;0.86164;0.86176;0.8617;1;T;True;2
1621255759000;11550365;0.86164;0.86176;0.8617;2;T;True;2
1621255760000;11550367;0.86165;0.86177;0.86171;1;T;True;2
1621255761000;11550370;0.86162;0.86174;0.86168;2;T;True;2
1621255762000;11550372;0.86161;0.86173;0.86167;1;T;True;2
1621255763000;11550373;0.86161;0.86173;0.86167;0;T;True;2
1621255764000;11550374;0.86161;0.86173;0.86167;0;T;True;2
1621255765000;11550378;0.86157;0.86169;0.86163;3;T;True;2
1621255766000;11550379;0.86157;0.86169;0.86163;0;T;True;2
1621255767000;11550380;0.86157;0.86169;0.86163;0;T;True;2
1621255768000;11550382;0.86156;0.86168;0.86162;1;T;True;2
1621255769000;11550383;0.86156;0.86168;0.86162;0;T;True;2
1621255770000;11550385;0.86155;0.86167;0.86161;1;T;True;2
1621255771000;11550387;0.86156;0.86168;0.86162;1;T;True;2
1621255772000;11550389;0.86155;0.86167;0.86161;1;T;True;2
1621255773000;11550390;0.86155;0.86167;0.86161;0;T;True;2
1621255774000;11550392;0.86155;0.86167;0.86161;1;T;True;2
1621255775000;11550394;0.86155;0.86167;0.86161;1;T;True;2
1621255776000;11550396;0.86155;0.86167;0.86161;1;T;True;2
1621255777000;11550398;0.86155;0.86167;0.86161;1;T;True;2
1621255778000;11550399;0.86155;0.86167;0.86161;0;T;True;2
1621255779000;11550400;0.86155;0.86167;0.86161;0;T;True;2
1621255780000;11550401;0.86155;0.86167;0.86161;0;T;True;2
1621255781000;11550403;0.86155;0.86167;0.86161;1;T;True;2
1621255782000;11550404;0.86155;0.86167;0.86161;0;T;True;2
1621255783000;11550405;0.86155;0.86167;0.86161;0;T;True;2
1621255784000;11550411;0.86156;0.86168;0.86162;5;T;True;2
1621255785000;11550413;0.86157;0.86169;0.86163;1;T;True;2
1621255786000;11550414;0.86157;0.86169;0.86163;0;T;True;2
1621255787000;11550416;0.86157;0.86169;0.86163;1;T;True;2
1621255788000;11550418;0.86157;0.86169;0.86163;1;T;True;2
1621255789000;11550419;0.86157;0.86169;0.86163;0;T;True;2
1621255790000;11550420;0.86157;0.86169;0.86163;0;T;True;2
1621255791000;11550421;0.86157;0.86169;0.86163;0;T;True;2
1621255792000;11550423;0.86156;0.86168;0.86162;1;T;True;2
1621255793000;11550427;0.86157;0.86169;0.86163;3;T;True;2
1621255794000;11550428;0.86157;0.86169;0.86163;0;T;True;2
1621255795000;11550431;0.86157;0.86169;0.86163;2;T;True;2
1621255796000;11550432;0.86157;0.86169;0.86163;0;T;True;2
1621255797000;11550437;0.86155;0.86167;0.86161;4;T;True;2
1621255798000;11550440;0.86155;0.86167;0.86161;2;T;True;2
1621255799000;11550445;0.86155;0.86167;0.86161;4;T;True;2
1621255800000;11550446;0.86155;0.86167;0.86161;0;T;True;2
1621255801000;11550454;0.86155;0.86167;0.86161;7;T;True;2
1621255802000;11550455;0.86155;0.86167;0.86161;0;T;True;2
1621255803000;11550456;0.86155;0.86167;0.86161;0;T;True;2
1621255804000;11550457;0.86155;0.86167;0.86161;0;T;True;2
1621255805000;11550459;0.86153;0.86165;0.86159;1;T;True;2
1621255806000;11550460;0.86153;0.86165;0.86159;0;T;True;2
1621255807000;11550461;0.86153;0.86165;0.86159;0;T;True;2
1621255808000;11550463;0.86153;0.86165;0.86159;1;T;True;2
1621255809000;11550467;0.86154;0.86166;0.8616;3;T;True;2
1621255810000;11550469;0.86155;0.86167;0.86161;1;T;True;2
1621255811000;11550472;0.86155;0.86167;0.86161;2;T;True;2
1621255812000;11550474;0.86155;0.86167;0.86161;1;T;True;2
1621255813000;11550476;0.86154;0.86166;0.8616;1;T;True;2
1621255814000;11550479;0.86155;0.86167;0.86161;2;T;True;2
1621255815000;11550482;0.86155;0.86167;0.86161;2;T;True;2
1621255816000;11550484;0.86155;0.86167;0.86161;1;T;True;2
1621255817000;11550486;0.86155;0.86167;0.86161;1;T;True;2
1621255818000;11550487;0.86155;0.86167;0.86161;0;T;True;2
1621255819000;11550489;0.86155;0.86167;0.86161;1;T;True;2
1621255820000;11550491;0.86155;0.86167;0.86161;1;T;True;2
1621255821000;11550492;0.86155;0.86167;0.86161;0;T;True;2
1621255822000;11550495;0.86157;0.86169;0.86163;2;T;True;2
1621255823000;11550496;0.86157;0.86169;0.86163;0;T;True;2
1621255824000;11550497;0.86157;0.86169;0.86163;0;T;True;2
1621255825000;11550498;0.86157;0.86169;0.86163;0;T;True;2
1621255826000;11550499;0.86157;0.86169;0.86163;0;T;True;2
1621255827000;11550500;0.86157;0.86169;0.86163;0;T;True;2
1621255828000;11550501;0.86157;0.86169;0.86163;0;T;True;2
1621255829000;11550502;0.86157;0.86169;0.86163;0;T;True;2
1621255830000;11550503;0.86157;0.86169;0.86163;0;T;True;2
1621255831000;11550505;0.86156;0.86168;0.86162;1;T;True;2
1621255832000;11550506;0.86156;0.86168;0.86162;0;T;True;2
1621255833000;11550511;0.86155;0.86167;0.86161;4;T;True;2
1621255834000;11550514;0.86155;0.86167;0.86161;2;T;True;2
1621255835000;11550523;0.86153;0.86165;0.86159;8;T;True;2
1621255836000;11550525;0.86153;0.86165;0.86159;1;T;True;2
1621255837000;11550529;0.86157;0.86169;0.86163;3;T;True;2
1621255838000;11550531;0.86157;0.86169;0.86163;1;T;True;2
1621255839000;11550532;0.86157;0.86169;0.86163;0;T;True;2
1621255840000;11550536;0.86154;0.86166;0.8616;3;T;True;2
1621255841000;11550537;0.86154;0.86166;0.8616;0;T;True;2
1621255842000;11550539;0.86153;0.86165;0.86159;1;T;True;2
1621255843000;11550540;0.86153;0.86165;0.86159;0;T;True;2
1621255844000;11550541;0.86153;0.86165;0.86159;0;T;True;2
1621255845000;11550542;0.86153;0.86165;0.86159;0;T;True;2
1621255846000;11550543;0.86153;0.86165;0.86159;0;T;True;2
1621255847000;11550544;0.86153;0.86165;0.86159;0;T;True;2
1621255848000;11550545;0.86153;0.86165;0.86159;0;T;True;2
1621255849000;11550546;0.86153;0.86165;0.86159;0;T;True;2
1621255850000;11550548;0.86154;0.86166;0.8616;1;T;True;2
1621255851000;11550549;0.86154;0.86166;0.8616;0;T;True;2
1621255852000;11550551;0.86155;0.86167;0.86161;1;T;True;2
1621255853000;11550552;0.86155;0.86167;0.86161;0;T;True;2
1621255854000;11550555;0.86155;0.86167;0.86161;2;T;True;2
1621255855000;11550556;0.86155;0.86167;0.86161;0;T;True;2
1621255856000;11550557;0.86155;0.86167;0.86161;0;T;True;2
1621255857000;11550560;0.86157;0.86169;0.86163;2;T;True;2
1621255858000;11550561;0.86157;0.86169;0.86163;0;T;True;2
1621255859000;11550562;0.86157;0.86169;0.86163;0;T;True;2
1621255860000;11550563;0.86157;0.86169;0.86163;0;T;True;2
1621255861000;11550565;0.86156;0.86168;0.86162;1;T;True;2
1621255862000;11550566;0.86156;0.86168;0.86162;0;T;True;2
1621255863000;11550573;0.86152;0.86164;0.86158;6;T;True;2
1621255864000;11550580;0.86152;0.86164;0.86158;6;T;True;2
1621255865000;11550583;0.86152;0.86164;0.86158;2;T;True;2
1621255866000;11550585;0.86153;0.86165;0.86159;1;T;True;2
1621255867000;11550589;0.86151;0.86163;0.86157;3;T;True;2
1621255868000;11550590;0.86151;0.86163;0.86157;0;T;True;2
1621255869000;11550592;0.86151;0.86163;0.86157;1;T;True;2
1621255870000;11550595;0.86151;0.86163;0.86157;2;T;True;2
1621255871000;11550596;0.86151;0.86163;0.86157;0;T;True;2
1621255872000;11550598;0.86151;0.86163;0.86157;1;T;True;2
1621255873000;11550599;0.86151;0.86163;0.86157;0;T;True;2
1621255874000;11550603;0.86151;0.86163;0.86157;3;T;True;2
1621255875000;11550604;0.86151;0.86163;0.86157;0;T;True;2
1621255876000;11550605;0.86151;0.86163;0.86157;0;T;True;2
1621255877000;11550609;0.86151;0.86163;0.86157;3;T;True;2
1621255878000;11550610;0.86151;0.86163;0.86157;0;T;True;2
1621255879000;11550612;0.86151;0.86163;0.86157;1;T;True;2
1621255880000;11550614;0.86151;0.86163;0.86157;1;T;True;2
1621255881000;11550615;0.86151;0.86163;0.86157;0;T;True;2
1621255882000;11550616;0.86151;0.86163;0.86157;0;T;True;2
1621255883000;11550618;0.86151;0.86163;0.86157;1;T;True;2
1621255884000;11550623;0.86147;0.86159;0.86153;4;T;True;2
1621255885000;11550628;0.86146;0.86158;0.86152;4;T;True;2
1621255886000;11550629;0.86146;0.86158;0.86152;0;T;True;2
1621255887000;11550631;0.86147;0.86159;0.86153;1;T;True;2
1621255888000;11550645;0.86139;0.86151;0.86145;13;T;True;2
1621255889000;11550646;0.86139;0.86151;0.86145;0;T;True;2
1621255890000;11550647;0.86139;0.86151;0.86145;0;T;True;2
1621255891000;11550650;0.86138;0.8615;0.86144;2;T;True;2
1621255892000;11550651;0.86138;0.8615;0.86144;0;T;True;2
1621255893000;11550652;0.86138;0.8615;0.86144;0;T;True;2
1621255894000;11550653;0.86138;0.8615;0.86144;0;T;True;2
1621255895000;11550655;0.86137;0.86149;0.86143;1;T;True;2
1621255896000;11550656;0.86137;0.86149;0.86143;0;T;True;2
1621255897000;11550657;0.86137;0.86149;0.86143;0;T;True;2
1621255898000;11550658;0.86137;0.86149;0.86143;0;T;True;2
1621255899000;11550659;0.86137;0.86149;0.86143;0;T;True;2
1621255900000;11550660;0.86137;0.86149;0.86143;0;T;True;2
1621255901000;11550662;0.86136;0.86148;0.86142;1;T;True;2
1621255902000;11550667;0.86134;0.86146;0.8614;4;T;True;2
1621255903000;11550668;0.86134;0.86146;0.8614;0;T;True;2
1621255904000;11550671;0.86135;0.86147;0.86141;2;T;True;2
1621255905000;11550672;0.86135;0.86147;0.86141;0;T;True;2
1621255906000;11550673;0.86135;0.86147;0.86141;0;T;True;2
1621255907000;11550677;0.86136;0.86148;0.86142;3;T;True;2
1621255908000;11550678;0.86136;0.86148;0.86142;0;T;True;2
1621255909000;11550684;0.86137;0.86149;0.86143;5;T;True;2
1621255910000;11550685;0.86137;0.86149;0.86143;0;T;True;2
1621255911000;11550687;0.86137;0.86149;0.86143;1;T;True;2
1621255912000;11550692;0.86139;0.86151;0.86145;4;T;True;2
1621255913000;11550693;0.86139;0.86151;0.86145;0;T;True;2
1621255914000;11550697;0.86138;0.8615;0.86144;3;T;True;2
1621255915000;11550699;0.86137;0.86149;0.86143;1;T;True;2
1621255916000;11550701;0.86136;0.86148;0.86142;1;T;True;2
1621255917000;11550702;0.86136;0.86148;0.86142;0;T;True;2
1621255918000;11550705;0.86139;0.86151;0.86145;2;T;True;2
1621255919000;11550707;0.8614;0.86152;0.86146;1;T;True;2
1621255920000;11550708;0.8614;0.86152;0.86146;0;T;True;2
1621255921000;11550709;0.8614;0.86152;0.86146;0;T;True;2
1621255922000;11550711;0.8614;0.86152;0.86146;1;T;True;2
1621255923000;11550712;0.8614;0.86152;0.86146;0;T;True;2
1621255924000;11550714;0.8614;0.86152;0.86146;1;T;True;2
1621255925000;11550715;0.8614;0.86152;0.86146;0;T;True;2
1621255926000;11550716;0.8614;0.86152;0.86146;0;T;True;2
1621255927000;11550717;0.8614;0.86152;0.86146;0;T;True;2
1621255928000;11550720;0.86141;0.86153;0.86147;2;T;True;2
1621255929000;11550726;0.86137;0.86149;0.86143;5;T;True;2
1621255930000;11550728;0.86137;0.86149;0.86143;1;T;True;2
1621255931000;11550729;0.86137;0.86149;0.86143;0;T;True;2
1621255932000;11550730;0.86137;0.86149;0.86143;0;T;True;2
1621255933000;11550731;0.86137;0.86149;0.86143;0;T;True;2
1621255934000;11550732;0.86137;0.86149;0.86143;0;T;True;2
1621255935000;11550733;0.86137;0.86149;0.86143;0;T;True;2
1621255936000;11550734;0.86137;0.86149;0.86143;0;T;True;2
1621255937000;11550735;0.86137;0.86149;0.86143;0;T;True;2
1621255938000;11550736;0.86137;0.86149;0.86143;0;T;True;2
1621255939000;11550737;0.86137;0.86149;0.86143;0;T;True;2
1621255940000;11550739;0.86137;0.86149;0.86143;1;T;True;2
1621255941000;11550740;0.86137;0.86149;0.86143;0;T;True;2
1621255942000;11550741;0.86137;0.86149;0.86143;0;T;True;2
1621255943000;11550742;0.86137;0.86149;0.86143;0;T;True;2
1621255944000;11550743;0.86137;0.86149;0.86143;0;T;True;2
1621255945000;11550747;0.86135;0.86147;0.86141;3;T;True;2
1621255946000;11550748;0.86135;0.86147;0.86141;0;T;True;2
1621255947000;11550750;0.86136;0.86148;0.86142;1;T;True;2
1621255948000;11550751;0.86136;0.86148;0.86142;0;T;True;2
1621255949000;11550753;0.86137;0.86149;0.86143;1;T;True;2
1621255950000;11550762;0.86131;0.86143;0.86137;8;T;True;2
1621255951000;11550764;0.86132;0.86144;0.86138;1;T;True;2
1621255952000;11550766;0.86132;0.86144;0.86138;1;T;True;2
1621255953000;11550768;0.86133;0.86145;0.86139;1;T;True;2
1621255954000;11550769;0.86133;0.86145;0.86139;0;T;True;2
1621255955000;11550770;0.86133;0.86145;0.86139;0;T;True;2
1621255956000;11550772;0.86133;0.86145;0.86139;1;T;True;2
1621255957000;11550773;0.86133;0.86145;0.86139;0;T;True;2
1621255958000;11550774;0.86133;0.86145;0.86139;0;T;True;2
1621255959000;11550775;0.86133;0.86145;0.86139;0;T;True;2
1621255960000;11550776;0.86133;0.86145;0.86139;0;T;True;2
1621255961000;11550781;0.86135;0.86147;0.86141;4;T;True;2
1621255962000;11550782;0.86135;0.86147;0.86141;0;T;True;2
1621255963000;11550783;0.86135;0.86147;0.86141;0;T;True;2
1621255964000;11550787;0.86139;0.86151;0.86145;3;T;True;2
1621255965000;11550791;0.86139;0.86151;0.86145;3;T;True;2
1621255966000;11550792;0.86139;0.86151;0.86145;0;T;True;2
1621255967000;11550795;0.86137;0.86149;0.86143;2;T;True;2
1621255968000;11550796;0.86137;0.86149;0.86143;0;T;True;2
1621255969000;11550797;0.86137;0.86149;0.86143;0;T;True;2
1621255970000;11550798;0.86137;0.86149;0.86143;0;T;True;2
1621255971000;11550799;0.86137;0.86149;0.86143;0;T;True;2
1621255972000;11550800;0.86137;0.86149;0.86143;0;T;True;2
1621255973000;11550801;0.86137;0.86149;0.86143;0;T;True;2
1621255974000;11550802;0.86137;0.86149;0.86143;0;T;True;2
1621255975000;11550803;0.86137;0.86149;0.86143;0;T;True;2
1621255976000;11550806;0.86137;0.86149;0.86143;2;T;True;2
1621255977000;11550807;0.86137;0.86149;0.86143;0;T;True;2
1621255978000;11550810;0.86137;0.86149;0.86143;2;T;True;2
1621255979000;11550811;0.86137;0.86149;0.86143;0;T;True;2
1621255980000;11550812;0.86137;0.86149;0.86143;0;T;True;2
1621255981000;11550813;0.86137;0.86149;0.86143;0;T;True;2
1621255982000;11550814;0.86137;0.86149;0.86143;0;T;True;2
1621255983000;11550815;0.86137;0.86149;0.86143;0;T;True;2
1621255984000;11550818;0.86137;0.86149;0.86143;2;T;True;2
1621255985000;11550819;0.86137;0.86149;0.86143;0;T;True;2
1621255986000;11550820;0.86137;0.86149;0.86143;0;T;True;2
1621255987000;11550821;0.86137;0.86149;0.86143;0;T;True;2
1621255988000;11550822;0.86137;0.86149;0.86143;0;T;True;2
1621255989000;11550823;0.86137;0.86149;0.86143;0;T;True;2
1621255990000;11550824;0.86137;0.86149;0.86143;0;T;True;2
1621255991000;11550825;0.86137;0.86149;0.86143;0;T;True;2
1621255992000;11550826;0.86137;0.86149;0.86143;0;T;True;2
1621255993000;11550828;0.86139;0.86151;0.86145;1;T;True;2
1621255994000;11550829;0.86139;0.86151;0.86145;0;T;True;2
1621255995000;11550831;0.86138;0.8615;0.86144;1;T;True;2
1621255996000;11550833;0.86137;0.86149;0.86143;1;T;True;2
1621255997000;11550834;0.86137;0.86149;0.86143;0;T;True;2
1621255998000;11550835;0.86137;0.86149;0.86143;0;T;True;2
1621255999000;11550836;0.86137;0.86149;0.86143;0;T;True;2
1621256000000;11550837;0.86137;0.86149;0.86143;0;T;True;2
1621256001000;11550838;0.86137;0.86149;0.86143;0;T;True;2
1621256002000;11550839;0.86137;0.86149;0.86143;0;T;True;2
1621256003000;11550840;0.86137;0.86149;0.86143;0;T;True;2
1621256004000;11550841;0.86137;0.86149;0.86143;0;T;True;2
1621256005000;11550842;0.86137;0.86149;0.86143;0;T;True;2
1621256006000;11550843;0.86137;0.86149;0.86143;0;T;True;2
1621256007000;11550846;0.86137;0.86149;0.86143;2;T;True;2
1621256008000;11550847;0.86137;0.86149;0.86143;0;T;True;2
1621256009000;11550850;0.86136;0.86148;0.86142;2;T;True;2
1621256010000;11550852;0.86134;0.86146;0.8614;1;T;True;2
1621256011000;11550857;0.86134;0.86146;0.8614;4;T;True;2
1621256012000;11550858;0.86134;0.86146;0.8614;0;T;True;2
1621256013000;11550859;0.86134;0.86146;0.8614;0;T;True;2
1621256014000;11550861;0.86133;0.86145;0.86139;1;T;True;2
1621256015000;11550862;0.86133;0.86145;0.86139;0;T;True;2
1621256016000;11550869;0.86135;0.86147;0.86141;6;T;True;2
1621256017000;11550871;0.86134;0.86146;0.8614;1;T;True;2
1621256018000;11550875;0.86135;0.86147;0.86141;3;T;True;2
1621256019000;11550878;0.86135;0.86147;0.86141;2;T;True;2
1621256020000;11550879;0.86135;0.86147;0.86141;0;T;True;2
1621256021000;11550880;0.86135;0.86147;0.86141;0;T;True;2
1621256022000;11550882;0.86134;0.86146;0.8614;1;T;True;2
1621256023000;11550883;0.86134;0.86146;0.8614;0;T;True;2
1621256024000;11550884;0.86134;0.86146;0.8614;0;T;True;2
1621256025000;11550885;0.86134;0.86146;0.8614;0;T;True;2
1621256026000;11550886;0.86134;0.86146;0.8614;0;T;True;2
1621256027000;11550889;0.86133;0.86145;0.86139;2;T;True;2
1621256028000;11550890;0.86133;0.86145;0.86139;0;T;True;2
1621256029000;11550891;0.86133;0.86145;0.86139;0;T;True;2
1621256030000;11550892;0.86133;0.86145;0.86139;0;T;True;2
1621256031000;11550899;0.86135;0.86147;0.86141;6;T;True;2
1621256032000;11550900;0.86135;0.86147;0.86141;0;T;True;2
1621256033000;11550901;0.86135;0.86147;0.86141;0;T;True;2
1621256034000;11550902;0.86135;0.86147;0.86141;0;T;True;2
1621256035000;11550903;0.86135;0.86147;0.86141;0;T;True;2
1621256036000;11550904;0.86135;0.86147;0.86141;0;T;True;2
1621256037000;11550906;0.86135;0.86147;0.86141;1;T;True;2
1621256038000;11550908;0.86135;0.86147;0.86141;1;T;True;2
1621256039000;11550910;0.86135;0.86147;0.86141;1;T;True;2
1621256040000;11550915;0.86133;0.86145;0.86139;4;T;True;2
1621256041000;11550916;0.86133;0.86145;0.86139;0;T;True;2
1621256042000;11550917;0.86133;0.86145;0.86139;0;T;True;2
1621256043000;11550918;0.86133;0.86145;0.86139;0;T;True;2
1621256044000;11550922;0.86129;0.86141;0.86135;3;T;True;2
1621256045000;11550924;0.86131;0.86143;0.86137;1;T;True;2
1621256046000;11550927;0.86131;0.86143;0.86137;2;T;True;2
1621256047000;11550930;0.86131;0.86143;0.86137;2;T;True;2
1621256048000;11550931;0.86131;0.86143;0.86137;0;T;True;2
1621256049000;11550932;0.86131;0.86143;0.86137;0;T;True;2
1621256050000;11550934;0.86129;0.86141;0.86135;1;T;True;2
1621256051000;11550935;0.86129;0.86141;0.86135;0;T;True;2
1621256052000;11550939;0.8613;0.86142;0.86136;3;T;True;2
1621256053000;11550940;0.8613;0.86142;0.86136;0;T;True;2
1621256054000;11550944;0.86132;0.86144;0.86138;3;T;True;2
1621256055000;11550950;0.86132;0.86144;0.86138;5;T;True;2
1621256056000;11550955;0.8613;0.86142;0.86136;4;T;True;2
1621256057000;11550956;0.8613;0.86142;0.86136;0;T;True;2
1621256058000;11550957;0.8613;0.86142;0.86136;0;T;True;2
1621256059000;11550959;0.8613;0.86142;0.86136;1;T;True;2
1621256060000;11550965;0.86132;0.86144;0.86138;5;T;True;2
1621256061000;11550969;0.86135;0.86147;0.86141;3;T;True;2
1621256062000;11550970;0.86135;0.86147;0.86141;0;T;True;2
1621256063000;11550971;0.86135;0.86147;0.86141;0;T;True;2
1621256064000;11550972;0.86135;0.86147;0.86141;0;T;True;2
1621256065000;11550973;0.86135;0.86147;0.86141;0;T;True;2
1621256066000;11550974;0.86135;0.86147;0.86141;0;T;True;2
1621256067000;11550983;0.86139;0.86151;0.86145;8;T;True;2
1621256068000;11550984;0.86139;0.86151;0.86145;0;T;True;2
1621256069000;11550986;0.86139;0.86151;0.86145;1;T;True;2
1621256070000;11550987;0.86139;0.86151;0.86145;0;T;True;2
1621256071000;11550989;0.8614;0.86152;0.86146;1;T;True;2
1621256072000;11550990;0.8614;0.86152;0.86146;0;T;True;2
1621256073000;11550999;0.86145;0.86157;0.86151;8;T;True;2
1621256074000;11551000;0.86145;0.86157;0.86151;0;T;True;2
1621256075000;11551007;0.86147;0.86159;0.86153;6;T;True;2
1621256076000;11551010;0.86147;0.86159;0.86153;2;T;True;2
1621256077000;11551011;0.86147;0.86159;0.86153;0;T;True;2
1621256078000;11551012;0.86147;0.86159;0.86153;0;T;True;2
1621256079000;11551014;0.86147;0.86159;0.86153;1;T;True;2
1621256080000;11551015;0.86147;0.86159;0.86153;0;T;True;2
1621256081000;11551016;0.86147;0.86159;0.86153;0;T;True;2
1621256082000;11551018;0.86148;0.8616;0.86154;1;T;True;2
1621256083000;11551020;0.86149;0.86161;0.86155;1;T;True;2
1621256084000;11551021;0.86149;0.86161;0.86155;0;T;True;2
1621256085000;11551028;0.86155;0.86167;0.86161;6;T;True;2
1621256086000;11551029;0.86155;0.86167;0.86161;0;T;True;2
1621256087000;11551030;0.86155;0.86167;0.86161;0;T;True;2
1621256088000;11551034;0.86157;0.86169;0.86163;3;T;True;2
1621256089000;11551035;0.86157;0.86169;0.86163;0;T;True;2
1621256090000;11551036;0.86157;0.86169;0.86163;0;T;True;2
1621256091000;11551037;0.86157;0.86169;0.86163;0;T;True;2
1621256092000;11551038;0.86157;0.86169;0.86163;0;T;True;2
1621256093000;11551039;0.86157;0.86169;0.86163;0;T;True;2
1621256094000;11551040;0.86157;0.86169;0.86163;0;T;True;2
1621256095000;11551041;0.86157;0.86169;0.86163;0;T;True;2
1621256096000;11551042;0.86157;0.86169;0.86163;0;T;True;2
1621256097000;11551045;0.86158;0.8617;0.86164;2;T;True;2
1621256098000;11551046;0.86158;0.8617;0.86164;0;T;True;2
1621256099000;11551047;0.86158;0.8617;0.86164;0;T;True;2
1621256100000;11551048;0.86158;0.8617;0.86164;0;T;True;2
1621256101000;11551051;0.86158;0.8617;0.86164;2;T;True;2
1621256102000;11551052;0.86158;0.8617;0.86164;0;T;True;2
1621256103000;11551055;0.86159;0.86171;0.86165;2;T;True;2
1621256104000;11551057;0.86159;0.86171;0.86165;1;T;True;2
1621256105000;11551061;0.86158;0.8617;0.86164;3;T;True;2
1621256106000;11551066;0.86163;0.86175;0.86169;4;T;True;2
1621256107000;11551068;0.86163;0.86175;0.86169;1;T;True;2
1621256108000;11551070;0.86163;0.86175;0.86169;1;T;True;2
1621256109000;11551071;0.86163;0.86175;0.86169;0;T;True;2
1621256110000;11551073;0.86163;0.86175;0.86169;1;T;True;2
1621256111000;11551074;0.86163;0.86175;0.86169;0;T;True;2
1621256112000;11551078;0.86164;0.86176;0.8617;3;T;True;2
1621256113000;11551079;0.86164;0.86176;0.8617;0;T;True;2
1621256114000;11551080;0.86164;0.86176;0.8617;0;T;True;2
1621256115000;11551081;0.86164;0.86176;0.8617;0;T;True;2
1621256116000;11551083;0.86166;0.86178;0.86172;1;T;True;2
1621256117000;11551084;0.86166;0.86178;0.86172;0;T;True;2
1621256118000;11551085;0.86166;0.86178;0.86172;0;T;True;2
1621256119000;11551086;0.86166;0.86178;0.86172;0;T;True;2
1621256120000;11551087;0.86166;0.86178;0.86172;0;T;True;2
1621256121000;11551088;0.86166;0.86178;0.86172;0;T;True;2
1621256122000;11551089;0.86166;0.86178;0.86172;0;T;True;2
1621256123000;11551091;0.86166;0.86178;0.86172;1;T;True;2
1621256124000;11551094;0.86166;0.86178;0.86172;2;T;True;2
1621256125000;11551095;0.86166;0.86178;0.86172;0;T;True;2
1621256126000;11551096;0.86166;0.86178;0.86172;0;T;True;2
1621256127000;11551097;0.86166;0.86178;0.86172;0;T;True;2
1621256128000;11551099;0.86167;0.86179;0.86173;1;T;True;2
1621256129000;11551100;0.86167;0.86179;0.86173;0;T;True;2
1621256130000;11551101;0.86167;0.86179;0.86173;0;T;True;2
1621256131000;11551102;0.86167;0.86179;0.86173;0;T;True;2
1621256132000;11551104;0.86166;0.86178;0.86172;1;T;True;2
1621256133000;11551105;0.86166;0.86178;0.86172;0;T;True;2
1621256134000;11551106;0.86166;0.86178;0.86172;0;T;True;2
1621256135000;11551107;0.86166;0.86178;0.86172;0;T;True;2
1621256136000;11551109;0.86167;0.86179;0.86173;1;T;True;2
1621256137000;11551112;0.86163;0.86175;0.86169;2;T;True;2
1621256138000;11551115;0.86162;0.86174;0.86168;2;T;True;2
1621256139000;11551116;0.86162;0.86174;0.86168;0;T;True;2
1621256140000;11551119;0.86162;0.86174;0.86168;2;T;True;2
1621256141000;11551120;0.86162;0.86174;0.86168;0;T;True;2
1621256142000;11551122;0.86162;0.86174;0.86168;1;T;True;2
1621256143000;11551123;0.86162;0.86174;0.86168;0;T;True;2
1621256144000;11551125;0.86163;0.86175;0.86169;1;T;True;2
1621256145000;11551127;0.86162;0.86174;0.86168;1;T;True;2
1621256146000;11551134;0.86165;0.86177;0.86171;6;T;True;2
1621256147000;11551136;0.86165;0.86177;0.86171;1;T;True;2
1621256148000;11551141;0.86166;0.86178;0.86172;4;T;True;2
1621256149000;11551143;0.86167;0.86179;0.86173;1;T;True;2
1621256150000;11551146;0.86165;0.86177;0.86171;2;T;True;2
1621256151000;11551147;0.86165;0.86177;0.86171;0;T;True;2
1621256152000;11551150;0.86163;0.86175;0.86169;2;T;True;2
1621256153000;11551153;0.86163;0.86175;0.86169;2;T;True;2
1621256154000;11551154;0.86163;0.86175;0.86169;0;T;True;2
1621256155000;11551155;0.86163;0.86175;0.86169;0;T;True;2
1621256156000;11551156;0.86163;0.86175;0.86169;0;T;True;2
1621256157000;11551157;0.86163;0.86175;0.86169;0;T;True;2
1621256158000;11551158;0.86163;0.86175;0.86169;0;T;True;2
1621256159000;11551166;0.86163;0.86175;0.86169;7;T;True;2
1621256160000;11551167;0.86163;0.86175;0.86169;0;T;True;2
1621256161000;11551168;0.86163;0.86175;0.86169;0;T;True;2
1621256162000;11551174;0.86164;0.86176;0.8617;5;T;True;2
1621256163000;11551175;0.86164;0.86176;0.8617;0;T;True;2
1621256164000;11551182;0.86162;0.86174;0.86168;6;T;True;2
1621256165000;11551183;0.86162;0.86174;0.86168;0;T;True;2
1621256166000;11551184;0.86162;0.86174;0.86168;0;T;True;2
1621256167000;11551185;0.86162;0.86174;0.86168;0;T;True;2
1621256168000;11551187;0.86161;0.86173;0.86167;1;T;True;2
1621256169000;11551189;0.86161;0.86173;0.86167;1;T;True;2
1621256170000;11551195;0.8616;0.86172;0.86166;5;T;True;2
1621256171000;11551196;0.8616;0.86172;0.86166;0;T;True;2
1621256172000;11551198;0.8616;0.86172;0.86166;1;T;True;2
1621256173000;11551199;0.8616;0.86172;0.86166;0;T;True;2
1621256174000;11551200;0.8616;0.86172;0.86166;0;T;True;2
1621256175000;11551202;0.8616;0.86172;0.86166;1;T;True;2
1621256176000;11551209;0.86157;0.86169;0.86163;6;T;True;2
1621256177000;11551211;0.86157;0.86169;0.86163;1;T;True;2
1621256178000;11551213;0.86156;0.86168;0.86162;1;T;True;2
1621256179000;11551216;0.86155;0.86167;0.86161;2;T;True;2
1621256180000;11551220;0.86155;0.86167;0.86161;3;T;True;2
1621256181000;11551221;0.86155;0.86167;0.86161;0;T;True;2
1621256182000;11551224;0.86155;0.86167;0.86161;2;T;True;2
1621256183000;11551225;0.86155;0.86167;0.86161;0;T;True;2
1621256184000;11551226;0.86155;0.86167;0.86161;0;T;True;2
1621256185000;11551227;0.86155;0.86167;0.86161;0;T;True;2
1621256186000;11551228;0.86155;0.86167;0.86161;0;T;True;2
1621256187000;11551229;0.86155;0.86167;0.86161;0;T;True;2
1621256188000;11551230;0.86155;0.86167;0.86161;0;T;True;2
1621256189000;11551231;0.86155;0.86167;0.86161;0;T;True;2
