ts;n;bid;ask;value;volume;phase;round;active_id
1621249062000;11536743;0.86291;0.86303;0.86297;0;T;True;2
1621249063000;11536749;0.86291;0.86303;0.86297;5;T;True;2
1621249064000;11536750;0.86291;0.86303;0.86297;0;T;True;2
1621249065000;11536753;0.86291;0.86303;0.86297;2;T;True;2
1621249066000;11536760;0.86292;0.86304;0.86298;6;T;True;2
1621249067000;11536765;0.86292;0.86304;0.86298;4;T;True;2
1621249068000;11536767;0.86291;0.86303;0.86297;1;T;True;2
1621249069000;11536770;0.86291;0.86303;0.86297;2;T;True;2
1621249070000;11536771;0.86291;0.86303;0.86297;0;T;True;2
1621249071000;11536772;0.86291;0.86303;0.86297;0;T;True;2
1621249072000;11536775;0.8629;0.86302;0.86296;2;T;True;2
1621249073000;11536781;0.86291;0.86303;0.86297;5;T;True;2
1621249074000;11536788;0.86291;0.86303;0.86297;6;T;True;2
1621249075000;11536792;0.86293;0.86305;0.86299;3;T;True;2
1621249076000;11536797;0.86292;0.86304;0.86298;4;T;True;2
1621249077000;11536798;0.86292;0.86304;0.86298;0;T;True;2
1621249078000;11536799;0.86292;0.86304;0.86298;0;T;True;2
1621249079000;11536803;0.86294;0.86306;0.863;3;T;True;2
1621249080000;11536806;0.86293;0.86305;0.86299;2;T;True;2
1621249081000;11536809;0.86293;0.86305;0.86299;2;T;True;2
1621249082000;11536814;0.86291;0.86303;0.86297;4;T;True;2
1621249083000;11536818;0.86291;0.86303;0.86297;3;T;True;2
1621249084000;11536819;0.86291;0.86303;0.86297;0;T;True;2
1621249085000;11536820;0.86291;0.86303;0.86297;0;T;True;2
1621249086000;11536821;0.86291;0.86303;0.86297;0;T;True;2
1621249087000;11536823;0.86291;0.86303;0.86297;1;T;True;2
1621249088000;11536824;0.86291;0.86303;0.86297;0;T;True;2
1621249089000;11536827;0.86291;0.86303;0.86297;2;T;True;2
1621249090000;11536828;0.86291;0.86303;0.86297;0;T;True;2
1621249091000;11536829;0.86291;0.86303;0.86297;0;T;True;2
1621249092000;11536830;0.86291;0.86303;0.86297;0;T;True;2
1621249093000;11536832;0.8629;0.86302;0.86296;1;T;True;2
1621249094000;11536833;0.8629;0.86302;0.86296;0;T;True;2
1621249095000;11536834;0.8629;0.86302;0.86296;0;T;True;2
1621249096000;11536837;0.86291;0.86303;0.86297;2;T;True;2
1621249097000;11536838;0.86291;0.86303;0.86297;0;T;True;2
1621249098000;11536839;0.86291;0.86303;0.86297;0;T;True;2
1621249099000;11536842;0.86292;0.86304;0.86298;2;T;True;2
1621249100000;11536846;0.86292;0.86304;0.86298;3;T;True;2
1621249101000;11536856;0.86293;0.86305;0.86299;9;T;True;2
1621249102000;11536860;0.86293;0.86305;0.86299;3;T;True;2
1621249103000;11536861;0.86293;0.86305;0.86299;0;T;True;2
1621249104000;11536869;0.86293;0.86305;0.86299;7;T;True;2
1621249105000;11536870;0.86293;0.86305;0.86299;0;T;True;2
1621249106000;11536874;0.86293;0.86305;0.86299;3;T;True;2
1621249107000;11536875;0.86293;0.86305;0.86299;0;T;True;2
1621249108000;11536876;0.86293;0.86305;0.86299;0;T;True;2
1621249109000;11536880;0.86293;0.86305;0.86299;3;T;True;2
1621249110000;11536881;0.86293;0.86305;0.86299;0;T;True;2
1621249111000;11536882;0.86293;0.86305;0.86299;0;T;True;2
1621249112000;11536884;0.86293;0.86305;0.86299;1;T;True;2
1621249113000;11536888;0.86293;0.86305;0.86299;3;T;True;2
1621249114000;11536889;0.86293;0.86305;0.86299;0;T;True;2
1621249115000;11536893;0.86293;0.86305;0.86299;3;T;True;2
1621249116000;11536896;0.86293;0.86305;0.86299;2;T;True;2
1621249117000;11536898;0.86293;0.86305;0.86299;1;T;True;2
1621249118000;11536899;0.86293;0.86305;0.86299;0;T;True;2
1621249119000;11536900;0.86293;0.86305;0.86299;0;T;True;2
1621249120000;11536901;0.86293;0.86305;0.86299;0;T;True;2
1621249121000;11536906;0.86295;0.86307;0.86301;4;T;True;2
1621249122000;11536909;0.86292;0.86304;0.86298;2;T;True;2
1621249123000;11536911;0.86291;0.86303;0.86297;1;T;True;2
1621249124000;11536913;0.8629;0.86302;0.86296;1;T;True;2
1621249125000;11536914;0.8629;0.86302;0.86296;0;T;True;2
1621249126000;11536915;0.8629;0.86302;0.86296;0;T;True;2
1621249127000;11536916;0.8629;0.86302;0.86296;0;T;True;2
1621249128000;11536918;0.86291;0.86303;0.86297;1;T;True;2
1621249129000;11536919;0.86291;0.86303;0.86297;0;T;True;2
1621249130000;11536923;0.86291;0.86303;0.86297;3;T;True;2
1621249131000;11536927;0.86293;0.86305;0.86299;3;T;True;2
1621249132000;11536928;0.86293;0.86305;0.86299;0;T;True;2
1621249133000;11536929;0.86293;0.86305;0.86299;0;T;True;2
1621249134000;11536931;0.86292;0.86304;0.86298;1;T;True;2
1621249135000;11536935;0.86289;0.86301;0.86295;3;T;True;2
1621249136000;11536937;0.8629;0.86302;0.86296;1;T;True;2
1621249137000;11536940;0.86289;0.86301;0.86295;2;T;True;2
1621249138000;11536941;0.86289;0.86301;0.86295;0;T;True;2
1621249139000;11536943;0.8629;0.86302;0.86296;1;T;True;2
1621249140000;11536947;0.8629;0.86302;0.86296;3;T;True;2
1621249141000;11536949;0.86291;0.86303;0.86297;1;T;True;2
1621249142000;11536951;0.8629;0.86302;0.86296;1;T;True;2
1621249143000;11536952;0.8629;0.86302;0.86296;0;T;True;2
1621249144000;11536953;0.8629;0.86302;0.86296;0;T;True;2
1621249145000;11536954;0.8629;0.86302;0.86296;0;T;True;2
1621249146000;11536955;0.8629;0.86302;0.86296;0;T;True;2
1621249147000;11536957;0.8629;0.86302;0.86296;1;T;True;2
1621249148000;11536960;0.86291;0.86303;0.86297;2;T;True;2
1621249149000;11536962;0.86291;0.86303;0.86297;1;T;True;2
1621249150000;11536965;0.86289;0.86301;0.86295;2;T;True;2
1621249151000;11536968;0.86289;0.86301;0.86295;2;T;True;2
1621249152000;11536972;0.8629;0.86302;0.86296;3;T;True;2
1621249153000;11536974;0.86291;0.86303;0.86297;1;T;True;2
1621249154000;11536975;0.86291;0.86303;0.86297;0;T;True;2
1621249155000;11536978;0.86293;0.86305;0.86299;2;T;True;2
1621249156000;11536979;0.86293;0.86305;0.86299;0;T;True;2
1621249157000;11536985;0.86291;0.86303;0.86297;5;T;True;2
1621249158000;11536989;0.86291;0.86303;0.86297;3;T;True;2
1621249159000;11536993;0.86291;0.86303;0.86297;3;T;True;2
1621249160000;11536999;0.86292;0.86304;0.86298;5;T;True;2
1621249161000;11537000;0.86292;0.86304;0.86298;0;T;True;2
1621249162000;11537012;0.86299;0.86311;0.86305;11;T;True;2
1621249163000;11537019;0.86295;0.86307;0.86301;6;T;True;2
1621249164000;11537022;0.86295;0.86307;0.86301;2;T;True;2
1621249165000;11537025;0.86295;0.86307;0.86301;2;T;True;2
1621249166000;11537030;0.86294;0.86306;0.863;4;T;True;2
1621249167000;11537034;0.86294;0.86306;0.863;3;T;True;2
1621249168000;11537037;0.86293;0.86305;0.86299;2;T;True;2
1621249169000;11537039;0.86293;0.86305;0.86299;1;T;True;2
1621249170000;11537040;0.86293;0.86305;0.86299;0;T;True;2
1621249171000;11537045;0.86295;0.86307;0.86301;4;T;True;2
1621249172000;11537048;0.86295;0.86307;0.86301;2;T;True;2
1621249173000;11537053;0.86295;0.86307;0.86301;4;T;True;2
1621249174000;11537055;0.86297;0.86309;0.86303;1;T;True;2
1621249175000;11537056;0.86297;0.86309;0.86303;0;T;True;2
1621249176000;11537058;0.86297;0.86309;0.86303;1;T;True;2
1621249177000;11537064;0.86299;0.86311;0.86305;5;T;True;2
1621249178000;11537065;0.86299;0.86311;0.86305;0;T;True;2
1621249179000;11537067;0.86299;0.86311;0.86305;1;T;True;2
1621249180000;11537071;0.86301;0.86313;0.86307;3;T;True;2
1621249181000;11537074;0.86301;0.86313;0.86307;2;T;True;2
1621249182000;11537077;0.86301;0.86313;0.86307;2;T;True;2
1621249183000;11537079;0.86301;0.86313;0.86307;1;T;True;2
1621249184000;11537082;0.86301;0.86313;0.86307;2;T;True;2
1621249185000;11537088;0.86302;0.86314;0.86308;5;T;True;2
1621249186000;11537090;0.86302;0.86314;0.86308;1;T;True;2
1621249187000;11537093;0.86301;0.86313;0.86307;2;T;True;2
1621249188000;11537094;0.86301;0.86313;0.86307;0;T;True;2
1621249189000;11537096;0.86301;0.86313;0.86307;1;T;True;2
1621249190000;11537098;0.86301;0.86313;0.86307;1;T;True;2
1621249191000;11537103;0.86299;0.86311;0.86305;4;T;True;2
1621249192000;11537105;0.86299;0.86311;0.86305;1;T;True;2
1621249193000;11537106;0.86299;0.86311;0.86305;0;T;True;2
1621249194000;11537111;0.86301;0.86313;0.86307;4;T;True;2
1621249195000;11537113;0.86301;0.86313;0.86307;1;T;True;2
1621249196000;11537115;0.86302;0.86314;0.86308;1;T;True;2
1621249197000;11537116;0.86302;0.86314;0.86308;0;T;True;2
1621249198000;11537117;0.86302;0.86314;0.86308;0;T;True;2
1621249199000;11537126;0.86307;0.86319;0.86313;8;T;True;2
1621249200000;11537132;0.86311;0.86323;0.86317;5;T;True;2
1621249201000;11537136;0.86309;0.86321;0.86315;3;T;True;2
1621249202000;11537138;0.86309;0.86321;0.86315;1;T;True;2
1621249203000;11537142;0.86309;0.86321;0.86315;3;T;True;2
1621249204000;11537146;0.86307;0.86319;0.86313;3;T;True;2
1621249205000;11537155;0.86305;0.86317;0.86311;8;T;True;2
1621249206000;11537158;0.86305;0.86317;0.86311;2;T;True;2
1621249207000;11537159;0.86305;0.86317;0.86311;0;T;True;2
1621249208000;11537162;0.86305;0.86317;0.86311;2;T;True;2
1621249209000;11537169;0.86305;0.86317;0.86311;6;T;True;2
1621249210000;11537176;0.86305;0.86317;0.86311;6;T;True;2
1621249211000;11537180;0.86304;0.86316;0.8631;3;T;True;2
1621249212000;11537182;0.86305;0.86317;0.86311;1;T;True;2
1621249213000;11537183;0.86305;0.86317;0.86311;0;T;True;2
1621249214000;11537185;0.86305;0.86317;0.86311;1;T;True;2
1621249215000;11537193;0.86303;0.86315;0.86309;7;T;True;2
1621249216000;11537195;0.86303;0.86315;0.86309;1;T;True;2
1621249217000;11537203;0.86309;0.86321;0.86315;7;T;True;2
1621249218000;11537207;0.86311;0.86323;0.86317;3;T;True;2
1621249219000;11537213;0.86309;0.86321;0.86315;5;T;True;2
1621249220000;11537217;0.86311;0.86323;0.86317;3;T;True;2
1621249221000;11537221;0.86311;0.86323;0.86317;3;T;True;2
1621249222000;11537226;0.8631;0.86322;0.86316;4;T;True;2
1621249223000;11537233;0.86307;0.86319;0.86313;6;T;True;2
1621249224000;11537234;0.86307;0.86319;0.86313;0;T;True;2
1621249225000;11537236;0.86308;0.8632;0.86314;1;T;True;2
1621249226000;11537237;0.86308;0.8632;0.86314;0;T;True;2
1621249227000;11537238;0.86308;0.8632;0.86314;0;T;True;2
1621249228000;11537245;0.86301;0.86313;0.86307;6;T;True;2
1621249229000;11537249;0.863;0.86312;0.86306;3;T;True;2
1621249230000;11537252;0.863;0.86312;0.86306;2;T;True;2
1621249231000;11537262;0.86301;0.86313;0.86307;9;T;True;2
1621249232000;11537263;0.86301;0.86313;0.86307;0;T;True;2
1621249233000;11537266;0.86305;0.86317;0.86311;2;T;True;2
1621249234000;11537268;0.86307;0.86319;0.86313;1;T;True;2
1621249235000;11537269;0.86307;0.86319;0.86313;0;T;True;2
1621249236000;11537273;0.86309;0.86321;0.86315;3;T;True;2
1621249237000;11537275;0.86309;0.86321;0.86315;1;T;True;2
1621249238000;11537276;0.86309;0.86321;0.86315;0;T;True;2
1621249239000;11537280;0.86307;0.86319;0.86313;3;T;True;2
1621249240000;11537281;0.86307;0.86319;0.86313;0;T;True;2
1621249241000;11537284;0.86305;0.86317;0.86311;2;T;True;2
1621249242000;11537285;0.86305;0.86317;0.86311;0;T;True;2
1621249243000;11537286;0.86305;0.86317;0.86311;0;T;True;2
1621249244000;11537289;0.86308;0.8632;0.86314;2;T;True;2
1621249245000;11537290;0.86308;0.8632;0.86314;0;T;True;2
1621249246000;11537292;0.86307;0.86319;0.86313;1;T;True;2
1621249247000;11537293;0.86307;0.86319;0.86313;0;T;True;2
1621249248000;11537300;0.86305;0.86317;0.86311;6;T;True;2
1621249249000;11537304;0.86308;0.8632;0.86314;3;T;True;2
1621249250000;11537305;0.86308;0.8632;0.86314;0;T;True;2
1621249251000;11537307;0.86309;0.86321;0.86315;1;T;True;2
1621249252000;11537308;0.86309;0.86321;0.86315;0;T;True;2
1621249253000;11537309;0.86309;0.86321;0.86315;0;T;True;2
1621249254000;11537315;0.86307;0.86319;0.86313;5;T;True;2
1621249255000;11537318;0.86307;0.86319;0.86313;2;T;True;2
1621249256000;11537319;0.86307;0.86319;0.86313;0;T;True;2
1621249257000;11537320;0.86307;0.86319;0.86313;0;T;True;2
1621249258000;11537323;0.86307;0.86319;0.86313;2;T;True;2
1621249259000;11537326;0.86307;0.86319;0.86313;2;T;True;2
1621249260000;11537328;0.86307;0.86319;0.86313;1;T;True;2
1621249261000;11537332;0.86306;0.86318;0.86312;3;T;True;2
1621249262000;11537336;0.86307;0.86319;0.86313;3;T;True;2
1621249263000;11537348;0.86299;0.86311;0.86305;11;T;True;2
1621249264000;11537349;0.86299;0.86311;0.86305;0;T;True;2
1621249265000;11537352;0.86299;0.86311;0.86305;2;T;True;2
1621249266000;11537355;0.863;0.86312;0.86306;2;T;True;2
1621249267000;11537358;0.86299;0.86311;0.86305;2;T;True;2
1621249268000;11537361;0.863;0.86312;0.86306;2;T;True;2
1621249269000;11537362;0.863;0.86312;0.86306;0;T;True;2
1621249270000;11537363;0.863;0.86312;0.86306;0;T;True;2
1621249271000;11537364;0.863;0.86312;0.86306;0;T;True;2
1621249272000;11537366;0.86299;0.86311;0.86305;1;T;True;2
1621249273000;11537370;0.86298;0.8631;0.86304;3;T;True;2
1621249274000;11537374;0.86298;0.8631;0.86304;3;T;True;2
1621249275000;11537376;0.86299;0.86311;0.86305;1;T;True;2
1621249276000;11537383;0.86301;0.86313;0.86307;6;T;True;2
1621249277000;11537388;0.86303;0.86315;0.86309;4;T;True;2
1621249278000;11537394;0.86305;0.86317;0.86311;5;T;True;2
1621249279000;11537401;0.86309;0.86321;0.86315;6;T;True;2
1621249280000;11537408;0.86303;0.86315;0.86309;6;T;True;2
1621249281000;11537409;0.86303;0.86315;0.86309;0;T;True;2
1621249282000;11537410;0.86303;0.86315;0.86309;0;T;True;2
1621249283000;11537411;0.86303;0.86315;0.86309;0;T;True;2
1621249284000;11537416;0.86301;0.86313;0.86307;4;T;True;2
1621249285000;11537422;0.86301;0.86313;0.86307;5;T;True;2
1621249286000;11537425;0.86303;0.86315;0.86309;2;T;True;2
1621249287000;11537428;0.86301;0.86313;0.86307;2;T;True;2
1621249288000;11537429;0.86301;0.86313;0.86307;0;T;True;2
1621249289000;11537433;0.86301;0.86313;0.86307;3;T;True;2
1621249290000;11537437;0.86301;0.86313;0.86307;3;T;True;2
1621249291000;11537443;0.86301;0.86313;0.86307;5;T;True;2
1621249292000;11537445;0.86301;0.86313;0.86307;1;T;True;2
1621249293000;11537449;0.86301;0.86313;0.86307;3;T;True;2
1621249294000;11537450;0.86301;0.86313;0.86307;0;T;True;2
1621249295000;11537452;0.86301;0.86313;0.86307;1;T;True;2
1621249296000;11537453;0.86301;0.86313;0.86307;0;T;True;2
1621249297000;11537465;0.86299;0.86311;0.86305;11;T;True;2
1621249298000;11537467;0.86298;0.8631;0.86304;1;T;True;2
1621249299000;11537471;0.86299;0.86311;0.86305;3;T;True;2
1621249300000;11537481;0.86299;0.86311;0.86305;9;T;True;2
1621249301000;11537488;0.86294;0.86306;0.863;6;T;True;2
1621249302000;11537489;0.86294;0.86306;0.863;0;T;True;2
1621249303000;11537490;0.86294;0.86306;0.863;0;T;True;2
1621249304000;11537498;0.86281;0.86293;0.86287;7;T;True;2
1621249305000;11537502;0.86281;0.86293;0.86287;3;T;True;2
1621249306000;11537504;0.86281;0.86293;0.86287;1;T;True;2
1621249307000;11537513;0.86279;0.86291;0.86285;8;T;True;2
1621249308000;11537515;0.86279;0.86291;0.86285;1;T;True;2
1621249309000;11537519;0.8628;0.86292;0.86286;3;T;True;2
1621249310000;11537522;0.8628;0.86292;0.86286;2;T;True;2
1621249311000;11537529;0.86283;0.86295;0.86289;6;T;True;2
1621249312000;11537537;0.86285;0.86297;0.86291;7;T;True;2
1621249313000;11537539;0.86285;0.86297;0.86291;1;T;True;2
1621249314000;11537554;0.86279;0.86291;0.86285;14;T;True;2
1621249315000;11537557;0.86278;0.8629;0.86284;2;T;True;2
1621249316000;11537560;0.86279;0.86291;0.86285;2;T;True;2
1621249317000;11537565;0.86281;0.86293;0.86287;4;T;True;2
1621249318000;11537567;0.86281;0.86293;0.86287;1;T;True;2
1621249319000;11537575;0.86283;0.86295;0.86289;7;T;True;2
1621249320000;11537579;0.86281;0.86293;0.86287;3;T;True;2
1621249321000;11537582;0.86281;0.86293;0.86287;2;T;True;2
1621249322000;11537586;0.86282;0.86294;0.86288;3;T;True;2
1621249323000;11537590;0.86283;0.86295;0.86289;3;T;True;2
1621249324000;11537594;0.86283;0.86295;0.86289;3;T;True;2
1621249325000;11537602;0.86291;0.86303;0.86297;7;T;True;2
1621249326000;11537610;0.86294;0.86306;0.863;7;T;True;2
1621249327000;11537616;0.86297;0.86309;0.86303;5;T;True;2
1621249328000;11537620;0.86293;0.86305;0.86299;3;T;True;2
1621249329000;11537638;0.86281;0.86293;0.86287;17;T;True;2
1621249330000;11537647;0.86287;0.86299;0.86293;8;T;True;2
1621249331000;11537651;0.86287;0.86299;0.86293;3;T;True;2
1621249332000;11537654;0.86287;0.86299;0.86293;2;T;True;2
1621249333000;11537662;0.86287;0.86299;0.86293;7;T;True;2
1621249334000;11537670;0.86287;0.86299;0.86293;7;T;True;2
1621249335000;11537671;0.86287;0.86299;0.86293;0;T;True;2
1621249336000;11537673;0.86287;0.86299;0.86293;1;T;True;2
1621249337000;11537681;0.8629;0.86302;0.86296;7;T;True;2
1621249338000;11537686;0.86288;0.863;0.86294;4;T;True;2
1621249339000;11537687;0.86288;0.863;0.86294;0;T;True;2
1621249340000;11537688;0.86288;0.863;0.86294;0;T;True;2
1621249341000;11537691;0.86287;0.86299;0.86293;2;T;True;2
1621249342000;11537692;0.86287;0.86299;0.86293;0;T;True;2
1621249343000;11537704;0.86277;0.86289;0.86283;11;T;True;2
1621249344000;11537710;0.86277;0.86289;0.86283;5;T;True;2
1621249345000;11537714;0.86279;0.86291;0.86285;3;T;True;2
1621249346000;11537716;0.86279;0.86291;0.86285;1;T;True;2
1621249347000;11537718;0.8628;0.86292;0.86286;1;T;True;2
1621249348000;11537720;0.86281;0.86293;0.86287;1;T;True;2
1621249349000;11537723;0.86281;0.86293;0.86287;2;T;True;2
1621249350000;11537732;0.86286;0.86298;0.86292;8;T;True;2
1621249351000;11537737;0.86285;0.86297;0.86291;4;T;True;2
1621249352000;11537741;0.86279;0.86291;0.86285;3;T;True;2
1621249353000;11537743;0.86279;0.86291;0.86285;1;T;True;2
1621249354000;11537744;0.86279;0.86291;0.86285;0;T;True;2
1621249355000;11537745;0.86279;0.86291;0.86285;0;T;True;2
1621249356000;11537746;0.86279;0.86291;0.86285;0;T;True;2
1621249357000;11537747;0.86279;0.86291;0.86285;0;T;True;2
1621249358000;11537748;0.86279;0.86291;0.86285;0;T;True;2
1621249359000;11537749;0.86279;0.86291;0.86285;0;T;True;2
1621249360000;11537750;0.86279;0.86291;0.86285;0;T;True;2
1621249361000;11537752;0.86278;0.8629;0.86284;1;T;True;2
1621249362000;11537753;0.86278;0.8629;0.86284;0;T;True;2
1621249363000;11537754;0.86278;0.8629;0.86284;0;T;True;2
1621249364000;11537755;0.86278;0.8629;0.86284;0;T;True;2
1621249365000;11537756;0.86278;0.8629;0.86284;0;T;True;2
1621249366000;11537758;0.86278;0.8629;0.86284;1;T;True;2
1621249367000;11537759;0.86278;0.8629;0.86284;0;T;True;2
1621249368000;11537760;0.86278;0.8629;0.86284;0;T;True;2
1621249369000;11537761;0.86278;0.8629;0.86284;0;T;True;2
1621249370000;11537762;0.86278;0.8629;0.86284;0;T;True;2
1621249371000;11537763;0.86278;0.8629;0.86284;0;T;True;2
1621249372000;11537764;0.86278;0.8629;0.86284;0;T;True;2
1621249373000;11537766;0.86279;0.86291;0.86285;1;T;True;2
1621249374000;11537768;0.86279;0.86291;0.86285;1;T;True;2
1621249375000;11537769;0.86279;0.86291;0.86285;0;T;True;2
1621249376000;11537770;0.86279;0.86291;0.86285;0;T;True;2
1621249377000;11537772;0.86279;0.86291;0.86285;1;T;True;2
1621249378000;11537773;0.86279;0.86291;0.86285;0;T;True;2
1621249379000;11537774;0.86279;0.86291;0.86285;0;T;True;2
1621249380000;11537775;0.86279;0.86291;0.86285;0;T;True;2
1621249381000;11537776;0.86279;0.86291;0.86285;0;T;True;2
1621249382000;11537777;0.86279;0.86291;0.86285;0;T;True;2
1621249383000;11537780;0.86279;0.86291;0.86285;2;T;True;2
1621249384000;11537781;0.86279;0.86291;0.86285;0;T;True;2
1621249385000;11537782;0.86279;0.86291;0.86285;0;T;True;2
1621249386000;11537783;0.86279;0.86291;0.86285;0;T;True;2
1621249387000;11537784;0.86279;0.86291;0.86285;0;T;True;2
1621249388000;11537786;0.8628;0.86292;0.86286;1;T;True;2
1621249389000;11537789;0.86277;0.86289;0.86283;2;T;True;2
1621249390000;11537794;0.86274;0.86286;0.8628;4;T;True;2
1621249391000;11537804;0.86279;0.86291;0.86285;9;T;True;2
1621249392000;11537805;0.86279;0.86291;0.86285;0;T;True;2
1621249393000;11537807;0.86279;0.86291;0.86285;1;T;True;2
1621249394000;11537808;0.86279;0.86291;0.86285;0;T;True;2
1621249395000;11537809;0.86279;0.86291;0.86285;0;T;True;2
1621249396000;11537813;0.86279;0.86291;0.86285;3;T;True;2
1621249397000;11537816;0.86279;0.86291;0.86285;2;T;True;2
1621249398000;11537819;0.86279;0.86291;0.86285;2;T;True;2
1621249399000;11537821;0.86279;0.86291;0.86285;1;T;True;2
1621249400000;11537822;0.86279;0.86291;0.86285;0;T;True;2
1621249401000;11537826;0.86281;0.86293;0.86287;3;T;True;2
1621249402000;11537827;0.86281;0.86293;0.86287;0;T;True;2
1621249403000;11537828;0.86281;0.86293;0.86287;0;T;True;2
1621249404000;11537841;0.86279;0.86291;0.86285;12;T;True;2
1621249405000;11537842;0.86279;0.86291;0.86285;0;T;True;2
1621249406000;11537843;0.86279;0.86291;0.86285;0;T;True;2
1621249407000;11537844;0.86279;0.86291;0.86285;0;T;True;2
1621249408000;11537845;0.86279;0.86291;0.86285;0;T;True;2
1621249409000;11537846;0.86279;0.86291;0.86285;0;T;True;2
1621249410000;11537848;0.86279;0.86291;0.86285;1;T;True;2
1621249411000;11537850;0.86279;0.86291;0.86285;1;T;True;2
1621249412000;11537851;0.86279;0.86291;0.86285;0;T;True;2
1621249413000;11537852;0.86279;0.86291;0.86285;0;T;True;2
1621249414000;11537853;0.86279;0.86291;0.86285;0;T;True;2
1621249415000;11537860;0.86274;0.86286;0.8628;6;T;True;2
1621249416000;11537869;0.86269;0.86281;0.86275;8;T;True;2
1621249417000;11537870;0.86269;0.86281;0.86275;0;T;True;2
1621249418000;11537871;0.86269;0.86281;0.86275;0;T;True;2
1621249419000;11537872;0.86269;0.86281;0.86275;0;T;True;2
1621249420000;11537873;0.86269;0.86281;0.86275;0;T;True;2
1621249421000;11537876;0.86269;0.86281;0.86275;2;T;True;2
1621249422000;11537877;0.86269;0.86281;0.86275;0;T;True;2
1621249423000;11537878;0.86269;0.86281;0.86275;0;T;True;2
1621249424000;11537881;0.86268;0.8628;0.86274;2;T;True;2
1621249425000;11537885;0.86265;0.86277;0.86271;3;T;True;2
1621249426000;11537886;0.86265;0.86277;0.86271;0;T;True;2
1621249427000;11537887;0.86265;0.86277;0.86271;0;T;True;2
1621249428000;11537888;0.86265;0.86277;0.86271;0;T;True;2
1621249429000;11537889;0.86265;0.86277;0.86271;0;T;True;2
1621249430000;11537890;0.86265;0.86277;0.86271;0;T;True;2
1621249431000;11537891;0.86265;0.86277;0.86271;0;T;True;2
1621249432000;11537892;0.86265;0.86277;0.86271;0;T;True;2
1621249433000;11537893;0.86265;0.86277;0.86271;0;T;True;2
1621249434000;11537895;0.86264;0.86276;0.8627;1;T;True;2
1621249435000;11537896;0.86264;0.86276;0.8627;0;T;True;2
1621249436000;11537897;0.86264;0.86276;0.8627;0;T;True;2
1621249437000;11537900;0.86265;0.86277;0.86271;2;T;True;2
1621249438000;11537901;0.86265;0.86277;0.86271;0;T;True;2
1621249439000;11537902;0.86265;0.86277;0.86271;0;T;True;2
1621249440000;11537903;0.86265;0.86277;0.86271;0;T;True;2
1621249441000;11537904;0.86265;0.86277;0.86271;0;T;True;2
1621249442000;11537905;0.86265;0.86277;0.86271;0;T;True;2
1621249443000;11537906;0.86265;0.86277;0.86271;0;T;True;2
1621249444000;11537907;0.86265;0.86277;0.86271;0;T;True;2
1621249445000;11537908;0.86265;0.86277;0.86271;0;T;True;2
1621249446000;11537909;0.86265;0.86277;0.86271;0;T;True;2
1621249447000;11537910;0.86265;0.86277;0.86271;0;T;True;2
1621249448000;11537911;0.86265;0.86277;0.86271;0;T;True;2
1621249449000;11537912;0.86265;0.86277;0.86271;0;T;True;2
1621249450000;11537913;0.86265;0.86277;0.86271;0;T;True;2
1621249451000;11537914;0.86265;0.86277;0.86271;0;T;True;2
1621249452000;11537916;0.86264;0.86276;0.8627;1;T;True;2
1621249453000;11537921;0.86261;0.86273;0.86267;4;T;True;2
1621249454000;11537926;0.86259;0.86271;0.86265;4;T;True;2
1621249455000;11537929;0.86258;0.8627;0.86264;2;T;True;2
1621249456000;11537930;0.86258;0.8627;0.86264;0;T;True;2
1621249457000;11537931;0.86258;0.8627;0.86264;0;T;True;2
1621249458000;11537932;0.86258;0.8627;0.86264;0;T;True;2
1621249459000;11537933;0.86258;0.8627;0.86264;0;T;True;2
1621249460000;11537934;0.86258;0.8627;0.86264;0;T;True;2
1621249461000;11537935;0.86258;0.8627;0.86264;0;T;True;2
1621249462000;11537937;0.86258;0.8627;0.86264;1;T;True;2
1621249463000;11537938;0.86258;0.8627;0.86264;0;T;True;2
1621249464000;11537939;0.86258;0.8627;0.86264;0;T;True;2
1621249465000;11537941;0.86258;0.8627;0.86264;1;T;True;2
1621249466000;11537942;0.86258;0.8627;0.86264;0;T;True;2
1621249467000;11537946;0.86257;0.86269;0.86263;3;T;True;2
1621249468000;11537947;0.86257;0.86269;0.86263;0;T;True;2
1621249469000;11537948;0.86257;0.86269;0.86263;0;T;True;2
1621249470000;11537949;0.86257;0.86269;0.86263;0;T;True;2
1621249471000;11537952;0.86257;0.86269;0.86263;2;T;True;2
1621249472000;11537956;0.86257;0.86269;0.86263;3;T;True;2
1621249473000;11537957;0.86257;0.86269;0.86263;0;T;True;2
1621249474000;11537958;0.86257;0.86269;0.86263;0;T;True;2
1621249475000;11537959;0.86257;0.86269;0.86263;0;T;True;2
1621249476000;11537960;0.86257;0.86269;0.86263;0;T;True;2
1621249477000;11537961;0.86257;0.86269;0.86263;0;T;True;2
1621249478000;11537965;0.86257;0.86269;0.86263;3;T;True;2
1621249479000;11537966;0.86257;0.86269;0.86263;0;T;True;2
1621249480000;11537967;0.86257;0.86269;0.86263;0;T;True;2
1621249481000;11537978;0.86249;0.86261;0.86255;10;T;True;2
1621249482000;11537985;0.86245;0.86257;0.86251;6;T;True;2
1621249483000;11537993;0.86243;0.86255;0.86249;7;T;True;2
1621249484000;11537999;0.86242;0.86254;0.86248;5;T;True;2
1621249485000;11538007;0.86243;0.86255;0.86249;7;T;True;2
1621249486000;11538015;0.86249;0.86261;0.86255;7;T;True;2
1621249487000;11538017;0.8625;0.86262;0.86256;1;T;True;2
1621249488000;11538018;0.8625;0.86262;0.86256;0;T;True;2
1621249489000;11538019;0.8625;0.86262;0.86256;0;T;True;2
1621249490000;11538022;0.8625;0.86262;0.86256;2;T;True;2
1621249491000;11538028;0.86253;0.86265;0.86259;5;T;True;2
1621249492000;11538032;0.86254;0.86266;0.8626;3;T;True;2
1621249493000;11538034;0.86255;0.86267;0.86261;1;T;True;2
1621249494000;11538035;0.86255;0.86267;0.86261;0;T;True;2
1621249495000;11538036;0.86255;0.86267;0.86261;0;T;True;2
1621249496000;11538038;0.86255;0.86267;0.86261;1;T;True;2
1621249497000;11538041;0.86255;0.86267;0.86261;2;T;True;2
1621249498000;11538043;0.86255;0.86267;0.86261;1;T;True;2
1621249499000;11538044;0.86255;0.86267;0.86261;0;T;True;2
1621249500000;11538046;0.86256;0.86268;0.86262;1;T;True;2
1621249501000;11538048;0.86257;0.86269;0.86263;1;T;True;2
1621249502000;11538054;0.8626;0.86272;0.86266;5;T;True;2
1621249503000;11538059;0.86263;0.86275;0.86269;4;T;True;2
1621249504000;11538060;0.86263;0.86275;0.86269;0;T;True;2
1621249505000;11538061;0.86263;0.86275;0.86269;0;T;True;2
1621249506000;11538062;0.86263;0.86275;0.86269;0;T;True;2
1621249507000;11538063;0.86263;0.86275;0.86269;0;T;True;2
1621249508000;11538064;0.86263;0.86275;0.86269;0;T;True;2
1621249509000;11538065;0.86263;0.86275;0.86269;0;T;True;2
1621249510000;11538066;0.86263;0.86275;0.86269;0;T;True;2
1621249511000;11538067;0.86263;0.86275;0.86269;0;T;True;2
1621249512000;11538068;0.86263;0.86275;0.86269;0;T;True;2
1621249513000;11538069;0.86263;0.86275;0.86269;0;T;True;2
1621249514000;11538073;0.86261;0.86273;0.86267;3;T;True;2
1621249515000;11538074;0.86261;0.86273;0.86267;0;T;True;2
1621249516000;11538076;0.8626;0.86272;0.86266;1;T;True;2
1621249517000;11538079;0.86257;0.86269;0.86263;2;T;True;2
1621249518000;11538080;0.86257;0.86269;0.86263;0;T;True;2
1621249519000;11538081;0.86257;0.86269;0.86263;0;T;True;2
1621249520000;11538083;0.86257;0.86269;0.86263;1;T;True;2
1621249521000;11538084;0.86257;0.86269;0.86263;0;T;True;2
1621249522000;11538086;0.86257;0.86269;0.86263;1;T;True;2
1621249523000;11538088;0.86257;0.86269;0.86263;1;T;True;2
1621249524000;11538089;0.86257;0.86269;0.86263;0;T;True;2
1621249525000;11538090;0.86257;0.86269;0.86263;0;T;True;2
1621249526000;11538091;0.86257;0.86269;0.86263;0;T;True;2
1621249527000;11538092;0.86257;0.86269;0.86263;0;T;True;2
1621249528000;11538098;0.86261;0.86273;0.86267;5;T;True;2
1621249529000;11538099;0.86261;0.86273;0.86267;0;T;True;2
1621249530000;11538100;0.86261;0.86273;0.86267;0;T;True;2
1621249531000;11538102;0.86261;0.86273;0.86267;1;T;True;2
1621249532000;11538106;0.86262;0.86274;0.86268;3;T;True;2
1621249533000;11538107;0.86262;0.86274;0.86268;0;T;True;2
1621249534000;11538108;0.86262;0.86274;0.86268;0;T;True;2
1621249535000;11538109;0.86262;0.86274;0.86268;0;T;True;2
1621249536000;11538110;0.86262;0.86274;0.86268;0;T;True;2
1621249537000;11538111;0.86262;0.86274;0.86268;0;T;True;2
1621249538000;11538112;0.86262;0.86274;0.86268;0;T;True;2
1621249539000;11538113;0.86262;0.86274;0.86268;0;T;True;2
1621249540000;11538114;0.86262;0.86274;0.86268;0;T;True;2
1621249541000;11538119;0.86257;0.86269;0.86263;4;T;True;2
1621249542000;11538125;0.86253;0.86265;0.86259;5;T;True;2
1621249543000;11538127;0.86253;0.86265;0.86259;1;T;True;2
1621249544000;11538129;0.86252;0.86264;0.86258;1;T;True;2
1621249545000;11538130;0.86252;0.86264;0.86258;0;T;True;2
1621249546000;11538131;0.86252;0.86264;0.86258;0;T;True;2
1621249547000;11538135;0.86251;0.86263;0.86257;3;T;True;2
1621249548000;11538136;0.86251;0.86263;0.86257;0;T;True;2
1621249549000;11538139;0.8625;0.86262;0.86256;2;T;True;2
1621249550000;11538140;0.8625;0.86262;0.86256;0;T;True;2
1621249551000;11538142;0.86251;0.86263;0.86257;1;T;True;2
1621249552000;11538144;0.8625;0.86262;0.86256;1;T;True;2
1621249553000;11538148;0.86251;0.86263;0.86257;3;T;True;2
1621249554000;11538155;0.86249;0.86261;0.86255;6;T;True;2
1621249555000;11538162;0.86251;0.86263;0.86257;6;T;True;2
1621249556000;11538172;0.86247;0.86259;0.86253;9;T;True;2
1621249557000;11538173;0.86247;0.86259;0.86253;0;T;True;2
1621249558000;11538176;0.86248;0.8626;0.86254;2;T;True;2
1621249559000;11538178;0.86248;0.8626;0.86254;1;T;True;2
1621249560000;11538180;0.86247;0.86259;0.86253;1;T;True;2
1621249561000;11538182;0.86247;0.86259;0.86253;1;T;True;2
1621249562000;11538184;0.86247;0.86259;0.86253;1;T;True;2
1621249563000;11538185;0.86247;0.86259;0.86253;0;T;True;2
1621249564000;11538186;0.86247;0.86259;0.86253;0;T;True;2
1621249565000;11538189;0.86245;0.86257;0.86251;2;T;True;2
1621249566000;11538193;0.86244;0.86256;0.8625;3;T;True;2
1621249567000;11538195;0.86243;0.86255;0.86249;1;T;True;2
1621249568000;11538198;0.86243;0.86255;0.86249;2;T;True;2
1621249569000;11538200;0.86243;0.86255;0.86249;1;T;True;2
1621249570000;11538201;0.86243;0.86255;0.86249;0;T;True;2
1621249571000;11538203;0.86242;0.86254;0.86248;1;T;True;2
1621249572000;11538204;0.86242;0.86254;0.86248;0;T;True;2
1621249573000;11538205;0.86242;0.86254;0.86248;0;T;True;2
1621249574000;11538207;0.86241;0.86253;0.86247;1;T;True;2
1621249575000;11538208;0.86241;0.86253;0.86247;0;T;True;2
1621249576000;11538216;0.86248;0.8626;0.86254;7;T;True;2
1621249577000;11538223;0.86253;0.86265;0.86259;6;T;True;2
1621249578000;11538226;0.86255;0.86267;0.86261;2;T;True;2
1621249579000;11538227;0.86255;0.86267;0.86261;0;T;True;2
1621249580000;11538228;0.86255;0.86267;0.86261;0;T;True;2
1621249581000;11538229;0.86255;0.86267;0.86261;0;T;True;2
1621249582000;11538230;0.86255;0.86267;0.86261;0;T;True;2
1621249583000;11538231;0.86255;0.86267;0.86261;0;T;True;2
1621249584000;11538232;0.86255;0.86267;0.86261;0;T;True;2
1621249585000;11538235;0.86255;0.86267;0.86261;2;T;True;2
1621249586000;11538236;0.86255;0.86267;0.86261;0;T;True;2
1621249587000;11538237;0.86255;0.86267;0.86261;0;T;True;2
1621249588000;11538238;0.86255;0.86267;0.86261;0;T;True;2
1621249589000;11538239;0.86255;0.86267;0.86261;0;T;True;2
1621249590000;11538242;0.86253;0.86265;0.86259;2;T;True;2
1621249591000;11538243;0.86253;0.86265;0.86259;0;T;True;2
1621249592000;11538245;0.86254;0.86266;0.8626;1;T;True;2
1621249593000;11538247;0.86253;0.86265;0.86259;1;T;True;2
1621249594000;11538249;0.86251;0.86263;0.86257;1;T;True;2
1621249595000;11538250;0.86251;0.86263;0.86257;0;T;True;2
1621249596000;11538251;0.86251;0.86263;0.86257;0;T;True;2
1621249597000;11538252;0.86251;0.86263;0.86257;0;T;True;2
1621249598000;11538253;0.86251;0.86263;0.86257;0;T;True;2
1621249599000;11538254;0.86251;0.86263;0.86257;0;T;True;2
1621249600000;11538255;0.86251;0.86263;0.86257;0;T;True;2
1621249601000;11538258;0.8625;0.86262;0.86256;2;T;True;2
1621249602000;11538261;0.8625;0.86262;0.86256;2;T;True;2
1621249603000;11538262;0.8625;0.86262;0.86256;0;T;True;2
1621249604000;11538263;0.8625;0.86262;0.86256;0;T;True;2
1621249605000;11538265;0.86249;0.86261;0.86255;1;T;True;2
1621249606000;11538266;0.86249;0.86261;0.86255;0;T;True;2
1621249607000;11538267;0.86249;0.86261;0.86255;0;T;True;2
1621249608000;11538268;0.86249;0.86261;0.86255;0;T;True;2
1621249609000;11538269;0.86249;0.86261;0.86255;0;T;True;2
1621249610000;11538270;0.86249;0.86261;0.86255;0;T;True;2
1621249611000;11538271;0.86249;0.86261;0.86255;0;T;True;2
1621249612000;11538272;0.86249;0.86261;0.86255;0;T;True;2
1621249613000;11538273;0.86249;0.86261;0.86255;0;T;True;2
1621249614000;11538274;0.86249;0.86261;0.86255;0;T;True;2
1621249615000;11538275;0.86249;0.86261;0.86255;0;T;True;2
1621249616000;11538276;0.86249;0.86261;0.86255;0;T;True;2
1621249617000;11538277;0.86249;0.86261;0.86255;0;T;True;2
1621249618000;11538278;0.86249;0.86261;0.86255;0;T;True;2
1621249619000;11538279;0.86249;0.86261;0.86255;0;T;True;2
1621249620000;11538280;0.86249;0.86261;0.86255;0;T;True;2
1621249621000;11538285;0.86245;0.86257;0.86251;4;T;True;2
1621249622000;11538287;0.86243;0.86255;0.86249;1;T;True;2
1621249623000;11538288;0.86243;0.86255;0.86249;0;T;True;2
1621249624000;11538289;0.86243;0.86255;0.86249;0;T;True;2
1621249625000;11538292;0.86245;0.86257;0.86251;2;T;True;2
1621249626000;11538293;0.86245;0.86257;0.86251;0;T;True;2
1621249627000;11538294;0.86245;0.86257;0.86251;0;T;True;2
1621249628000;11538295;0.86245;0.86257;0.86251;0;T;True;2
1621249629000;11538296;0.86245;0.86257;0.86251;0;T;True;2
1621249630000;11538297;0.86245;0.86257;0.86251;0;T;True;2
1621249631000;11538298;0.86245;0.86257;0.86251;0;T;True;2
1621249632000;11538299;0.86245;0.86257;0.86251;0;T;True;2
1621249633000;11538300;0.86245;0.86257;0.86251;0;T;True;2
1621249634000;11538301;0.86245;0.86257;0.86251;0;T;True;2
1621249635000;11538304;0.86247;0.86259;0.86253;2;T;True;2
1621249636000;11538305;0.86247;0.86259;0.86253;0;T;True;2
1621249637000;11538306;0.86247;0.86259;0.86253;0;T;True;2
1621249638000;11538308;0.86247;0.86259;0.86253;1;T;True;2
1621249639000;11538309;0.86247;0.86259;0.86253;0;T;True;2
1621249640000;11538310;0.86247;0.86259;0.86253;0;T;True;2
1621249641000;11538311;0.86247;0.86259;0.86253;0;T;True;2
1621249642000;11538312;0.86247;0.86259;0.86253;0;T;True;2
1621249643000;11538314;0.86247;0.86259;0.86253;1;T;True;2
1621249644000;11538315;0.86247;0.86259;0.86253;0;T;True;2
1621249645000;11538316;0.86247;0.86259;0.86253;0;T;True;2
1621249646000;11538317;0.86247;0.86259;0.86253;0;T;True;2
1621249647000;11538318;0.86247;0.86259;0.86253;0;T;True;2
1621249648000;11538319;0.86247;0.86259;0.86253;0;T;True;2
1621249649000;11538320;0.86247;0.86259;0.86253;0;T;True;2
1621249650000;11538322;0.86247;0.86259;0.86253;1;T;True;2
1621249651000;11538323;0.86247;0.86259;0.86253;0;T;True;2
1621249652000;11538324;0.86247;0.86259;0.86253;0;T;True;2
1621249653000;11538325;0.86247;0.86259;0.86253;0;T;True;2
1621249654000;11538326;0.86247;0.86259;0.86253;0;T;True;2
1621249655000;11538327;0.86247;0.86259;0.86253;0;T;True;2
1621249656000;11538329;0.86248;0.8626;0.86254;1;T;True;2
1621249657000;11538332;0.86247;0.86259;0.86253;2;T;True;2
1621249658000;11538343;0.86249;0.86261;0.86255;10;T;True;2
1621249659000;11538345;0.86249;0.86261;0.86255;1;T;True;2
1621249660000;11538347;0.86249;0.86261;0.86255;1;T;True;2
1621249661000;11538348;0.86249;0.86261;0.86255;0;T;True;2
1621249662000;11538353;0.86251;0.86263;0.86257;4;T;True;2
1621249663000;11538354;0.86251;0.86263;0.86257;0;T;True;2
1621249664000;11538358;0.86251;0.86263;0.86257;3;T;True;2
1621249665000;11538360;0.86251;0.86263;0.86257;1;T;True;2
1621249666000;11538363;0.86251;0.86263;0.86257;2;T;True;2
1621249667000;11538364;0.86251;0.86263;0.86257;0;T;True;2
1621249668000;11538367;0.86253;0.86265;0.86259;2;T;True;2
1621249669000;11538370;0.86252;0.86264;0.86258;2;T;True;2
1621249670000;11538372;0.86251;0.86263;0.86257;1;T;True;2
1621249671000;11538375;0.86252;0.86264;0.86258;2;T;True;2
1621249672000;11538380;0.8625;0.86262;0.86256;4;T;True;2
1621249673000;11538381;0.8625;0.86262;0.86256;0;T;True;2
1621249674000;11538382;0.8625;0.86262;0.86256;0;T;True;2
1621249675000;11538383;0.8625;0.86262;0.86256;0;T;True;2
1621249676000;11538384;0.8625;0.86262;0.86256;0;T;True;2
1621249677000;11538390;0.86249;0.86261;0.86255;5;T;True;2
1621249678000;11538391;0.86249;0.86261;0.86255;0;T;True;2
1621249679000;11538399;0.86247;0.86259;0.86253;7;T;True;2
1621249680000;11538400;0.86247;0.86259;0.86253;0;T;True;2
1621249681000;11538403;0.86249;0.86261;0.86255;2;T;True;2
1621249682000;11538408;0.86251;0.86263;0.86257;4;T;True;2
1621249683000;11538410;0.86251;0.86263;0.86257;1;T;True;2
1621249684000;11538411;0.86251;0.86263;0.86257;0;T;True;2
1621249685000;11538413;0.86249;0.86261;0.86255;1;T;True;2
1621249686000;11538416;0.86247;0.86259;0.86253;2;T;True;2
1621249687000;11538417;0.86247;0.86259;0.86253;0;T;True;2
1621249688000;11538418;0.86247;0.86259;0.86253;0;T;True;2
1621249689000;11538419;0.86247;0.86259;0.86253;0;T;True;2
1621249690000;11538420;0.86247;0.86259;0.86253;0;T;True;2
1621249691000;11538421;0.86247;0.86259;0.86253;0;T;True;2
1621249692000;11538424;0.86249;0.86261;0.86255;2;T;True;2
1621249693000;11538425;0.86249;0.86261;0.86255;0;T;True;2
1621249694000;11538429;0.86249;0.86261;0.86255;3;T;True;2
1621249695000;11538433;0.86249;0.86261;0.86255;3;T;True;2
1621249696000;11538437;0.86249;0.86261;0.86255;3;T;True;2
1621249697000;11538438;0.86249;0.86261;0.86255;0;T;True;2
1621249698000;11538445;0.86249;0.86261;0.86255;6;T;True;2
1621249699000;11538446;0.86249;0.86261;0.86255;0;T;True;2
1621249700000;11538448;0.86249;0.86261;0.86255;1;T;True;2
1621249701000;11538450;0.86249;0.86261;0.86255;1;T;True;2
1621249702000;11538452;0.86249;0.86261;0.86255;1;T;True;2
1621249703000;11538453;0.86249;0.86261;0.86255;0;T;True;2
1621249704000;11538454;0.86249;0.86261;0.86255;0;T;True;2
1621249705000;11538455;0.86249;0.86261;0.86255;0;T;True;2
1621249706000;11538456;0.86249;0.86261;0.86255;0;T;True;2
1621249707000;11538457;0.86249;0.86261;0.86255;0;T;True;2
1621249708000;11538464;0.86255;0.86267;0.86261;6;T;True;2
1621249709000;11538465;0.86255;0.86267;0.86261;0;T;True;2
1621249710000;11538466;0.86255;0.86267;0.86261;0;T;True;2
1621249711000;11538467;0.86255;0.86267;0.86261;0;T;True;2
1621249712000;11538468;0.86255;0.86267;0.86261;0;T;True;2
1621249713000;11538473;0.86256;0.86268;0.86262;4;T;True;2
1621249714000;11538475;0.86255;0.86267;0.86261;1;T;True;2
1621249715000;11538480;0.86256;0.86268;0.86262;4;T;True;2
1621249716000;11538482;0.86255;0.86267;0.86261;1;T;True;2
1621249717000;11538483;0.86255;0.86267;0.86261;0;T;True;2
1621249718000;11538484;0.86255;0.86267;0.86261;0;T;True;2
1621249719000;11538485;0.86255;0.86267;0.86261;0;T;True;2
1621249720000;11538486;0.86255;0.86267;0.86261;0;T;True;2
1621249721000;11538487;0.86255;0.86267;0.86261;0;T;True;2
1621249722000;11538488;0.86255;0.86267;0.86261;0;T;True;2
1621249723000;11538489;0.86255;0.86267;0.86261;0;T;True;2
1621249724000;11538490;0.86255;0.86267;0.86261;0;T;True;2
1621249725000;11538491;0.86255;0.86267;0.86261;0;T;True;2
1621249726000;11538494;0.86255;0.86267;0.86261;2;T;True;2
1621249727000;11538495;0.86255;0.86267;0.86261;0;T;True;2
1621249728000;11538496;0.86255;0.86267;0.86261;0;T;True;2
1621249729000;11538497;0.86255;0.86267;0.86261;0;T;True;2
1621249730000;11538498;0.86255;0.86267;0.86261;0;T;True;2
1621249731000;11538501;0.86255;0.86267;0.86261;2;T;True;2
1621249732000;11538502;0.86255;0.86267;0.86261;0;T;True;2
1621249733000;11538503;0.86255;0.86267;0.86261;0;T;True;2
1621249734000;11538504;0.86255;0.86267;0.86261;0;T;True;2
1621249735000;11538505;0.86255;0.86267;0.86261;0;T;True;2
1621249736000;11538508;0.86253;0.86265;0.86259;2;T;True;2
1621249737000;11538511;0.86251;0.86263;0.86257;2;T;True;2
1621249738000;11538513;0.86251;0.86263;0.86257;1;T;True;2
1621249739000;11538517;0.86252;0.86264;0.86258;3;T;True;2
1621249740000;11538518;0.86252;0.86264;0.86258;0;T;True;2
1621249741000;11538519;0.86252;0.86264;0.86258;0;T;True;2
1621249742000;11538521;0.86253;0.86265;0.86259;1;T;True;2
1621249743000;11538524;0.86253;0.86265;0.86259;2;T;True;2
1621249744000;11538527;0.86255;0.86267;0.86261;2;T;True;2
1621249745000;11538528;0.86255;0.86267;0.86261;0;T;True;2
1621249746000;11538529;0.86255;0.86267;0.86261;0;T;True;2
1621249747000;11538530;0.86255;0.86267;0.86261;0;T;True;2
1621249748000;11538531;0.86255;0.86267;0.86261;0;T;True;2
1621249749000;11538532;0.86255;0.86267;0.86261;0;T;True;2
1621249750000;11538533;0.86255;0.86267;0.86261;0;T;True;2
1621249751000;11538534;0.86255;0.86267;0.86261;0;T;True;2
1621249752000;11538535;0.86255;0.86267;0.86261;0;T;True;2
1621249753000;11538536;0.86255;0.86267;0.86261;0;T;True;2
1621249754000;11538537;0.86255;0.86267;0.86261;0;T;True;2
1621249755000;11538538;0.86255;0.86267;0.86261;0;T;True;2
1621249756000;11538539;0.86255;0.86267;0.86261;0;T;True;2
1621249757000;11538540;0.86255;0.86267;0.86261;0;T;True;2
1621249758000;11538541;0.86255;0.86267;0.86261;0;T;True;2
1621249759000;11538542;0.86255;0.86267;0.86261;0;T;True;2
1621249760000;11538543;0.86255;0.86267;0.86261;0;T;True;2
1621249761000;11538545;0.86256;0.86268;0.86262;1;T;True;2
1621249762000;11538546;0.86256;0.86268;0.86262;0;T;True;2
1621249763000;11538547;0.86256;0.86268;0.86262;0;T;True;2
1621249764000;11538548;0.86256;0.86268;0.86262;0;T;True;2
1621249765000;11538549;0.86256;0.86268;0.86262;0;T;True;2
1621249766000;11538550;0.86256;0.86268;0.86262;0;T;True;2
1621249767000;11538551;0.86256;0.86268;0.86262;0;T;True;2
1621249768000;11538552;0.86256;0.86268;0.86262;0;T;True;2
1621249769000;11538553;0.86256;0.86268;0.86262;0;T;True;2
1621249770000;11538554;0.86256;0.86268;0.86262;0;T;True;2
1621249771000;11538555;0.86256;0.86268;0.86262;0;T;True;2
1621249772000;11538558;0.86256;0.86268;0.86262;2;T;True;2
1621249773000;11538562;0.86254;0.86266;0.8626;3;T;True;2
1621249774000;11538567;0.86251;0.86263;0.86257;4;T;True;2
1621249775000;11538569;0.86249;0.86261;0.86255;1;T;True;2
1621249776000;11538571;0.8625;0.86262;0.86256;1;T;True;2
1621249777000;11538572;0.8625;0.86262;0.86256;0;T;True;2
1621249778000;11538573;0.8625;0.86262;0.86256;0;T;True;2
1621249779000;11538574;0.8625;0.86262;0.86256;0;T;True;2
1621249780000;11538576;0.86251;0.86263;0.86257;1;T;True;2
1621249781000;11538577;0.86251;0.86263;0.86257;0;T;True;2
1621249782000;11538578;0.86251;0.86263;0.86257;0;T;True;2
1621249783000;11538579;0.86251;0.86263;0.86257;0;T;True;2
1621249784000;11538580;0.86251;0.86263;0.86257;0;T;True;2
1621249785000;11538581;0.86251;0.86263;0.86257;0;T;True;2
1621249786000;11538582;0.86251;0.86263;0.86257;0;T;True;2
1621249787000;11538583;0.86251;0.86263;0.86257;0;T;True;2
1621249788000;11538584;0.86251;0.86263;0.86257;0;T;True;2
1621249789000;11538585;0.86251;0.86263;0.86257;0;T;True;2
1621249790000;11538586;0.86251;0.86263;0.86257;0;T;True;2
1621249791000;11538587;0.86251;0.86263;0.86257;0;T;True;2
1621249792000;11538588;0.86251;0.86263;0.86257;0;T;True;2
1621249793000;11538589;0.86251;0.86263;0.86257;0;T;True;2
1621249794000;11538590;0.86251;0.86263;0.86257;0;T;True;2
1621249795000;11538591;0.86251;0.86263;0.86257;0;T;True;2
1621249796000;11538592;0.86251;0.86263;0.86257;0;T;True;2
1621249797000;11538593;0.86251;0.86263;0.86257;0;T;True;2
1621249798000;11538596;0.86249;0.86261;0.86255;2;T;True;2
1621249799000;11538600;0.86248;0.8626;0.86254;3;T;True;2
1621249800000;11538603;0.86245;0.86257;0.86251;2;T;True;2
1621249801000;11538604;0.86245;0.86257;0.86251;0;T;True;2
1621249802000;11538606;0.86247;0.86259;0.86253;1;T;True;2
1621249803000;11538607;0.86247;0.86259;0.86253;0;T;True;2
1621249804000;11538608;0.86247;0.86259;0.86253;0;T;True;2
1621249805000;11538609;0.86247;0.86259;0.86253;0;T;True;2
1621249806000;11538610;0.86247;0.86259;0.86253;0;T;True;2
1621249807000;11538611;0.86247;0.86259;0.86253;0;T;True;2
1621249808000;11538614;0.86245;0.86257;0.86251;2;T;True;2
1621249809000;11538615;0.86245;0.86257;0.86251;0;T;True;2
1621249810000;11538616;0.86245;0.86257;0.86251;0;T;True;2
1621249811000;11538617;0.86245;0.86257;0.86251;0;T;True;2
1621249812000;11538618;0.86245;0.86257;0.86251;0;T;True;2
1621249813000;11538623;0.86246;0.86258;0.86252;4;T;True;2
1621249814000;11538627;0.86247;0.86259;0.86253;3;T;True;2
1621249815000;11538630;0.86247;0.86259;0.86253;2;T;True;2
1621249816000;11538632;0.86247;0.86259;0.86253;1;T;True;2
1621249817000;11538637;0.86249;0.86261;0.86255;4;T;True;2
1621249818000;11538638;0.86249;0.86261;0.86255;0;T;True;2
1621249819000;11538641;0.86247;0.86259;0.86253;2;T;True;2
1621249820000;11538642;0.86247;0.86259;0.86253;0;T;True;2
1621249821000;11538644;0.86247;0.86259;0.86253;1;T;True;2
1621249822000;11538646;0.86248;0.8626;0.86254;1;T;True;2
1621249823000;11538648;0.86247;0.86259;0.86253;1;T;True;2
1621249824000;11538649;0.86247;0.86259;0.86253;0;T;True;2
1621249825000;11538650;0.86247;0.86259;0.86253;0;T;True;2
1621249826000;11538654;0.86246;0.86258;0.86252;3;T;True;2
1621249827000;11538655;0.86246;0.86258;0.86252;0;T;True;2
1621249828000;11538656;0.86246;0.86258;0.86252;0;T;True;2
1621249829000;11538657;0.86246;0.86258;0.86252;0;T;True;2
1621249830000;11538664;0.86247;0.86259;0.86253;6;T;True;2
1621249831000;11538667;0.86247;0.86259;0.86253;2;T;True;2
1621249832000;11538670;0.86248;0.8626;0.86254;2;T;True;2
1621249833000;11538672;0.86248;0.8626;0.86254;1;T;True;2
1621249834000;11538676;0.8625;0.86262;0.86256;3;T;True;2
1621249835000;11538680;0.86251;0.86263;0.86257;3;T;True;2
1621249836000;11538681;0.86251;0.86263;0.86257;0;T;True;2
1621249837000;11538682;0.86251;0.86263;0.86257;0;T;True;2
1621249838000;11538686;0.86251;0.86263;0.86257;3;T;True;2
1621249839000;11538690;0.86252;0.86264;0.86258;3;T;True;2
1621249840000;11538694;0.86253;0.86265;0.86259;3;T;True;2
1621249841000;11538699;0.8625;0.86262;0.86256;4;T;True;2
1621249842000;11538701;0.8625;0.86262;0.86256;1;T;True;2
1621249843000;11538708;0.86247;0.86259;0.86253;6;T;True;2
1621249844000;11538716;0.86253;0.86265;0.86259;7;T;True;2
1621249845000;11538718;0.86253;0.86265;0.86259;1;T;True;2
1621249846000;11538719;0.86253;0.86265;0.86259;0;T;True;2
1621249847000;11538720;0.86253;0.86265;0.86259;0;T;True;2
1621249848000;11538721;0.86253;0.86265;0.86259;0;T;True;2
1621249849000;11538722;0.86253;0.86265;0.86259;0;T;True;2
1621249850000;11538724;0.86253;0.86265;0.86259;1;T;True;2
1621249851000;11538725;0.86253;0.86265;0.86259;0;T;True;2
1621249852000;11538726;0.86253;0.86265;0.86259;0;T;True;2
1621249853000;11538727;0.86253;0.86265;0.86259;0;T;True;2
1621249854000;11538728;0.86253;0.86265;0.86259;0;T;True;2
1621249855000;11538729;0.86253;0.86265;0.86259;0;T;True;2
1621249856000;11538732;0.86253;0.86265;0.86259;2;T;True;2
1621249857000;11538734;0.86253;0.86265;0.86259;1;T;True;2
1621249858000;11538735;0.86253;0.86265;0.86259;0;T;True;2
1621249859000;11538736;0.86253;0.86265;0.86259;0;T;True;2
1621249860000;11538738;0.86253;0.86265;0.86259;1;T;True;2
1621249861000;11538739;0.86253;0.86265;0.86259;0;T;True;2
1621249862000;11538740;0.86253;0.86265;0.86259;0;T;True;2
1621249863000;11538741;0.86253;0.86265;0.86259;0;T;True;2
1621249864000;11538742;0.86253;0.86265;0.86259;0;T;True;2
1621249865000;11538743;0.86253;0.86265;0.86259;0;T;True;2
1621249866000;11538746;0.86253;0.86265;0.86259;2;T;True;2
1621249867000;11538748;0.86253;0.86265;0.86259;1;T;True;2
1621249868000;11538749;0.86253;0.86265;0.86259;0;T;True;2
1621249869000;11538750;0.86253;0.86265;0.86259;0;T;True;2
1621249870000;11538752;0.86253;0.86265;0.86259;1;T;True;2
1621249871000;11538754;0.86254;0.86266;0.8626;1;T;True;2
1621249872000;11538757;0.86254;0.86266;0.8626;2;T;True;2
1621249873000;11538759;0.86255;0.86267;0.86261;1;T;True;2
1621249874000;11538762;0.86256;0.86268;0.86262;2;T;True;2
1621249875000;11538763;0.86256;0.86268;0.86262;0;T;True;2
1621249876000;11538764;0.86256;0.86268;0.86262;0;T;True;2
1621249877000;11538771;0.86253;0.86265;0.86259;6;T;True;2
1621249878000;11538776;0.86252;0.86264;0.86258;4;T;True;2
1621249879000;11538777;0.86252;0.86264;0.86258;0;T;True;2
1621249880000;11538780;0.86253;0.86265;0.86259;2;T;True;2
1621249881000;11538782;0.86253;0.86265;0.86259;1;T;True;2
1621249882000;11538783;0.86253;0.86265;0.86259;0;T;True;2
1621249883000;11538785;0.86253;0.86265;0.86259;1;T;True;2
1621249884000;11538786;0.86253;0.86265;0.86259;0;T;True;2
1621249885000;11538787;0.86253;0.86265;0.86259;0;T;True;2
1621249886000;11538788;0.86253;0.86265;0.86259;0;T;True;2
1621249887000;11538789;0.86253;0.86265;0.86259;0;T;True;2
1621249888000;11538790;0.86253;0.86265;0.86259;0;T;True;2
1621249889000;11538794;0.86253;0.86265;0.86259;3;T;True;2
1621249890000;11538795;0.86253;0.86265;0.86259;0;T;True;2
1621249891000;11538796;0.86253;0.86265;0.86259;0;T;True;2
1621249892000;11538797;0.86253;0.86265;0.86259;0;T;True;2
1621249893000;11538798;0.86253;0.86265;0.86259;0;T;True;2
1621249894000;11538799;0.86253;0.86265;0.86259;0;T;True;2
1621249895000;11538800;0.86253;0.86265;0.86259;0;T;True;2
1621249896000;11538801;0.86253;0.86265;0.86259;0;T;True;2
1621249897000;11538802;0.86253;0.86265;0.86259;0;T;True;2
1621249898000;11538804;0.86253;0.86265;0.86259;1;T;True;2
1621249899000;11538805;0.86253;0.86265;0.86259;0;T;True;2
1621249900000;11538806;0.86253;0.86265;0.86259;0;T;True;2
1621249901000;11538807;0.86253;0.86265;0.86259;0;T;True;2
1621249902000;11538808;0.86253;0.86265;0.86259;0;T;True;2
1621249903000;11538810;0.86253;0.86265;0.86259;1;T;True;2
1621249904000;11538811;0.86253;0.86265;0.86259;0;T;True;2
1621249905000;11538812;0.86253;0.86265;0.86259;0;T;True;2
1621249906000;11538813;0.86253;0.86265;0.86259;0;T;True;2
1621249907000;11538815;0.86254;0.86266;0.8626;1;T;True;2
1621249908000;11538817;0.86253;0.86265;0.86259;1;T;True;2
1621249909000;11538821;0.8625;0.86262;0.86256;3;T;True;2
1621249910000;11538822;0.8625;0.86262;0.86256;0;T;True;2
1621249911000;11538823;0.8625;0.86262;0.86256;0;T;True;2
1621249912000;11538824;0.8625;0.86262;0.86256;0;T;True;2
1621249913000;11538825;0.8625;0.86262;0.86256;0;T;True;2
1621249914000;11538828;0.86251;0.86263;0.86257;2;T;True;2
1621249915000;11538830;0.86253;0.86265;0.86259;1;T;True;2
1621249916000;11538831;0.86253;0.86265;0.86259;0;T;True;2
1621249917000;11538832;0.86253;0.86265;0.86259;0;T;True;2
1621249918000;11538833;0.86253;0.86265;0.86259;0;T;True;2
1621249919000;11538834;0.86253;0.86265;0.86259;0;T;True;2
1621249920000;11538836;0.86253;0.86265;0.86259;1;T;True;2
1621249921000;11538837;0.86253;0.86265;0.86259;0;T;True;2
1621249922000;11538839;0.86253;0.86265;0.86259;1;T;True;2
1621249923000;11538840;0.86253;0.86265;0.86259;0;T;True;2
1621249924000;11538841;0.86253;0.86265;0.86259;0;T;True;2
1621249925000;11538842;0.86253;0.86265;0.86259;0;T;True;2
1621249926000;11538845;0.86255;0.86267;0.86261;2;T;True;2
1621249927000;11538850;0.86254;0.86266;0.8626;4;T;True;2
1621249928000;11538851;0.86254;0.86266;0.8626;0;T;True;2
1621249929000;11538852;0.86254;0.86266;0.8626;0;T;True;2
1621249930000;11538853;0.86254;0.86266;0.8626;0;T;True;2
1621249931000;11538854;0.86254;0.86266;0.8626;0;T;True;2
1621249932000;11538855;0.86254;0.86266;0.8626;0;T;True;2
1621249933000;11538856;0.86254;0.86266;0.8626;0;T;True;2
1621249934000;11538857;0.86254;0.86266;0.8626;0;T;True;2
1621249935000;11538858;0.86254;0.86266;0.8626;0;T;True;2
1621249936000;11538859;0.86254;0.86266;0.8626;0;T;True;2
1621249937000;11538860;0.86254;0.86266;0.8626;0;T;True;2
1621249938000;11538863;0.86252;0.86264;0.86258;2;T;True;2
1621249939000;11538864;0.86252;0.86264;0.86258;0;T;True;2
1621249940000;11538865;0.86252;0.86264;0.86258;0;T;True;2
1621249941000;11538866;0.86252;0.86264;0.86258;0;T;True;2
1621249942000;11538867;0.86252;0.86264;0.86258;0;T;True;2
1621249943000;11538868;0.86252;0.86264;0.86258;0;T;True;2
1621249944000;11538869;0.86252;0.86264;0.86258;0;T;True;2
1621249945000;11538870;0.86252;0.86264;0.86258;0;T;True;2
1621249946000;11538872;0.86253;0.86265;0.86259;1;T;True;2
1621249947000;11538873;0.86253;0.86265;0.86259;0;T;True;2
1621249948000;11538874;0.86253;0.86265;0.86259;0;T;True;2
1621249949000;11538875;0.86253;0.86265;0.86259;0;T;True;2
1621249950000;11538876;0.86253;0.86265;0.86259;0;T;True;2
1621249951000;11538877;0.86253;0.86265;0.86259;0;T;True;2
1621249952000;11538878;0.86253;0.86265;0.86259;0;T;True;2
1621249953000;11538879;0.86253;0.86265;0.86259;0;T;True;2
1621249954000;11538882;0.86252;0.86264;0.86258;2;T;True;2
1621249955000;11538883;0.86252;0.86264;0.86258;0;T;True;2
1621249956000;11538886;0.86255;0.86267;0.86261;2;T;True;2
1621249957000;11538889;0.86259;0.86271;0.86265;2;T;True;2
1621249958000;11538891;0.86259;0.86271;0.86265;1;T;True;2
1621249959000;11538892;0.86259;0.86271;0.86265;0;T;True;2
1621249960000;11538893;0.86259;0.86271;0.86265;0;T;True;2
1621249961000;11538894;0.86259;0.86271;0.86265;0;T;True;2
1621249962000;11538895;0.86259;0.86271;0.86265;0;T;True;2
1621249963000;11538896;0.86259;0.86271;0.86265;0;T;True;2
1621249964000;11538897;0.86259;0.86271;0.86265;0;T;True;2
1621249965000;11538898;0.86259;0.86271;0.86265;0;T;True;2
1621249966000;11538899;0.86259;0.86271;0.86265;0;T;True;2
1621249967000;11538900;0.86259;0.86271;0.86265;0;T;True;2
1621249968000;11538901;0.86259;0.86271;0.86265;0;T;True;2
1621249969000;11538902;0.86259;0.86271;0.86265;0;T;True;2
1621249970000;11538903;0.86259;0.86271;0.86265;0;T;True;2
1621249971000;11538904;0.86259;0.86271;0.86265;0;T;True;2
1621249972000;11538905;0.86259;0.86271;0.86265;0;T;True;2
1621249973000;11538906;0.86259;0.86271;0.86265;0;T;True;2
1621249974000;11538907;0.86259;0.86271;0.86265;0;T;True;2
1621249975000;11538908;0.86259;0.86271;0.86265;0;T;True;2
1621249976000;11538909;0.86259;0.86271;0.86265;0;T;True;2
1621249977000;11538910;0.86259;0.86271;0.86265;0;T;True;2
1621249978000;11538911;0.86259;0.86271;0.86265;0;T;True;2
1621249979000;11538917;0.86259;0.86271;0.86265;5;T;True;2
1621249980000;11538918;0.86259;0.86271;0.86265;0;T;True;2
1621249981000;11538919;0.86259;0.86271;0.86265;0;T;True;2
1621249982000;11538921;0.86257;0.86269;0.86263;1;T;True;2
1621249983000;11538922;0.86257;0.86269;0.86263;0;T;True;2
1621249984000;11538923;0.86257;0.86269;0.86263;0;T;True;2
1621249985000;11538924;0.86257;0.86269;0.86263;0;T;True;2
1621249986000;11538925;0.86257;0.86269;0.86263;0;T;True;2
1621249987000;11538927;0.86256;0.86268;0.86262;1;T;True;2
1621249988000;11538928;0.86256;0.86268;0.86262;0;T;True;2
1621249989000;11538929;0.86256;0.86268;0.86262;0;T;True;2
1621249990000;11538933;0.86256;0.86268;0.86262;3;T;True;2
1621249991000;11538934;0.86256;0.86268;0.86262;0;T;True;2
1621249992000;11538937;0.86256;0.86268;0.86262;2;T;True;2
1621249993000;11538940;0.86257;0.86269;0.86263;2;T;True;2
1621249994000;11538941;0.86257;0.86269;0.86263;0;T;True;2
1621249995000;11538942;0.86257;0.86269;0.86263;0;T;True;2
1621249996000;11538944;0.86258;0.8627;0.86264;1;T;True;2
1621249997000;11538945;0.86258;0.8627;0.86264;0;T;True;2
1621249998000;11538948;0.86259;0.86271;0.86265;2;T;True;2
1621249999000;11538949;0.86259;0.86271;0.86265;0;T;True;2
1621250000000;11538950;0.86259;0.86271;0.86265;0;T;True;2
1621250001000;11538951;0.86259;0.86271;0.86265;0;T;True;2
1621250002000;11538952;0.86259;0.86271;0.86265;0;T;True;2
1621250003000;11538953;0.86259;0.86271;0.86265;0;T;True;2
1621250004000;11538954;0.86259;0.86271;0.86265;0;T;True;2
1621250005000;11538955;0.86259;0.86271;0.86265;0;T;True;2
1621250006000;11538956;0.86259;0.86271;0.86265;0;T;True;2
1621250007000;11538957;0.86259;0.86271;0.86265;0;T;True;2
1621250008000;11538958;0.86259;0.86271;0.86265;0;T;True;2
1621250009000;11538959;0.86259;0.86271;0.86265;0;T;True;2
1621250010000;11538960;0.86259;0.86271;0.86265;0;T;True;2
1621250011000;11538961;0.86259;0.86271;0.86265;0;T;True;2
1621250012000;11538962;0.86259;0.86271;0.86265;0;T;True;2
1621250013000;11538963;0.86259;0.86271;0.86265;0;T;True;2
1621250014000;11538964;0.86259;0.86271;0.86265;0;T;True;2
1621250015000;11538966;0.86258;0.8627;0.86264;1;T;True;2
1621250016000;11538967;0.86258;0.8627;0.86264;0;T;True;2
1621250017000;11538968;0.86258;0.8627;0.86264;0;T;True;2
1621250018000;11538969;0.86258;0.8627;0.86264;0;T;True;2
1621250019000;11538970;0.86258;0.8627;0.86264;0;T;True;2
1621250020000;11538971;0.86258;0.8627;0.86264;0;T;True;2
1621250021000;11538972;0.86258;0.8627;0.86264;0;T;True;2
1621250022000;11538973;0.86258;0.8627;0.86264;0;T;True;2
1621250023000;11538974;0.86258;0.8627;0.86264;0;T;True;2
1621250024000;11538975;0.86258;0.8627;0.86264;0;T;True;2
1621250025000;11538976;0.86258;0.8627;0.86264;0;T;True;2
1621250026000;11538977;0.86258;0.8627;0.86264;0;T;True;2
1621250027000;11538978;0.86258;0.8627;0.86264;0;T;True;2
1621250028000;11538979;0.86258;0.8627;0.86264;0;T;True;2
1621250029000;11538980;0.86258;0.8627;0.86264;0;T;True;2
1621250030000;11538981;0.86258;0.8627;0.86264;0;T;True;2
1621250031000;11538982;0.86258;0.8627;0.86264;0;T;True;2
1621250032000;11538983;0.86258;0.8627;0.86264;0;T;True;2
1621250033000;11538985;0.86257;0.86269;0.86263;1;T;True;2
1621250034000;11538986;0.86257;0.86269;0.86263;0;T;True;2
1621250035000;11538987;0.86257;0.86269;0.86263;0;T;True;2
1621250036000;11538988;0.86257;0.86269;0.86263;0;T;True;2
1621250037000;11538989;0.86257;0.86269;0.86263;0;T;True;2
1621250038000;11538990;0.86257;0.86269;0.86263;0;T;True;2
1621250039000;11538991;0.86257;0.86269;0.86263;0;T;True;2
1621250040000;11538992;0.86257;0.86269;0.86263;0;T;True;2
1621250041000;11538993;0.86257;0.86269;0.86263;0;T;True;2
1621250042000;11538995;0.86258;0.8627;0.86264;1;T;True;2
1621250043000;11538996;0.86258;0.8627;0.86264;0;T;True;2
1621250044000;11538997;0.86258;0.8627;0.86264;0;T;True;2
1621250045000;11538998;0.86258;0.8627;0.86264;0;T;True;2
1621250046000;11538999;0.86258;0.8627;0.86264;0;T;True;2
1621250047000;11539003;0.86262;0.86274;0.86268;3;T;True;2
1621250048000;11539007;0.86265;0.86277;0.86271;3;T;True;2
1621250049000;11539009;0.86265;0.86277;0.86271;1;T;True;2
1621250050000;11539013;0.86265;0.86277;0.86271;3;T;True;2
1621250051000;11539015;0.86265;0.86277;0.86271;1;T;True;2
1621250052000;11539016;0.86265;0.86277;0.86271;0;T;True;2
1621250053000;11539018;0.86265;0.86277;0.86271;1;T;True;2
1621250054000;11539019;0.86265;0.86277;0.86271;0;T;True;2
1621250055000;11539020;0.86265;0.86277;0.86271;0;T;True;2
1621250056000;11539021;0.86265;0.86277;0.86271;0;T;True;2
1621250057000;11539022;0.86265;0.86277;0.86271;0;T;True;2
1621250058000;11539024;0.86264;0.86276;0.8627;1;T;True;2
1621250059000;11539025;0.86264;0.86276;0.8627;0;T;True;2
1621250060000;11539026;0.86264;0.86276;0.8627;0;T;True;2
1621250061000;11539029;0.86262;0.86274;0.86268;2;T;True;2
1621250062000;11539031;0.86263;0.86275;0.86269;1;T;True;2
1621250063000;11539032;0.86263;0.86275;0.86269;0;T;True;2
1621250064000;11539033;0.86263;0.86275;0.86269;0;T;True;2
1621250065000;11539034;0.86263;0.86275;0.86269;0;T;True;2
1621250066000;11539035;0.86263;0.86275;0.86269;0;T;True;2
1621250067000;11539036;0.86263;0.86275;0.86269;0;T;True;2
1621250068000;11539037;0.86263;0.86275;0.86269;0;T;True;2
1621250069000;11539039;0.86263;0.86275;0.86269;1;T;True;2
1621250070000;11539040;0.86263;0.86275;0.86269;0;T;True;2
1621250071000;11539041;0.86263;0.86275;0.86269;0;T;True;2
1621250072000;11539043;0.86263;0.86275;0.86269;1;T;True;2
1621250073000;11539044;0.86263;0.86275;0.86269;0;T;True;2
1621250074000;11539045;0.86263;0.86275;0.86269;0;T;True;2
1621250075000;11539046;0.86263;0.86275;0.86269;0;T;True;2
1621250076000;11539047;0.86263;0.86275;0.86269;0;T;True;2
1621250077000;11539048;0.86263;0.86275;0.86269;0;T;True;2
1621250078000;11539049;0.86263;0.86275;0.86269;0;T;True;2
1621250079000;11539050;0.86263;0.86275;0.86269;0;T;True;2
1621250080000;11539051;0.86263;0.86275;0.86269;0;T;True;2
1621250081000;11539052;0.86263;0.86275;0.86269;0;T;True;2
1621250082000;11539053;0.86263;0.86275;0.86269;0;T;True;2
1621250083000;11539054;0.86263;0.86275;0.86269;0;T;True;2
1621250084000;11539056;0.86263;0.86275;0.86269;1;T;True;2
1621250085000;11539057;0.86263;0.86275;0.86269;0;T;True;2
1621250086000;11539058;0.86263;0.86275;0.86269;0;T;True;2
1621250087000;11539059;0.86263;0.86275;0.86269;0;T;True;2
1621250088000;11539060;0.86263;0.86275;0.86269;0;T;True;2
1621250089000;11539065;0.86262;0.86274;0.86268;4;T;True;2
1621250090000;11539066;0.86262;0.86274;0.86268;0;T;True;2
1621250091000;11539067;0.86262;0.86274;0.86268;0;T;True;2
1621250092000;11539069;0.86261;0.86273;0.86267;1;T;True;2
1621250093000;11539070;0.86261;0.86273;0.86267;0;T;True;2
1621250094000;11539071;0.86261;0.86273;0.86267;0;T;True;2
1621250095000;11539073;0.86261;0.86273;0.86267;1;T;True;2
1621250096000;11539075;0.86262;0.86274;0.86268;1;T;True;2
1621250097000;11539076;0.86262;0.86274;0.86268;0;T;True;2
1621250098000;11539078;0.86262;0.86274;0.86268;1;T;True;2
1621250099000;11539079;0.86262;0.86274;0.86268;0;T;True;2
1621250100000;11539082;0.86263;0.86275;0.86269;2;T;True;2
1621250101000;11539087;0.86264;0.86276;0.8627;4;T;True;2
1621250102000;11539090;0.86263;0.86275;0.86269;2;T;True;2
1621250103000;11539091;0.86263;0.86275;0.86269;0;T;True;2
1621250104000;11539092;0.86263;0.86275;0.86269;0;T;True;2
1621250105000;11539093;0.86263;0.86275;0.86269;0;T;True;2
1621250106000;11539097;0.86263;0.86275;0.86269;3;T;True;2
1621250107000;11539100;0.86262;0.86274;0.86268;2;T;True;2
1621250108000;11539103;0.86261;0.86273;0.86267;2;T;True;2
1621250109000;11539104;0.86261;0.86273;0.86267;0;T;True;2
1621250110000;11539106;0.8626;0.86272;0.86266;1;T;True;2
1621250111000;11539110;0.86261;0.86273;0.86267;3;T;True;2
1621250112000;11539111;0.86261;0.86273;0.86267;0;T;True;2
1621250113000;11539116;0.86259;0.86271;0.86265;4;T;True;2
1621250114000;11539119;0.86259;0.86271;0.86265;2;T;True;2
1621250115000;11539122;0.8626;0.86272;0.86266;2;T;True;2
1621250116000;11539124;0.86259;0.86271;0.86265;1;T;True;2
1621250117000;11539125;0.86259;0.86271;0.86265;0;T;True;2
1621250118000;11539126;0.86259;0.86271;0.86265;0;T;True;2
1621250119000;11539127;0.86259;0.86271;0.86265;0;T;True;2
1621250120000;11539129;0.8626;0.86272;0.86266;1;T;True;2
1621250121000;11539130;0.8626;0.86272;0.86266;0;T;True;2
1621250122000;11539131;0.8626;0.86272;0.86266;0;T;True;2
1621250123000;11539133;0.86261;0.86273;0.86267;1;T;True;2
1621250124000;11539134;0.86261;0.86273;0.86267;0;T;True;2
1621250125000;11539135;0.86261;0.86273;0.86267;0;T;True;2
1621250126000;11539137;0.86261;0.86273;0.86267;1;T;True;2
1621250127000;11539139;0.86261;0.86273;0.86267;1;T;True;2
1621250128000;11539140;0.86261;0.86273;0.86267;0;T;True;2
1621250129000;11539141;0.86261;0.86273;0.86267;0;T;True;2
1621250130000;11539142;0.86261;0.86273;0.86267;0;T;True;2
1621250131000;11539143;0.86261;0.86273;0.86267;0;T;True;2
1621250132000;11539144;0.86261;0.86273;0.86267;0;T;True;2
1621250133000;11539147;0.86261;0.86273;0.86267;2;T;True;2
1621250134000;11539150;0.86261;0.86273;0.86267;2;T;True;2
1621250135000;11539151;0.86261;0.86273;0.86267;0;T;True;2
1621250136000;11539153;0.86261;0.86273;0.86267;1;T;True;2
1621250137000;11539155;0.86261;0.86273;0.86267;1;T;True;2
1621250138000;11539161;0.86259;0.86271;0.86265;5;T;True;2
1621250139000;11539162;0.86259;0.86271;0.86265;0;T;True;2
1621250140000;11539163;0.86259;0.86271;0.86265;0;T;True;2
1621250141000;11539168;0.86255;0.86267;0.86261;4;T;True;2
1621250142000;11539170;0.86254;0.86266;0.8626;1;T;True;2
1621250143000;11539173;0.86255;0.86267;0.86261;2;T;True;2
1621250144000;11539174;0.86255;0.86267;0.86261;0;T;True;2
1621250145000;11539176;0.86255;0.86267;0.86261;1;T;True;2
1621250146000;11539178;0.86254;0.86266;0.8626;1;T;True;2
1621250147000;11539179;0.86254;0.86266;0.8626;0;T;True;2
1621250148000;11539180;0.86254;0.86266;0.8626;0;T;True;2
1621250149000;11539182;0.86255;0.86267;0.86261;1;T;True;2
1621250150000;11539183;0.86255;0.86267;0.86261;0;T;True;2
1621250151000;11539185;0.86255;0.86267;0.86261;1;T;True;2
1621250152000;11539186;0.86255;0.86267;0.86261;0;T;True;2
1621250153000;11539188;0.86255;0.86267;0.86261;1;T;True;2
1621250154000;11539189;0.86255;0.86267;0.86261;0;T;True;2
1621250155000;11539190;0.86255;0.86267;0.86261;0;T;True;2
1621250156000;11539192;0.86256;0.86268;0.86262;1;T;True;2
1621250157000;11539193;0.86256;0.86268;0.86262;0;T;True;2
1621250158000;11539196;0.86257;0.86269;0.86263;2;T;True;2
1621250159000;11539198;0.86258;0.8627;0.86264;1;T;True;2
1621250160000;11539200;0.86259;0.86271;0.86265;1;T;True;2
1621250161000;11539201;0.86259;0.86271;0.86265;0;T;True;2
1621250162000;11539202;0.86259;0.86271;0.86265;0;T;True;2
1621250163000;11539203;0.86259;0.86271;0.86265;0;T;True;2
1621250164000;11539205;0.86257;0.86269;0.86263;1;T;True;2
1621250165000;11539206;0.86257;0.86269;0.86263;0;T;True;2
1621250166000;11539207;0.86257;0.86269;0.86263;0;T;True;2
1621250167000;11539208;0.86257;0.86269;0.86263;0;T;True;2
1621250168000;11539209;0.86257;0.86269;0.86263;0;T;True;2
1621250169000;11539210;0.86257;0.86269;0.86263;0;T;True;2
1621250170000;11539211;0.86257;0.86269;0.86263;0;T;True;2
1621250171000;11539213;0.86256;0.86268;0.86262;1;T;True;2
1621250172000;11539214;0.86256;0.86268;0.86262;0;T;True;2
1621250173000;11539216;0.86256;0.86268;0.86262;1;T;True;2
1621250174000;11539217;0.86256;0.86268;0.86262;0;T;True;2
1621250175000;11539219;0.86255;0.86267;0.86261;1;T;True;2
1621250176000;11539220;0.86255;0.86267;0.86261;0;T;True;2
1621250177000;11539221;0.86255;0.86267;0.86261;0;T;True;2
1621250178000;11539222;0.86255;0.86267;0.86261;0;T;True;2
1621250179000;11539223;0.86255;0.86267;0.86261;0;T;True;2
1621250180000;11539225;0.86255;0.86267;0.86261;1;T;True;2
1621250181000;11539226;0.86255;0.86267;0.86261;0;T;True;2
1621250182000;11539230;0.86255;0.86267;0.86261;3;T;True;2
1621250183000;11539232;0.86254;0.86266;0.8626;1;T;True;2
1621250184000;11539233;0.86254;0.86266;0.8626;0;T;True;2
1621250185000;11539234;0.86254;0.86266;0.8626;0;T;True;2
1621250186000;11539235;0.86254;0.86266;0.8626;0;T;True;2
1621250187000;11539236;0.86254;0.86266;0.8626;0;T;True;2
1621250188000;11539238;0.86253;0.86265;0.86259;1;T;True;2
1621250189000;11539239;0.86253;0.86265;0.86259;0;T;True;2
1621250190000;11539240;0.86253;0.86265;0.86259;0;T;True;2
1621250191000;11539244;0.86252;0.86264;0.86258;3;T;True;2
1621250192000;11539250;0.86253;0.86265;0.86259;5;T;True;2
1621250193000;11539254;0.86256;0.86268;0.86262;3;T;True;2
1621250194000;11539256;0.86256;0.86268;0.86262;1;T;True;2
1621250195000;11539259;0.86257;0.86269;0.86263;2;T;True;2
1621250196000;11539260;0.86257;0.86269;0.86263;0;T;True;2
1621250197000;11539261;0.86257;0.86269;0.86263;0;T;True;2
1621250198000;11539266;0.86257;0.86269;0.86263;4;T;True;2
1621250199000;11539269;0.86257;0.86269;0.86263;2;T;True;2
1621250200000;11539272;0.86255;0.86267;0.86261;2;T;True;2
1621250201000;11539276;0.86253;0.86265;0.86259;3;T;True;2
1621250202000;11539277;0.86253;0.86265;0.86259;0;T;True;2
1621250203000;11539278;0.86253;0.86265;0.86259;0;T;True;2
1621250204000;11539279;0.86253;0.86265;0.86259;0;T;True;2
1621250205000;11539280;0.86253;0.86265;0.86259;0;T;True;2
1621250206000;11539281;0.86253;0.86265;0.86259;0;T;True;2
1621250207000;11539282;0.86253;0.86265;0.86259;0;T;True;2
1621250208000;11539283;0.86253;0.86265;0.86259;0;T;True;2
1621250209000;11539285;0.86252;0.86264;0.86258;1;T;True;2
1621250210000;11539287;0.86251;0.86263;0.86257;1;T;True;2
1621250211000;11539290;0.86251;0.86263;0.86257;2;T;True;2
1621250212000;11539294;0.86251;0.86263;0.86257;3;T;True;2
1621250213000;11539296;0.8625;0.86262;0.86256;1;T;True;2
1621250214000;11539300;0.86251;0.86263;0.86257;3;T;True;2
1621250215000;11539305;0.86249;0.86261;0.86255;4;T;True;2
1621250216000;11539309;0.86247;0.86259;0.86253;3;T;True;2
1621250217000;11539310;0.86247;0.86259;0.86253;0;T;True;2
1621250218000;11539312;0.86246;0.86258;0.86252;1;T;True;2
1621250219000;11539322;0.86247;0.86259;0.86253;9;T;True;2
1621250220000;11539323;0.86247;0.86259;0.86253;0;T;True;2
1621250221000;11539326;0.86245;0.86257;0.86251;2;T;True;2
1621250222000;11539331;0.86245;0.86257;0.86251;4;T;True;2
1621250223000;11539334;0.86246;0.86258;0.86252;2;T;True;2
1621250224000;11539335;0.86246;0.86258;0.86252;0;T;True;2
1621250225000;11539336;0.86246;0.86258;0.86252;0;T;True;2
1621250226000;11539337;0.86246;0.86258;0.86252;0;T;True;2
1621250227000;11539338;0.86246;0.86258;0.86252;0;T;True;2
1621250228000;11539339;0.86246;0.86258;0.86252;0;T;True;2
1621250229000;11539340;0.86246;0.86258;0.86252;0;T;True;2
1621250230000;11539341;0.86246;0.86258;0.86252;0;T;True;2
1621250231000;11539342;0.86246;0.86258;0.86252;0;T;True;2
1621250232000;11539344;0.86247;0.86259;0.86253;1;T;True;2
1621250233000;11539356;0.86251;0.86263;0.86257;11;T;True;2
1621250234000;11539357;0.86251;0.86263;0.86257;0;T;True;2
1621250235000;11539359;0.86252;0.86264;0.86258;1;T;True;2
1621250236000;11539362;0.86253;0.86265;0.86259;2;T;True;2
1621250237000;11539363;0.86253;0.86265;0.86259;0;T;True;2
1621250238000;11539364;0.86253;0.86265;0.86259;0;T;True;2
1621250239000;11539371;0.86256;0.86268;0.86262;6;T;True;2
1621250240000;11539372;0.86256;0.86268;0.86262;0;T;True;2
1621250241000;11539373;0.86256;0.86268;0.86262;0;T;True;2
1621250242000;11539375;0.86257;0.86269;0.86263;1;T;True;2
1621250243000;11539380;0.86257;0.86269;0.86263;4;T;True;2
1621250244000;11539381;0.86257;0.86269;0.86263;0;T;True;2
1621250245000;11539382;0.86257;0.86269;0.86263;0;T;True;2
1621250246000;11539390;0.86263;0.86275;0.86269;7;T;True;2
1621250247000;11539392;0.86263;0.86275;0.86269;1;T;True;2
1621250248000;11539393;0.86263;0.86275;0.86269;0;T;True;2
1621250249000;11539394;0.86263;0.86275;0.86269;0;T;True;2
1621250250000;11539398;0.86261;0.86273;0.86267;3;T;True;2
1621250251000;11539399;0.86261;0.86273;0.86267;0;T;True;2
1621250252000;11539400;0.86261;0.86273;0.86267;0;T;True;2
1621250253000;11539401;0.86261;0.86273;0.86267;0;T;True;2
1621250254000;11539404;0.86261;0.86273;0.86267;2;T;True;2
1621250255000;11539406;0.86261;0.86273;0.86267;1;T;True;2
1621250256000;11539408;0.86261;0.86273;0.86267;1;T;True;2
1621250257000;11539410;0.8626;0.86272;0.86266;1;T;True;2
1621250258000;11539411;0.8626;0.86272;0.86266;0;T;True;2
1621250259000;11539412;0.8626;0.86272;0.86266;0;T;True;2
1621250260000;11539414;0.8626;0.86272;0.86266;1;T;True;2
1621250261000;11539415;0.8626;0.86272;0.86266;0;T;True;2
1621250262000;11539417;0.86259;0.86271;0.86265;1;T;True;2
1621250263000;11539418;0.86259;0.86271;0.86265;0;T;True;2
1621250264000;11539419;0.86259;0.86271;0.86265;0;T;True;2
1621250265000;11539420;0.86259;0.86271;0.86265;0;T;True;2
1621250266000;11539422;0.86257;0.86269;0.86263;1;T;True;2
1621250267000;11539424;0.86257;0.86269;0.86263;1;T;True;2
1621250268000;11539425;0.86257;0.86269;0.86263;0;T;True;2
1621250269000;11539426;0.86257;0.86269;0.86263;0;T;True;2
1621250270000;11539428;0.86257;0.86269;0.86263;1;T;True;2
1621250271000;11539431;0.86257;0.86269;0.86263;2;T;True;2
1621250272000;11539432;0.86257;0.86269;0.86263;0;T;True;2
1621250273000;11539436;0.86259;0.86271;0.86265;3;T;True;2
1621250274000;11539438;0.86257;0.86269;0.86263;1;T;True;2
1621250275000;11539440;0.86257;0.86269;0.86263;1;T;True;2
1621250276000;11539442;0.86259;0.86271;0.86265;1;T;True;2
1621250277000;11539443;0.86259;0.86271;0.86265;0;T;True;2
1621250278000;11539446;0.86258;0.8627;0.86264;2;T;True;2
1621250279000;11539448;0.86259;0.86271;0.86265;1;T;True;2
1621250280000;11539449;0.86259;0.86271;0.86265;0;T;True;2
1621250281000;11539451;0.8626;0.86272;0.86266;1;T;True;2
1621250282000;11539453;0.8626;0.86272;0.86266;1;T;True;2
1621250283000;11539454;0.8626;0.86272;0.86266;0;T;True;2
1621250284000;11539456;0.8626;0.86272;0.86266;1;T;True;2
1621250285000;11539457;0.8626;0.86272;0.86266;0;T;True;2
1621250286000;11539458;0.8626;0.86272;0.86266;0;T;True;2
1621250287000;11539459;0.8626;0.86272;0.86266;0;T;True;2
1621250288000;11539460;0.8626;0.86272;0.86266;0;T;True;2
1621250289000;11539461;0.8626;0.86272;0.86266;0;T;True;2
1621250290000;11539462;0.8626;0.86272;0.86266;0;T;True;2
1621250291000;11539463;0.8626;0.86272;0.86266;0;T;True;2
1621250292000;11539465;0.8626;0.86272;0.86266;1;T;True;2
1621250293000;11539466;0.8626;0.86272;0.86266;0;T;True;2
1621250294000;11539467;0.8626;0.86272;0.86266;0;T;True;2
1621250295000;11539468;0.8626;0.86272;0.86266;0;T;True;2
1621250296000;11539469;0.8626;0.86272;0.86266;0;T;True;2
1621250297000;11539470;0.8626;0.86272;0.86266;0;T;True;2
1621250298000;11539471;0.8626;0.86272;0.86266;0;T;True;2
1621250299000;11539472;0.8626;0.86272;0.86266;0;T;True;2
1621250300000;11539478;0.86259;0.86271;0.86265;5;T;True;2
1621250301000;11539481;0.86259;0.86271;0.86265;2;T;True;2
1621250302000;11539482;0.86259;0.86271;0.86265;0;T;True;2
1621250303000;11539483;0.86259;0.86271;0.86265;0;T;True;2
1621250304000;11539486;0.86259;0.86271;0.86265;2;T;True;2
1621250305000;11539488;0.86258;0.8627;0.86264;1;T;True;2
1621250306000;11539489;0.86258;0.8627;0.86264;0;T;True;2
1621250307000;11539491;0.86257;0.86269;0.86263;1;T;True;2
1621250308000;11539492;0.86257;0.86269;0.86263;0;T;True;2
1621250309000;11539496;0.86261;0.86273;0.86267;3;T;True;2
1621250310000;11539497;0.86261;0.86273;0.86267;0;T;True;2
1621250311000;11539499;0.8626;0.86272;0.86266;1;T;True;2
1621250312000;11539500;0.8626;0.86272;0.86266;0;T;True;2
1621250313000;11539503;0.86257;0.86269;0.86263;2;T;True;2
1621250314000;11539504;0.86257;0.86269;0.86263;0;T;True;2
1621250315000;11539506;0.86257;0.86269;0.86263;1;T;True;2
1621250316000;11539511;0.86255;0.86267;0.86261;4;T;True;2
1621250317000;11539512;0.86255;0.86267;0.86261;0;T;True;2
1621250318000;11539518;0.86256;0.86268;0.86262;5;T;True;2
1621250319000;11539519;0.86256;0.86268;0.86262;0;T;True;2
1621250320000;11539521;0.86255;0.86267;0.86261;1;T;True;2
1621250321000;11539522;0.86255;0.86267;0.86261;0;T;True;2
1621250322000;11539525;0.86257;0.86269;0.86263;2;T;True;2
1621250323000;11539526;0.86257;0.86269;0.86263;0;T;True;2
1621250324000;11539529;0.86257;0.86269;0.86263;2;T;True;2
1621250325000;11539530;0.86257;0.86269;0.86263;0;T;True;2
1621250326000;11539531;0.86257;0.86269;0.86263;0;T;True;2
1621250327000;11539533;0.86256;0.86268;0.86262;1;T;True;2
1621250328000;11539534;0.86256;0.86268;0.86262;0;T;True;2
1621250329000;11539536;0.86256;0.86268;0.86262;1;T;True;2
1621250330000;11539537;0.86256;0.86268;0.86262;0;T;True;2
1621250331000;11539538;0.86256;0.86268;0.86262;0;T;True;2
1621250332000;11539539;0.86256;0.86268;0.86262;0;T;True;2
1621250333000;11539540;0.86256;0.86268;0.86262;0;T;True;2
1621250334000;11539541;0.86256;0.86268;0.86262;0;T;True;2
1621250335000;11539542;0.86256;0.86268;0.86262;0;T;True;2
1621250336000;11539544;0.86257;0.86269;0.86263;1;T;True;2
1621250337000;11539546;0.86257;0.86269;0.86263;1;T;True;2
1621250338000;11539547;0.86257;0.86269;0.86263;0;T;True;2
1621250339000;11539553;0.86257;0.86269;0.86263;5;T;True;2
1621250340000;11539554;0.86257;0.86269;0.86263;0;T;True;2
1621250341000;11539555;0.86257;0.86269;0.86263;0;T;True;2
1621250342000;11539556;0.86257;0.86269;0.86263;0;T;True;2
1621250343000;11539557;0.86257;0.86269;0.86263;0;T;True;2
1621250344000;11539558;0.86257;0.86269;0.86263;0;T;True;2
1621250345000;11539563;0.86259;0.86271;0.86265;4;T;True;2
1621250346000;11539567;0.86257;0.86269;0.86263;3;T;True;2
1621250347000;11539569;0.86257;0.86269;0.86263;1;T;True;2
1621250348000;11539570;0.86257;0.86269;0.86263;0;T;True;2
1621250349000;11539571;0.86257;0.86269;0.86263;0;T;True;2
1621250350000;11539572;0.86257;0.86269;0.86263;0;T;True;2
1621250351000;11539573;0.86257;0.86269;0.86263;0;T;True;2
1621250352000;11539574;0.86257;0.86269;0.86263;0;T;True;2
1621250353000;11539575;0.86257;0.86269;0.86263;0;T;True;2
1621250354000;11539576;0.86257;0.86269;0.86263;0;T;True;2
1621250355000;11539577;0.86257;0.86269;0.86263;0;T;True;2
1621250356000;11539578;0.86257;0.86269;0.86263;0;T;True;2
1621250357000;11539579;0.86257;0.86269;0.86263;0;T;True;2
1621250358000;11539580;0.86257;0.86269;0.86263;0;T;True;2
1621250359000;11539581;0.86257;0.86269;0.86263;0;T;True;2
1621250360000;11539582;0.86257;0.86269;0.86263;0;T;True;2
1621250361000;11539583;0.86257;0.86269;0.86263;0;T;True;2
1621250362000;11539584;0.86257;0.86269;0.86263;0;T;True;2
1621250363000;11539595;0.86248;0.8626;0.86254;10;T;True;2
1621250364000;11539596;0.86248;0.8626;0.86254;0;T;True;2
1621250365000;11539599;0.86247;0.86259;0.86253;2;T;True;2
1621250366000;11539600;0.86247;0.86259;0.86253;0;T;True;2
1621250367000;11539604;0.86247;0.86259;0.86253;3;T;True;2
1621250368000;11539605;0.86247;0.86259;0.86253;0;T;True;2
1621250369000;11539606;0.86247;0.86259;0.86253;0;T;True;2
1621250370000;11539608;0.86247;0.86259;0.86253;1;T;True;2
1621250371000;11539609;0.86247;0.86259;0.86253;0;T;True;2
1621250372000;11539611;0.86247;0.86259;0.86253;1;T;True;2
1621250373000;11539614;0.86249;0.86261;0.86255;2;T;True;2
1621250374000;11539615;0.86249;0.86261;0.86255;0;T;True;2
1621250375000;11539616;0.86249;0.86261;0.86255;0;T;True;2
1621250376000;11539618;0.86248;0.8626;0.86254;1;T;True;2
1621250377000;11539619;0.86248;0.8626;0.86254;0;T;True;2
1621250378000;11539620;0.86248;0.8626;0.86254;0;T;True;2
1621250379000;11539621;0.86248;0.8626;0.86254;0;T;True;2
1621250380000;11539622;0.86248;0.8626;0.86254;0;T;True;2
1621250381000;11539625;0.8625;0.86262;0.86256;2;T;True;2
1621250382000;11539626;0.8625;0.86262;0.86256;0;T;True;2
1621250383000;11539627;0.8625;0.86262;0.86256;0;T;True;2
1621250384000;11539628;0.8625;0.86262;0.86256;0;T;True;2
1621250385000;11539630;0.86252;0.86264;0.86258;1;T;True;2
1621250386000;11539631;0.86252;0.86264;0.86258;0;T;True;2
1621250387000;11539632;0.86252;0.86264;0.86258;0;T;True;2
1621250388000;11539637;0.86252;0.86264;0.86258;4;T;True;2
1621250389000;11539638;0.86252;0.86264;0.86258;0;T;True;2
1621250390000;11539640;0.86251;0.86263;0.86257;1;T;True;2
1621250391000;11539641;0.86251;0.86263;0.86257;0;T;True;2
1621250392000;11539642;0.86251;0.86263;0.86257;0;T;True;2
1621250393000;11539645;0.86253;0.86265;0.86259;2;T;True;2
1621250394000;11539650;0.86255;0.86267;0.86261;4;T;True;2
1621250395000;11539651;0.86255;0.86267;0.86261;0;T;True;2
1621250396000;11539653;0.86255;0.86267;0.86261;1;T;True;2
1621250397000;11539655;0.86254;0.86266;0.8626;1;T;True;2
1621250398000;11539657;0.86253;0.86265;0.86259;1;T;True;2
1621250399000;11539660;0.86252;0.86264;0.86258;2;T;True;2
1621250400000;11539661;0.86252;0.86264;0.86258;0;T;True;2
1621250401000;11539666;0.86251;0.86263;0.86257;4;T;True;2
1621250402000;11539669;0.86253;0.86265;0.86259;2;T;True;2
1621250403000;11539670;0.86253;0.86265;0.86259;0;T;True;2
1621250404000;11539671;0.86253;0.86265;0.86259;0;T;True;2
1621250405000;11539673;0.86252;0.86264;0.86258;1;T;True;2
1621250406000;11539675;0.86252;0.86264;0.86258;1;T;True;2
1621250407000;11539679;0.86255;0.86267;0.86261;3;T;True;2
1621250408000;11539682;0.86257;0.86269;0.86263;2;T;True;2
1621250409000;11539683;0.86257;0.86269;0.86263;0;T;True;2
1621250410000;11539684;0.86257;0.86269;0.86263;0;T;True;2
1621250411000;11539685;0.86257;0.86269;0.86263;0;T;True;2
1621250412000;11539686;0.86257;0.86269;0.86263;0;T;True;2
1621250413000;11539687;0.86257;0.86269;0.86263;0;T;True;2
1621250414000;11539688;0.86257;0.86269;0.86263;0;T;True;2
1621250415000;11539689;0.86257;0.86269;0.86263;0;T;True;2
1621250416000;11539690;0.86257;0.86269;0.86263;0;T;True;2
1621250417000;11539691;0.86257;0.86269;0.86263;0;T;True;2
1621250418000;11539692;0.86257;0.86269;0.86263;0;T;True;2
1621250419000;11539693;0.86257;0.86269;0.86263;0;T;True;2
1621250420000;11539694;0.86257;0.86269;0.86263;0;T;True;2
1621250421000;11539695;0.86257;0.86269;0.86263;0;T;True;2
1621250422000;11539696;0.86257;0.86269;0.86263;0;T;True;2
1621250423000;11539697;0.86257;0.86269;0.86263;0;T;True;2
1621250424000;11539698;0.86257;0.86269;0.86263;0;T;True;2
1621250425000;11539699;0.86257;0.86269;0.86263;0;T;True;2
1621250426000;11539700;0.86257;0.86269;0.86263;0;T;True;2
1621250427000;11539701;0.86257;0.86269;0.86263;0;T;True;2
1621250428000;11539702;0.86257;0.86269;0.86263;0;T;True;2
1621250429000;11539703;0.86257;0.86269;0.86263;0;T;True;2
1621250430000;11539706;0.86256;0.86268;0.86262;2;T;True;2
1621250431000;11539707;0.86256;0.86268;0.86262;0;T;True;2
1621250432000;11539709;0.86257;0.86269;0.86263;1;T;True;2
1621250433000;11539712;0.86257;0.86269;0.86263;2;T;True;2
1621250434000;11539713;0.86257;0.86269;0.86263;0;T;True;2
1621250435000;11539714;0.86257;0.86269;0.86263;0;T;True;2
1621250436000;11539715;0.86257;0.86269;0.86263;0;T;True;2
1621250437000;11539717;0.86257;0.86269;0.86263;1;T;True;2
1621250438000;11539719;0.86257;0.86269;0.86263;1;T;True;2
1621250439000;11539720;0.86257;0.86269;0.86263;0;T;True;2
1621250440000;11539721;0.86257;0.86269;0.86263;0;T;True;2
1621250441000;11539722;0.86257;0.86269;0.86263;0;T;True;2
1621250442000;11539723;0.86257;0.86269;0.86263;0;T;True;2
1621250443000;11539724;0.86257;0.86269;0.86263;0;T;True;2
1621250444000;11539725;0.86257;0.86269;0.86263;0;T;True;2
1621250445000;11539726;0.86257;0.86269;0.86263;0;T;True;2
1621250446000;11539728;0.86257;0.86269;0.86263;1;T;True;2
1621250447000;11539733;0.86257;0.86269;0.86263;4;T;True;2
1621250448000;11539734;0.86257;0.86269;0.86263;0;T;True;2
1621250449000;11539735;0.86257;0.86269;0.86263;0;T;True;2
1621250450000;11539736;0.86257;0.86269;0.86263;0;T;True;2
1621250451000;11539737;0.86257;0.86269;0.86263;0;T;True;2
1621250452000;11539738;0.86257;0.86269;0.86263;0;T;True;2
1621250453000;11539739;0.86257;0.86269;0.86263;0;T;True;2
1621250454000;11539740;0.86257;0.86269;0.86263;0;T;True;2
1621250455000;11539741;0.86257;0.86269;0.86263;0;T;True;2
1621250456000;11539742;0.86257;0.86269;0.86263;0;T;True;2
1621250457000;11539743;0.86257;0.86269;0.86263;0;T;True;2
1621250458000;11539747;0.86255;0.86267;0.86261;3;T;True;2
1621250459000;11539748;0.86255;0.86267;0.86261;0;T;True;2
1621250460000;11539749;0.86255;0.86267;0.86261;0;T;True;2
1621250461000;11539752;0.86255;0.86267;0.86261;2;T;True;2
1621250462000;11539753;0.86255;0.86267;0.86261;0;T;True;2
1621250463000;11539756;0.86255;0.86267;0.86261;2;T;True;2
1621250464000;11539758;0.86255;0.86267;0.86261;1;T;True;2
1621250465000;11539759;0.86255;0.86267;0.86261;0;T;True;2
1621250466000;11539761;0.86255;0.86267;0.86261;1;T;True;2
1621250467000;11539764;0.86254;0.86266;0.8626;2;T;True;2
1621250468000;11539768;0.86253;0.86265;0.86259;3;T;True;2
1621250469000;11539769;0.86253;0.86265;0.86259;0;T;True;2
1621250470000;11539771;0.86253;0.86265;0.86259;1;T;True;2
1621250471000;11539772;0.86253;0.86265;0.86259;0;T;True;2
1621250472000;11539773;0.86253;0.86265;0.86259;0;T;True;2
1621250473000;11539781;0.86253;0.86265;0.86259;7;T;True;2
1621250474000;11539784;0.86253;0.86265;0.86259;2;T;True;2
1621250475000;11539785;0.86253;0.86265;0.86259;0;T;True;2
1621250476000;11539786;0.86253;0.86265;0.86259;0;T;True;2
1621250477000;11539792;0.86247;0.86259;0.86253;5;T;True;2
1621250478000;11539793;0.86247;0.86259;0.86253;0;T;True;2
1621250479000;11539795;0.86245;0.86257;0.86251;1;T;True;2
1621250480000;11539798;0.86245;0.86257;0.86251;2;T;True;2
1621250481000;11539799;0.86245;0.86257;0.86251;0;T;True;2
1621250482000;11539800;0.86245;0.86257;0.86251;0;T;True;2
1621250483000;11539801;0.86245;0.86257;0.86251;0;T;True;2
1621250484000;11539802;0.86245;0.86257;0.86251;0;T;True;2
1621250485000;11539803;0.86245;0.86257;0.86251;0;T;True;2
1621250486000;11539805;0.86245;0.86257;0.86251;1;T;True;2
1621250487000;11539806;0.86245;0.86257;0.86251;0;T;True;2
1621250488000;11539807;0.86245;0.86257;0.86251;0;T;True;2
1621250489000;11539808;0.86245;0.86257;0.86251;0;T;True;2
1621250490000;11539809;0.86245;0.86257;0.86251;0;T;True;2
1621250491000;11539812;0.86245;0.86257;0.86251;2;T;True;2
1621250492000;11539813;0.86245;0.86257;0.86251;0;T;True;2
1621250493000;11539814;0.86245;0.86257;0.86251;0;T;True;2
1621250494000;11539815;0.86245;0.86257;0.86251;0;T;True;2
1621250495000;11539816;0.86245;0.86257;0.86251;0;T;True;2
1621250496000;11539818;0.86244;0.86256;0.8625;1;T;True;2
1621250497000;11539820;0.86245;0.86257;0.86251;1;T;True;2
1621250498000;11539821;0.86245;0.86257;0.86251;0;T;True;2
1621250499000;11539822;0.86245;0.86257;0.86251;0;T;True;2
1621250500000;11539825;0.86247;0.86259;0.86253;2;T;True;2
1621250501000;11539826;0.86247;0.86259;0.86253;0;T;True;2
1621250502000;11539827;0.86247;0.86259;0.86253;0;T;True;2
1621250503000;11539828;0.86247;0.86259;0.86253;0;T;True;2
1621250504000;11539829;0.86247;0.86259;0.86253;0;T;True;2
1621250505000;11539830;0.86247;0.86259;0.86253;0;T;True;2
1621250506000;11539834;0.86249;0.86261;0.86255;3;T;True;2
1621250507000;11539835;0.86249;0.86261;0.86255;0;T;True;2
1621250508000;11539836;0.86249;0.86261;0.86255;0;T;True;2
1621250509000;11539837;0.86249;0.86261;0.86255;0;T;True;2
1621250510000;11539838;0.86249;0.86261;0.86255;0;T;True;2
1621250511000;11539839;0.86249;0.86261;0.86255;0;T;True;2
1621250512000;11539840;0.86249;0.86261;0.86255;0;T;True;2
1621250513000;11539841;0.86249;0.86261;0.86255;0;T;True;2
1621250514000;11539842;0.86249;0.86261;0.86255;0;T;True;2
1621250515000;11539843;0.86249;0.86261;0.86255;0;T;True;2
1621250516000;11539845;0.86249;0.86261;0.86255;1;T;True;2
1621250517000;11539846;0.86249;0.86261;0.86255;0;T;True;2
1621250518000;11539847;0.86249;0.86261;0.86255;0;T;True;2
1621250519000;11539848;0.86249;0.86261;0.86255;0;T;True;2
1621250520000;11539849;0.86249;0.86261;0.86255;0;T;True;2
1621250521000;11539850;0.86249;0.86261;0.86255;0;T;True;2
1621250522000;11539851;0.86249;0.86261;0.86255;0;T;True;2
1621250523000;11539852;0.86249;0.86261;0.86255;0;T;True;2
1621250524000;11539854;0.86249;0.86261;0.86255;1;T;True;2
1621250525000;11539855;0.86249;0.86261;0.86255;0;T;True;2
1621250526000;11539861;0.86251;0.86263;0.86257;5;T;True;2
1621250527000;11539862;0.86251;0.86263;0.86257;0;T;True;2
1621250528000;11539863;0.86251;0.86263;0.86257;0;T;True;2
1621250529000;11539864;0.86251;0.86263;0.86257;0;T;True;2
1621250530000;11539865;0.86251;0.86263;0.86257;0;T;True;2
1621250531000;11539866;0.86251;0.86263;0.86257;0;T;True;2
1621250532000;11539869;0.86252;0.86264;0.86258;2;T;True;2
1621250533000;11539873;0.86249;0.86261;0.86255;3;T;True;2
1621250534000;11539875;0.86249;0.86261;0.86255;1;T;True;2
1621250535000;11539877;0.86249;0.86261;0.86255;1;T;True;2
1621250536000;11539880;0.86247;0.86259;0.86253;2;T;True;2
1621250537000;11539888;0.86239;0.86251;0.86245;7;T;True;2
1621250538000;11539889;0.86239;0.86251;0.86245;0;T;True;2
1621250539000;11539890;0.86239;0.86251;0.86245;0;T;True;2
1621250540000;11539892;0.86239;0.86251;0.86245;1;T;True;2
1621250541000;11539896;0.86239;0.86251;0.86245;3;T;True;2
1621250542000;11539898;0.86238;0.8625;0.86244;1;T;True;2
1621250543000;11539901;0.86236;0.86248;0.86242;2;T;True;2
1621250544000;11539903;0.86237;0.86249;0.86243;1;T;True;2
1621250545000;11539904;0.86237;0.86249;0.86243;0;T;True;2
1621250546000;11539905;0.86237;0.86249;0.86243;0;T;True;2
1621250547000;11539908;0.86237;0.86249;0.86243;2;T;True;2
1621250548000;11539909;0.86237;0.86249;0.86243;0;T;True;2
1621250549000;11539911;0.86236;0.86248;0.86242;1;T;True;2
1621250550000;11539912;0.86236;0.86248;0.86242;0;T;True;2
1621250551000;11539913;0.86236;0.86248;0.86242;0;T;True;2
1621250552000;11539914;0.86236;0.86248;0.86242;0;T;True;2
1621250553000;11539915;0.86236;0.86248;0.86242;0;T;True;2
1621250554000;11539916;0.86236;0.86248;0.86242;0;T;True;2
1621250555000;11539917;0.86236;0.86248;0.86242;0;T;True;2
1621250556000;11539919;0.86237;0.86249;0.86243;1;T;True;2
1621250557000;11539921;0.86237;0.86249;0.86243;1;T;True;2
1621250558000;11539922;0.86237;0.86249;0.86243;0;T;True;2
1621250559000;11539923;0.86237;0.86249;0.86243;0;T;True;2
1621250560000;11539924;0.86237;0.86249;0.86243;0;T;True;2
1621250561000;11539927;0.86237;0.86249;0.86243;2;T;True;2
1621250562000;11539928;0.86237;0.86249;0.86243;0;T;True;2
1621250563000;11539930;0.86238;0.8625;0.86244;1;T;True;2
1621250564000;11539931;0.86238;0.8625;0.86244;0;T;True;2
1621250565000;11539932;0.86238;0.8625;0.86244;0;T;True;2
1621250566000;11539933;0.86238;0.8625;0.86244;0;T;True;2
1621250567000;11539934;0.86238;0.8625;0.86244;0;T;True;2
1621250568000;11539935;0.86238;0.8625;0.86244;0;T;True;2
1621250569000;11539940;0.86237;0.86249;0.86243;4;T;True;2
1621250570000;11539941;0.86237;0.86249;0.86243;0;T;True;2
1621250571000;11539942;0.86237;0.86249;0.86243;0;T;True;2
1621250572000;11539943;0.86237;0.86249;0.86243;0;T;True;2
1621250573000;11539944;0.86237;0.86249;0.86243;0;T;True;2
1621250574000;11539945;0.86237;0.86249;0.86243;0;T;True;2
1621250575000;11539949;0.86239;0.86251;0.86245;3;T;True;2
1621250576000;11539951;0.86239;0.86251;0.86245;1;T;True;2
1621250577000;11539952;0.86239;0.86251;0.86245;0;T;True;2
1621250578000;11539955;0.86239;0.86251;0.86245;2;T;True;2
1621250579000;11539957;0.86239;0.86251;0.86245;1;T;True;2
1621250580000;11539962;0.86239;0.86251;0.86245;4;T;True;2
1621250581000;11539964;0.86239;0.86251;0.86245;1;T;True;2
1621250582000;11539965;0.86239;0.86251;0.86245;0;T;True;2
1621250583000;11539966;0.86239;0.86251;0.86245;0;T;True;2
1621250584000;11539967;0.86239;0.86251;0.86245;0;T;True;2
1621250585000;11539968;0.86239;0.86251;0.86245;0;T;True;2
1621250586000;11539970;0.86239;0.86251;0.86245;1;T;True;2
1621250587000;11539971;0.86239;0.86251;0.86245;0;T;True;2
1621250588000;11539973;0.86239;0.86251;0.86245;1;T;True;2
1621250589000;11539974;0.86239;0.86251;0.86245;0;T;True;2
1621250590000;11539975;0.86239;0.86251;0.86245;0;T;True;2
1621250591000;11539976;0.86239;0.86251;0.86245;0;T;True;2
1621250592000;11539979;0.86239;0.86251;0.86245;2;T;True;2
1621250593000;11539981;0.86241;0.86253;0.86247;1;T;True;2
1621250594000;11539983;0.86241;0.86253;0.86247;1;T;True;2
1621250595000;11539991;0.86245;0.86257;0.86251;7;T;True;2
1621250596000;11539992;0.86245;0.86257;0.86251;0;T;True;2
1621250597000;11539993;0.86245;0.86257;0.86251;0;T;True;2
1621250598000;11539994;0.86245;0.86257;0.86251;0;T;True;2
1621250599000;11539996;0.86246;0.86258;0.86252;1;T;True;2
1621250600000;11539997;0.86246;0.86258;0.86252;0;T;True;2
1621250601000;11539998;0.86246;0.86258;0.86252;0;T;True;2
1621250602000;11539999;0.86246;0.86258;0.86252;0;T;True;2
1621250603000;11540000;0.86246;0.86258;0.86252;0;T;True;2
1621250604000;11540004;0.86245;0.86257;0.86251;3;T;True;2
1621250605000;11540005;0.86245;0.86257;0.86251;0;T;True;2
1621250606000;11540006;0.86245;0.86257;0.86251;0;T;True;2
1621250607000;11540007;0.86245;0.86257;0.86251;0;T;True;2
1621250608000;11540008;0.86245;0.86257;0.86251;0;T;True;2
1621250609000;11540011;0.86245;0.86257;0.86251;2;T;True;2
1621250610000;11540012;0.86245;0.86257;0.86251;0;T;True;2
1621250611000;11540013;0.86245;0.86257;0.86251;0;T;True;2
1621250612000;11540019;0.86241;0.86253;0.86247;5;T;True;2
1621250613000;11540022;0.86241;0.86253;0.86247;2;T;True;2
1621250614000;11540024;0.86241;0.86253;0.86247;1;T;True;2
1621250615000;11540025;0.86241;0.86253;0.86247;0;T;True;2
1621250616000;11540026;0.86241;0.86253;0.86247;0;T;True;2
1621250617000;11540028;0.86242;0.86254;0.86248;1;T;True;2
1621250618000;11540030;0.86241;0.86253;0.86247;1;T;True;2
1621250619000;11540031;0.86241;0.86253;0.86247;0;T;True;2
1621250620000;11540032;0.86241;0.86253;0.86247;0;T;True;2
1621250621000;11540038;0.86241;0.86253;0.86247;5;T;True;2
1621250622000;11540041;0.86243;0.86255;0.86249;2;T;True;2
1621250623000;11540045;0.86245;0.86257;0.86251;3;T;True;2
1621250624000;11540047;0.86245;0.86257;0.86251;1;T;True;2
1621250625000;11540048;0.86245;0.86257;0.86251;0;T;True;2
1621250626000;11540050;0.86245;0.86257;0.86251;1;T;True;2
1621250627000;11540051;0.86245;0.86257;0.86251;0;T;True;2
1621250628000;11540052;0.86245;0.86257;0.86251;0;T;True;2
1621250629000;11540054;0.86245;0.86257;0.86251;1;T;True;2
1621250630000;11540055;0.86245;0.86257;0.86251;0;T;True;2
1621250631000;11540056;0.86245;0.86257;0.86251;0;T;True;2
1621250632000;11540057;0.86245;0.86257;0.86251;0;T;True;2
1621250633000;11540058;0.86245;0.86257;0.86251;0;T;True;2
1621250634000;11540062;0.86244;0.86256;0.8625;3;T;True;2
1621250635000;11540064;0.86244;0.86256;0.8625;1;T;True;2
1621250636000;11540065;0.86244;0.86256;0.8625;0;T;True;2
1621250637000;11540067;0.86245;0.86257;0.86251;1;T;True;2
1621250638000;11540072;0.86243;0.86255;0.86249;4;T;True;2
1621250639000;11540075;0.86243;0.86255;0.86249;2;T;True;2
1621250640000;11540077;0.86243;0.86255;0.86249;1;T;True;2
1621250641000;11540078;0.86243;0.86255;0.86249;0;T;True;2
1621250642000;11540079;0.86243;0.86255;0.86249;0;T;True;2
1621250643000;11540080;0.86243;0.86255;0.86249;0;T;True;2
1621250644000;11540081;0.86243;0.86255;0.86249;0;T;True;2
1621250645000;11540084;0.86243;0.86255;0.86249;2;T;True;2
1621250646000;11540085;0.86243;0.86255;0.86249;0;T;True;2
1621250647000;11540088;0.86242;0.86254;0.86248;2;T;True;2
1621250648000;11540094;0.86239;0.86251;0.86245;5;T;True;2
1621250649000;11540095;0.86239;0.86251;0.86245;0;T;True;2
1621250650000;11540097;0.86239;0.86251;0.86245;1;T;True;2
1621250651000;11540098;0.86239;0.86251;0.86245;0;T;True;2
1621250652000;11540099;0.86239;0.86251;0.86245;0;T;True;2
1621250653000;11540101;0.8624;0.86252;0.86246;1;T;True;2
1621250654000;11540103;0.86239;0.86251;0.86245;1;T;True;2
1621250655000;11540105;0.8624;0.86252;0.86246;1;T;True;2
1621250656000;11540111;0.86239;0.86251;0.86245;5;T;True;2
1621250657000;11540113;0.86239;0.86251;0.86245;1;T;True;2
1621250658000;11540115;0.86239;0.86251;0.86245;1;T;True;2
1621250659000;11540116;0.86239;0.86251;0.86245;0;T;True;2
1621250660000;11540119;0.86239;0.86251;0.86245;2;T;True;2
1621250661000;11540121;0.86239;0.86251;0.86245;1;T;True;2
1621250662000;11540122;0.86239;0.86251;0.86245;0;T;True;2
1621250663000;11540125;0.8624;0.86252;0.86246;2;T;True;2
1621250664000;11540128;0.86243;0.86255;0.86249;2;T;True;2
1621250665000;11540129;0.86243;0.86255;0.86249;0;T;True;2
1621250666000;11540131;0.86243;0.86255;0.86249;1;T;True;2
1621250667000;11540133;0.86243;0.86255;0.86249;1;T;True;2
1621250668000;11540134;0.86243;0.86255;0.86249;0;T;True;2
1621250669000;11540135;0.86243;0.86255;0.86249;0;T;True;2
1621250670000;11540136;0.86243;0.86255;0.86249;0;T;True;2
1621250671000;11540137;0.86243;0.86255;0.86249;0;T;True;2
1621250672000;11540138;0.86243;0.86255;0.86249;0;T;True;2
1621250673000;11540139;0.86243;0.86255;0.86249;0;T;True;2
1621250674000;11540140;0.86243;0.86255;0.86249;0;T;True;2
1621250675000;11540141;0.86243;0.86255;0.86249;0;T;True;2
1621250676000;11540145;0.86245;0.86257;0.86251;3;T;True;2
1621250677000;11540146;0.86245;0.86257;0.86251;0;T;True;2
1621250678000;11540147;0.86245;0.86257;0.86251;0;T;True;2
1621250679000;11540148;0.86245;0.86257;0.86251;0;T;True;2
1621250680000;11540149;0.86245;0.86257;0.86251;0;T;True;2
1621250681000;11540150;0.86245;0.86257;0.86251;0;T;True;2
1621250682000;11540151;0.86245;0.86257;0.86251;0;T;True;2
1621250683000;11540152;0.86245;0.86257;0.86251;0;T;True;2
1621250684000;11540153;0.86245;0.86257;0.86251;0;T;True;2
1621250685000;11540154;0.86245;0.86257;0.86251;0;T;True;2
1621250686000;11540157;0.86245;0.86257;0.86251;2;T;True;2
1621250687000;11540158;0.86245;0.86257;0.86251;0;T;True;2
1621250688000;11540161;0.86245;0.86257;0.86251;2;T;True;2
1621250689000;11540164;0.86247;0.86259;0.86253;2;T;True;2
1621250690000;11540166;0.86247;0.86259;0.86253;1;T;True;2
1621250691000;11540167;0.86247;0.86259;0.86253;0;T;True;2
1621250692000;11540172;0.86245;0.86257;0.86251;4;T;True;2
1621250693000;11540174;0.86245;0.86257;0.86251;1;T;True;2
1621250694000;11540179;0.86251;0.86263;0.86257;4;T;True;2
1621250695000;11540187;0.86254;0.86266;0.8626;7;T;True;2
1621250696000;11540188;0.86254;0.86266;0.8626;0;T;True;2
1621250697000;11540191;0.86252;0.86264;0.86258;2;T;True;2
1621250698000;11540192;0.86252;0.86264;0.86258;0;T;True;2
1621250699000;11540193;0.86252;0.86264;0.86258;0;T;True;2
1621250700000;11540194;0.86252;0.86264;0.86258;0;T;True;2
1621250701000;11540195;0.86252;0.86264;0.86258;0;T;True;2
1621250702000;11540198;0.86251;0.86263;0.86257;2;T;True;2
1621250703000;11540202;0.86251;0.86263;0.86257;3;T;True;2
1621250704000;11540207;0.86252;0.86264;0.86258;4;T;True;2
1621250705000;11540208;0.86252;0.86264;0.86258;0;T;True;2
1621250706000;11540209;0.86252;0.86264;0.86258;0;T;True;2
1621250707000;11540210;0.86252;0.86264;0.86258;0;T;True;2
1621250708000;11540216;0.86252;0.86264;0.86258;5;T;True;2
1621250709000;11540223;0.86253;0.86265;0.86259;6;T;True;2
1621250710000;11540228;0.86252;0.86264;0.86258;4;T;True;2
1621250711000;11540230;0.86251;0.86263;0.86257;1;T;True;2
1621250712000;11540237;0.86251;0.86263;0.86257;6;T;True;2
1621250713000;11540240;0.86251;0.86263;0.86257;2;T;True;2
1621250714000;11540243;0.86252;0.86264;0.86258;2;T;True;2
1621250715000;11540244;0.86252;0.86264;0.86258;0;T;True;2
1621250716000;11540249;0.86255;0.86267;0.86261;4;T;True;2
1621250717000;11540250;0.86255;0.86267;0.86261;0;T;True;2
1621250718000;11540251;0.86255;0.86267;0.86261;0;T;True;2
1621250719000;11540252;0.86255;0.86267;0.86261;0;T;True;2
1621250720000;11540255;0.86257;0.86269;0.86263;2;T;True;2
1621250721000;11540260;0.86257;0.86269;0.86263;4;T;True;2
1621250722000;11540261;0.86257;0.86269;0.86263;0;T;True;2
1621250723000;11540266;0.86257;0.86269;0.86263;4;T;True;2
1621250724000;11540275;0.86256;0.86268;0.86262;8;T;True;2
1621250725000;11540280;0.86257;0.86269;0.86263;4;T;True;2
1621250726000;11540282;0.86256;0.86268;0.86262;1;T;True;2
1621250727000;11540285;0.86256;0.86268;0.86262;2;T;True;2
1621250728000;11540288;0.86255;0.86267;0.86261;2;T;True;2
1621250729000;11540289;0.86255;0.86267;0.86261;0;T;True;2
1621250730000;11540291;0.86255;0.86267;0.86261;1;T;True;2
1621250731000;11540299;0.86257;0.86269;0.86263;7;T;True;2
1621250732000;11540300;0.86257;0.86269;0.86263;0;T;True;2
1621250733000;11540301;0.86257;0.86269;0.86263;0;T;True;2
1621250734000;11540302;0.86257;0.86269;0.86263;0;T;True;2
1621250735000;11540304;0.86257;0.86269;0.86263;1;T;True;2
1621250736000;11540305;0.86257;0.86269;0.86263;0;T;True;2
1621250737000;11540310;0.86259;0.86271;0.86265;4;T;True;2
1621250738000;11540312;0.86259;0.86271;0.86265;1;T;True;2
1621250739000;11540313;0.86259;0.86271;0.86265;0;T;True;2
1621250740000;11540314;0.86259;0.86271;0.86265;0;T;True;2
1621250741000;11540315;0.86259;0.86271;0.86265;0;T;True;2
1621250742000;11540319;0.86259;0.86271;0.86265;3;T;True;2
1621250743000;11540320;0.86259;0.86271;0.86265;0;T;True;2
1621250744000;11540322;0.86261;0.86273;0.86267;1;T;True;2
1621250745000;11540330;0.86263;0.86275;0.86269;7;T;True;2
1621250746000;11540331;0.86263;0.86275;0.86269;0;T;True;2
1621250747000;11540332;0.86263;0.86275;0.86269;0;T;True;2
1621250748000;11540333;0.86263;0.86275;0.86269;0;T;True;2
1621250749000;11540336;0.86263;0.86275;0.86269;2;T;True;2
1621250750000;11540337;0.86263;0.86275;0.86269;0;T;True;2
1621250751000;11540342;0.86261;0.86273;0.86267;4;T;True;2
1621250752000;11540343;0.86261;0.86273;0.86267;0;T;True;2
1621250753000;11540346;0.86261;0.86273;0.86267;2;T;True;2
1621250754000;11540356;0.86257;0.86269;0.86263;9;T;True;2
1621250755000;11540358;0.86255;0.86267;0.86261;1;T;True;2
1621250756000;11540365;0.86248;0.8626;0.86254;6;T;True;2
1621250757000;11540366;0.86248;0.8626;0.86254;0;T;True;2
1621250758000;11540367;0.86248;0.8626;0.86254;0;T;True;2
1621250759000;11540371;0.86247;0.86259;0.86253;3;T;True;2
1621250760000;11540373;0.86248;0.8626;0.86254;1;T;True;2
1621250761000;11540374;0.86248;0.8626;0.86254;0;T;True;2
1621250762000;11540375;0.86248;0.8626;0.86254;0;T;True;2
1621250763000;11540376;0.86248;0.8626;0.86254;0;T;True;2
1621250764000;11540377;0.86248;0.8626;0.86254;0;T;True;2
1621250765000;11540378;0.86248;0.8626;0.86254;0;T;True;2
1621250766000;11540379;0.86248;0.8626;0.86254;0;T;True;2
1621250767000;11540380;0.86248;0.8626;0.86254;0;T;True;2
1621250768000;11540382;0.86248;0.8626;0.86254;1;T;True;2
1621250769000;11540383;0.86248;0.8626;0.86254;0;T;True;2
1621250770000;11540384;0.86248;0.8626;0.86254;0;T;True;2
1621250771000;11540389;0.86251;0.86263;0.86257;4;T;True;2
1621250772000;11540390;0.86251;0.86263;0.86257;0;T;True;2
1621250773000;11540392;0.8625;0.86262;0.86256;1;T;True;2
1621250774000;11540393;0.8625;0.86262;0.86256;0;T;True;2
1621250775000;11540397;0.86253;0.86265;0.86259;3;T;True;2
1621250776000;11540403;0.86253;0.86265;0.86259;5;T;True;2
1621250777000;11540405;0.86253;0.86265;0.86259;1;T;True;2
1621250778000;11540408;0.86252;0.86264;0.86258;2;T;True;2
1621250779000;11540409;0.86252;0.86264;0.86258;0;T;True;2
1621250780000;11540410;0.86252;0.86264;0.86258;0;T;True;2
1621250781000;11540411;0.86252;0.86264;0.86258;0;T;True;2
1621250782000;11540416;0.86253;0.86265;0.86259;4;T;True;2
1621250783000;11540418;0.86253;0.86265;0.86259;1;T;True;2
1621250784000;11540419;0.86253;0.86265;0.86259;0;T;True;2
1621250785000;11540421;0.86253;0.86265;0.86259;1;T;True;2
1621250786000;11540423;0.86253;0.86265;0.86259;1;T;True;2
1621250787000;11540425;0.86253;0.86265;0.86259;1;T;True;2
1621250788000;11540426;0.86253;0.86265;0.86259;0;T;True;2
