ts;n;bid;ask;value;volume;phase;round;active_id
1621256262000;11551403;0.86145;0.86157;0.86151;2;T;True;2
1621256263000;11551406;0.86147;0.86159;0.86153;2;T;True;2
1621256264000;11551407;0.86147;0.86159;0.86153;0;T;True;2
1621256265000;11551408;0.86147;0.86159;0.86153;0;T;True;2
1621256266000;11551409;0.86147;0.86159;0.86153;0;T;True;2
1621256267000;11551410;0.86147;0.86159;0.86153;0;T;True;2
1621256268000;11551411;0.86147;0.86159;0.86153;0;T;True;2
1621256269000;11551418;0.86152;0.86164;0.86158;6;T;True;2
1621256270000;11551419;0.86152;0.86164;0.86158;0;T;True;2
1621256271000;11551420;0.86152;0.86164;0.86158;0;T;True;2
1621256272000;11551422;0.86151;0.86163;0.86157;1;T;True;2
1621256273000;11551423;0.86151;0.86163;0.86157;0;T;True;2
1621256274000;11551424;0.86151;0.86163;0.86157;0;T;True;2
1621256275000;11551425;0.86151;0.86163;0.86157;0;T;True;2
1621256276000;11551426;0.86151;0.86163;0.86157;0;T;True;2
1621256277000;11551433;0.86151;0.86163;0.86157;6;T;True;2
1621256278000;11551435;0.86151;0.86163;0.86157;1;T;True;2
1621256279000;11551437;0.86153;0.86165;0.86159;1;T;True;2
1621256280000;11551438;0.86153;0.86165;0.86159;0;T;True;2
1621256281000;11551439;0.86153;0.86165;0.86159;0;T;True;2
1621256282000;11551440;0.86153;0.86165;0.86159;0;T;True;2
1621256283000;11551441;0.86153;0.86165;0.86159;0;T;True;2
1621256284000;11551443;0.86152;0.86164;0.86158;1;T;True;2
1621256285000;11551446;0.86152;0.86164;0.86158;2;T;True;2
1621256286000;11551448;0.86151;0.86163;0.86157;1;T;True;2
1621256287000;11551450;0.86152;0.86164;0.86158;1;T;True;2
1621256288000;11551451;0.86152;0.86164;0.86158;0;T;True;2
1621256289000;11551452;0.86152;0.86164;0.86158;0;T;True;2
1621256290000;11551453;0.86152;0.86164;0.86158;0;T;True;2
1621256291000;11551454;0.86152;0.86164;0.86158;0;T;True;2
1621256292000;11551456;0.86151;0.86163;0.86157;1;T;True;2
1621256293000;11551457;0.86151;0.86163;0.86157;0;T;True;2
1621256294000;11551459;0.86151;0.86163;0.86157;1;T;True;2
1621256295000;11551460;0.86151;0.86163;0.86157;0;T;True;2
1621256296000;11551463;0.86151;0.86163;0.86157;2;T;True;2
1621256297000;11551464;0.86151;0.86163;0.86157;0;T;True;2
1621256298000;11551465;0.86151;0.86163;0.86157;0;T;True;2
1621256299000;11551468;0.86151;0.86163;0.86157;2;T;True;2
1621256300000;11551472;0.86151;0.86163;0.86157;3;T;True;2
1621256301000;11551473;0.86151;0.86163;0.86157;0;T;True;2
1621256302000;11551478;0.86157;0.86169;0.86163;4;T;True;2
1621256303000;11551479;0.86157;0.86169;0.86163;0;T;True;2
1621256304000;11551480;0.86157;0.86169;0.86163;0;T;True;2
1621256305000;11551481;0.86157;0.86169;0.86163;0;T;True;2
1621256306000;11551482;0.86157;0.86169;0.86163;0;T;True;2
1621256307000;11551483;0.86157;0.86169;0.86163;0;T;True;2
1621256308000;11551484;0.86157;0.86169;0.86163;0;T;True;2
1621256309000;11551488;0.86158;0.8617;0.86164;3;T;True;2
1621256310000;11551489;0.86158;0.8617;0.86164;0;T;True;2
1621256311000;11551493;0.86157;0.86169;0.86163;3;T;True;2
1621256312000;11551494;0.86157;0.86169;0.86163;0;T;True;2
1621256313000;11551495;0.86157;0.86169;0.86163;0;T;True;2
1621256314000;11551496;0.86157;0.86169;0.86163;0;T;True;2
1621256315000;11551497;0.86157;0.86169;0.86163;0;T;True;2
1621256316000;11551498;0.86157;0.86169;0.86163;0;T;True;2
1621256317000;11551502;0.86154;0.86166;0.8616;3;T;True;2
1621256318000;11551504;0.86153;0.86165;0.86159;1;T;True;2
1621256319000;11551506;0.86151;0.86163;0.86157;1;T;True;2
1621256320000;11551507;0.86151;0.86163;0.86157;0;T;True;2
1621256321000;11551508;0.86151;0.86163;0.86157;0;T;True;2
1621256322000;11551509;0.86151;0.86163;0.86157;0;T;True;2
1621256323000;11551510;0.86151;0.86163;0.86157;0;T;True;2
1621256324000;11551511;0.86151;0.86163;0.86157;0;T;True;2
1621256325000;11551515;0.86155;0.86167;0.86161;3;T;True;2
1621256326000;11551517;0.86155;0.86167;0.86161;1;T;True;2
1621256327000;11551518;0.86155;0.86167;0.86161;0;T;True;2
1621256328000;11551521;0.86158;0.8617;0.86164;2;T;True;2
1621256329000;11551526;0.86158;0.8617;0.86164;4;T;True;2
1621256330000;11551527;0.86158;0.8617;0.86164;0;T;True;2
1621256331000;11551529;0.86159;0.86171;0.86165;1;T;True;2
1621256332000;11551530;0.86159;0.86171;0.86165;0;T;True;2
1621256333000;11551531;0.86159;0.86171;0.86165;0;T;True;2
1621256334000;11551532;0.86159;0.86171;0.86165;0;T;True;2
1621256335000;11551533;0.86159;0.86171;0.86165;0;T;True;2
1621256336000;11551534;0.86159;0.86171;0.86165;0;T;True;2
1621256337000;11551535;0.86159;0.86171;0.86165;0;T;True;2
1621256338000;11551536;0.86159;0.86171;0.86165;0;T;True;2
1621256339000;11551538;0.86158;0.8617;0.86164;1;T;True;2
1621256340000;11551539;0.86158;0.8617;0.86164;0;T;True;2
1621256341000;11551543;0.86155;0.86167;0.86161;3;T;True;2
1621256342000;11551544;0.86155;0.86167;0.86161;0;T;True;2
1621256343000;11551547;0.86157;0.86169;0.86163;2;T;True;2
1621256344000;11551548;0.86157;0.86169;0.86163;0;T;True;2
1621256345000;11551551;0.86159;0.86171;0.86165;2;T;True;2
1621256346000;11551553;0.86158;0.8617;0.86164;1;T;True;2
1621256347000;11551554;0.86158;0.8617;0.86164;0;T;True;2
1621256348000;11551555;0.86158;0.8617;0.86164;0;T;True;2
1621256349000;11551556;0.86158;0.8617;0.86164;0;T;True;2
1621256350000;11551557;0.86158;0.8617;0.86164;0;T;True;2
1621256351000;11551558;0.86158;0.8617;0.86164;0;T;True;2
1621256352000;11551565;0.86151;0.86163;0.86157;6;T;True;2
1621256353000;11551567;0.8615;0.86162;0.86156;1;T;True;2
1621256354000;11551569;0.86151;0.86163;0.86157;1;T;True;2
1621256355000;11551572;0.86153;0.86165;0.86159;2;T;True;2
1621256356000;11551573;0.86153;0.86165;0.86159;0;T;True;2
1621256357000;11551574;0.86153;0.86165;0.86159;0;T;True;2
1621256358000;11551575;0.86153;0.86165;0.86159;0;T;True;2
1621256359000;11551576;0.86153;0.86165;0.86159;0;T;True;2
1621256360000;11551577;0.86153;0.86165;0.86159;0;T;True;2
1621256361000;11551578;0.86153;0.86165;0.86159;0;T;True;2
1621256362000;11551579;0.86153;0.86165;0.86159;0;T;True;2
1621256363000;11551580;0.86153;0.86165;0.86159;0;T;True;2
1621256364000;11551581;0.86153;0.86165;0.86159;0;T;True;2
1621256365000;11551582;0.86153;0.86165;0.86159;0;T;True;2
1621256366000;11551584;0.86152;0.86164;0.86158;1;T;True;2
1621256367000;11551585;0.86152;0.86164;0.86158;0;T;True;2
1621256368000;11551588;0.86154;0.86166;0.8616;2;T;True;2
1621256369000;11551590;0.86153;0.86165;0.86159;1;T;True;2
1621256370000;11551591;0.86153;0.86165;0.86159;0;T;True;2
1621256371000;11551592;0.86153;0.86165;0.86159;0;T;True;2
1621256372000;11551593;0.86153;0.86165;0.86159;0;T;True;2
1621256373000;11551594;0.86153;0.86165;0.86159;0;T;True;2
1621256374000;11551598;0.86153;0.86165;0.86159;3;T;True;2
1621256375000;11551600;0.86155;0.86167;0.86161;1;T;True;2
1621256376000;11551601;0.86155;0.86167;0.86161;0;T;True;2
1621256377000;11551604;0.86153;0.86165;0.86159;2;T;True;2
1621256378000;11551605;0.86153;0.86165;0.86159;0;T;True;2
1621256379000;11551606;0.86153;0.86165;0.86159;0;T;True;2
1621256380000;11551608;0.86153;0.86165;0.86159;1;T;True;2
1621256381000;11551609;0.86153;0.86165;0.86159;0;T;True;2
1621256382000;11551612;0.86151;0.86163;0.86157;2;T;True;2
1621256383000;11551613;0.86151;0.86163;0.86157;0;T;True;2
1621256384000;11551617;0.86149;0.86161;0.86155;3;T;True;2
1621256385000;11551618;0.86149;0.86161;0.86155;0;T;True;2
1621256386000;11551620;0.8615;0.86162;0.86156;1;T;True;2
1621256387000;11551621;0.8615;0.86162;0.86156;0;T;True;2
1621256388000;11551622;0.8615;0.86162;0.86156;0;T;True;2
1621256389000;11551624;0.8615;0.86162;0.86156;1;T;True;2
1621256390000;11551629;0.86149;0.86161;0.86155;4;T;True;2
1621256391000;11551632;0.86151;0.86163;0.86157;2;T;True;2
1621256392000;11551637;0.86153;0.86165;0.86159;4;T;True;2
1621256393000;11551640;0.86153;0.86165;0.86159;2;T;True;2
1621256394000;11551641;0.86153;0.86165;0.86159;0;T;True;2
1621256395000;11551645;0.86153;0.86165;0.86159;3;T;True;2
1621256396000;11551647;0.86153;0.86165;0.86159;1;T;True;2
1621256397000;11551648;0.86153;0.86165;0.86159;0;T;True;2
1621256398000;11551655;0.86153;0.86165;0.86159;6;T;True;2
1621256399000;11551661;0.86154;0.86166;0.8616;5;T;True;2
1621256400000;11551662;0.86154;0.86166;0.8616;0;T;True;2
1621256401000;11551674;0.86154;0.86166;0.8616;11;T;True;2
1621256402000;11551676;0.86153;0.86165;0.86159;1;T;True;2
1621256403000;11551678;0.86155;0.86167;0.86161;1;T;True;2
1621256404000;11551679;0.86155;0.86167;0.86161;0;T;True;2
1621256405000;11551682;0.86153;0.86165;0.86159;2;T;True;2
1621256406000;11551687;0.86151;0.86163;0.86157;4;T;True;2
1621256407000;11551689;0.86153;0.86165;0.86159;1;T;True;2
1621256408000;11551690;0.86153;0.86165;0.86159;0;T;True;2
1621256409000;11551694;0.86153;0.86165;0.86159;3;T;True;2
1621256410000;11551695;0.86153;0.86165;0.86159;0;T;True;2
1621256411000;11551696;0.86153;0.86165;0.86159;0;T;True;2
1621256412000;11551698;0.86151;0.86163;0.86157;1;T;True;2
1621256413000;11551700;0.8615;0.86162;0.86156;1;T;True;2
1621256414000;11551702;0.86151;0.86163;0.86157;1;T;True;2
1621256415000;11551704;0.86152;0.86164;0.86158;1;T;True;2
1621256416000;11551714;0.86147;0.86159;0.86153;9;T;True;2
1621256417000;11551718;0.86147;0.86159;0.86153;3;T;True;2
1621256418000;11551724;0.86148;0.8616;0.86154;5;T;True;2
1621256419000;11551726;0.86149;0.86161;0.86155;1;T;True;2
1621256420000;11551731;0.86149;0.86161;0.86155;4;T;True;2
1621256421000;11551734;0.8615;0.86162;0.86156;2;T;True;2
1621256422000;11551737;0.8615;0.86162;0.86156;2;T;True;2
1621256423000;11551740;0.86153;0.86165;0.86159;2;T;True;2
1621256424000;11551742;0.86154;0.86166;0.8616;1;T;True;2
1621256425000;11551746;0.86153;0.86165;0.86159;3;T;True;2
1621256426000;11551753;0.86158;0.8617;0.86164;6;T;True;2
1621256427000;11551756;0.86158;0.8617;0.86164;2;T;True;2
1621256428000;11551761;0.86158;0.8617;0.86164;4;T;True;2
1621256429000;11551766;0.8616;0.86172;0.86166;4;T;True;2
1621256430000;11551769;0.86159;0.86171;0.86165;2;T;True;2
1621256431000;11551771;0.86159;0.86171;0.86165;1;T;True;2
1621256432000;11551773;0.86159;0.86171;0.86165;1;T;True;2
1621256433000;11551777;0.86159;0.86171;0.86165;3;T;True;2
1621256434000;11551779;0.86159;0.86171;0.86165;1;T;True;2
1621256435000;11551785;0.86161;0.86173;0.86167;5;T;True;2
1621256436000;11551788;0.86162;0.86174;0.86168;2;T;True;2
1621256437000;11551792;0.86163;0.86175;0.86169;3;T;True;2
1621256438000;11551794;0.86163;0.86175;0.86169;1;T;True;2
1621256439000;11551799;0.86167;0.86179;0.86173;4;T;True;2
1621256440000;11551804;0.86169;0.86181;0.86175;4;T;True;2
1621256441000;11551805;0.86169;0.86181;0.86175;0;T;True;2
1621256442000;11551807;0.86168;0.8618;0.86174;1;T;True;2
1621256443000;11551808;0.86168;0.8618;0.86174;0;T;True;2
1621256444000;11551810;0.86167;0.86179;0.86173;1;T;True;2
1621256445000;11551814;0.86167;0.86179;0.86173;3;T;True;2
1621256446000;11551815;0.86167;0.86179;0.86173;0;T;True;2
1621256447000;11551819;0.86167;0.86179;0.86173;3;T;True;2
1621256448000;11551828;0.86164;0.86176;0.8617;8;T;True;2
1621256449000;11551829;0.86164;0.86176;0.8617;0;T;True;2
1621256450000;11551830;0.86164;0.86176;0.8617;0;T;True;2
1621256451000;11551832;0.86164;0.86176;0.8617;1;T;True;2
1621256452000;11551833;0.86164;0.86176;0.8617;0;T;True;2
1621256453000;11551834;0.86164;0.86176;0.8617;0;T;True;2
1621256454000;11551841;0.86169;0.86181;0.86175;6;T;True;2
1621256455000;11551845;0.86169;0.86181;0.86175;3;T;True;2
1621256456000;11551849;0.86168;0.8618;0.86174;3;T;True;2
1621256457000;11551851;0.86167;0.86179;0.86173;1;T;True;2
1621256458000;11551854;0.86167;0.86179;0.86173;2;T;True;2
1621256459000;11551856;0.86167;0.86179;0.86173;1;T;True;2
1621256460000;11551860;0.86167;0.86179;0.86173;3;T;True;2
1621256461000;11551862;0.86167;0.86179;0.86173;1;T;True;2
1621256462000;11551864;0.86169;0.86181;0.86175;1;T;True;2
1621256463000;11551865;0.86169;0.86181;0.86175;0;T;True;2
1621256464000;11551867;0.86167;0.86179;0.86173;1;T;True;2
1621256465000;11551870;0.86167;0.86179;0.86173;2;T;True;2
1621256466000;11551875;0.86166;0.86178;0.86172;4;T;True;2
1621256467000;11551877;0.86165;0.86177;0.86171;1;T;True;2
1621256468000;11551878;0.86165;0.86177;0.86171;0;T;True;2
1621256469000;11551879;0.86165;0.86177;0.86171;0;T;True;2
1621256470000;11551881;0.86165;0.86177;0.86171;1;T;True;2
1621256471000;11551882;0.86165;0.86177;0.86171;0;T;True;2
1621256472000;11551884;0.86163;0.86175;0.86169;1;T;True;2
1621256473000;11551887;0.86163;0.86175;0.86169;2;T;True;2
1621256474000;11551890;0.86163;0.86175;0.86169;2;T;True;2
1621256475000;11551891;0.86163;0.86175;0.86169;0;T;True;2
1621256476000;11551900;0.86165;0.86177;0.86171;8;T;True;2
1621256477000;11551901;0.86165;0.86177;0.86171;0;T;True;2
1621256478000;11551902;0.86165;0.86177;0.86171;0;T;True;2
1621256479000;11551903;0.86165;0.86177;0.86171;0;T;True;2
1621256480000;11551908;0.86167;0.86179;0.86173;4;T;True;2
1621256481000;11551914;0.86167;0.86179;0.86173;5;T;True;2
1621256482000;11551915;0.86167;0.86179;0.86173;0;T;True;2
1621256483000;11551918;0.86167;0.86179;0.86173;2;T;True;2
1621256484000;11551919;0.86167;0.86179;0.86173;0;T;True;2
1621256485000;11551920;0.86167;0.86179;0.86173;0;T;True;2
1621256486000;11551921;0.86167;0.86179;0.86173;0;T;True;2
1621256487000;11551926;0.86167;0.86179;0.86173;4;T;True;2
1621256488000;11551928;0.86167;0.86179;0.86173;1;T;True;2
1621256489000;11551929;0.86167;0.86179;0.86173;0;T;True;2
1621256490000;11551932;0.86167;0.86179;0.86173;2;T;True;2
1621256491000;11551933;0.86167;0.86179;0.86173;0;T;True;2
1621256492000;11551934;0.86167;0.86179;0.86173;0;T;True;2
1621256493000;11551939;0.8617;0.86182;0.86176;4;T;True;2
1621256494000;11551942;0.8617;0.86182;0.86176;2;T;True;2
1621256495000;11551946;0.8617;0.86182;0.86176;3;T;True;2
1621256496000;11551947;0.8617;0.86182;0.86176;0;T;True;2
1621256497000;11551948;0.8617;0.86182;0.86176;0;T;True;2
1621256498000;11551949;0.8617;0.86182;0.86176;0;T;True;2
1621256499000;11551950;0.8617;0.86182;0.86176;0;T;True;2
1621256500000;11551951;0.8617;0.86182;0.86176;0;T;True;2
1621256501000;11551952;0.8617;0.86182;0.86176;0;T;True;2
1621256502000;11551957;0.86167;0.86179;0.86173;4;T;True;2
1621256503000;11551963;0.8617;0.86182;0.86176;5;T;True;2
1621256504000;11551966;0.8617;0.86182;0.86176;2;T;True;2
1621256505000;11551968;0.8617;0.86182;0.86176;1;T;True;2
1621256506000;11551969;0.8617;0.86182;0.86176;0;T;True;2
1621256507000;11551972;0.8617;0.86182;0.86176;2;T;True;2
1621256508000;11551973;0.8617;0.86182;0.86176;0;T;True;2
1621256509000;11551974;0.8617;0.86182;0.86176;0;T;True;2
1621256510000;11551975;0.8617;0.86182;0.86176;0;T;True;2
1621256511000;11551979;0.8617;0.86182;0.86176;3;T;True;2
1621256512000;11551983;0.86171;0.86183;0.86177;3;T;True;2
1621256513000;11551985;0.86171;0.86183;0.86177;1;T;True;2
1621256514000;11551987;0.86171;0.86183;0.86177;1;T;True;2
1621256515000;11551989;0.86171;0.86183;0.86177;1;T;True;2
1621256516000;11551990;0.86171;0.86183;0.86177;0;T;True;2
1621256517000;11551991;0.86171;0.86183;0.86177;0;T;True;2
1621256518000;11551992;0.86171;0.86183;0.86177;0;T;True;2
1621256519000;11551993;0.86171;0.86183;0.86177;0;T;True;2
1621256520000;11551994;0.86171;0.86183;0.86177;0;T;True;2
1621256521000;11551995;0.86171;0.86183;0.86177;0;T;True;2
1621256522000;11551996;0.86171;0.86183;0.86177;0;T;True;2
1621256523000;11551997;0.86171;0.86183;0.86177;0;T;True;2
1621256524000;11551998;0.86171;0.86183;0.86177;0;T;True;2
1621256525000;11551999;0.86171;0.86183;0.86177;0;T;True;2
1621256526000;11552004;0.86171;0.86183;0.86177;4;T;True;2
1621256527000;11552006;0.8617;0.86182;0.86176;1;T;True;2
1621256528000;11552008;0.86169;0.86181;0.86175;1;T;True;2
1621256529000;11552014;0.86167;0.86179;0.86173;5;T;True;2
1621256530000;11552023;0.86168;0.8618;0.86174;8;T;True;2
1621256531000;11552027;0.8617;0.86182;0.86176;3;T;True;2
1621256532000;11552038;0.86169;0.86181;0.86175;10;T;True;2
1621256533000;11552043;0.8617;0.86182;0.86176;4;T;True;2
1621256534000;11552048;0.86169;0.86181;0.86175;4;T;True;2
1621256535000;11552054;0.8617;0.86182;0.86176;5;T;True;2
1621256536000;11552055;0.8617;0.86182;0.86176;0;T;True;2
1621256537000;11552057;0.8617;0.86182;0.86176;1;T;True;2
1621256538000;11552058;0.8617;0.86182;0.86176;0;T;True;2
1621256539000;11552059;0.8617;0.86182;0.86176;0;T;True;2
1621256540000;11552062;0.86169;0.86181;0.86175;2;T;True;2
1621256541000;11552064;0.86169;0.86181;0.86175;1;T;True;2
1621256542000;11552072;0.86167;0.86179;0.86173;7;T;True;2
1621256543000;11552077;0.86165;0.86177;0.86171;4;T;True;2
1621256544000;11552079;0.86166;0.86178;0.86172;1;T;True;2
1621256545000;11552084;0.86166;0.86178;0.86172;4;T;True;2
1621256546000;11552091;0.86165;0.86177;0.86171;6;T;True;2
1621256547000;11552094;0.86165;0.86177;0.86171;2;T;True;2
1621256548000;11552095;0.86165;0.86177;0.86171;0;T;True;2
1621256549000;11552096;0.86165;0.86177;0.86171;0;T;True;2
1621256550000;11552099;0.86165;0.86177;0.86171;2;T;True;2
1621256551000;11552106;0.86168;0.8618;0.86174;6;T;True;2
1621256552000;11552113;0.86168;0.8618;0.86174;6;T;True;2
1621256553000;11552119;0.86171;0.86183;0.86177;5;T;True;2
1621256554000;11552121;0.86172;0.86184;0.86178;1;T;True;2
1621256555000;11552122;0.86172;0.86184;0.86178;0;T;True;2
1621256556000;11552123;0.86172;0.86184;0.86178;0;T;True;2
1621256557000;11552124;0.86172;0.86184;0.86178;0;T;True;2
1621256558000;11552125;0.86172;0.86184;0.86178;0;T;True;2
1621256559000;11552127;0.86171;0.86183;0.86177;1;T;True;2
1621256560000;11552131;0.86172;0.86184;0.86178;3;T;True;2
1621256561000;11552132;0.86172;0.86184;0.86178;0;T;True;2
1621256562000;11552133;0.86172;0.86184;0.86178;0;T;True;2
1621256563000;11552134;0.86172;0.86184;0.86178;0;T;True;2
1621256564000;11552135;0.86172;0.86184;0.86178;0;T;True;2
1621256565000;11552137;0.86171;0.86183;0.86177;1;T;True;2
1621256566000;11552138;0.86171;0.86183;0.86177;0;T;True;2
1621256567000;11552139;0.86171;0.86183;0.86177;0;T;True;2
1621256568000;11552140;0.86171;0.86183;0.86177;0;T;True;2
1621256569000;11552141;0.86171;0.86183;0.86177;0;T;True;2
1621256570000;11552142;0.86171;0.86183;0.86177;0;T;True;2
1621256571000;11552143;0.86171;0.86183;0.86177;0;T;True;2
1621256572000;11552144;0.86171;0.86183;0.86177;0;T;True;2
1621256573000;11552145;0.86171;0.86183;0.86177;0;T;True;2
1621256574000;11552146;0.86171;0.86183;0.86177;0;T;True;2
1621256575000;11552147;0.86171;0.86183;0.86177;0;T;True;2
1621256576000;11552148;0.86171;0.86183;0.86177;0;T;True;2
1621256577000;11552153;0.86167;0.86179;0.86173;4;T;True;2
1621256578000;11552154;0.86167;0.86179;0.86173;0;T;True;2
1621256579000;11552155;0.86167;0.86179;0.86173;0;T;True;2
1621256580000;11552156;0.86167;0.86179;0.86173;0;T;True;2
1621256581000;11552157;0.86167;0.86179;0.86173;0;T;True;2
1621256582000;11552159;0.86168;0.8618;0.86174;1;T;True;2
1621256583000;11552163;0.86167;0.86179;0.86173;3;T;True;2
1621256584000;11552164;0.86167;0.86179;0.86173;0;T;True;2
1621256585000;11552165;0.86167;0.86179;0.86173;0;T;True;2
1621256586000;11552167;0.86166;0.86178;0.86172;1;T;True;2
1621256587000;11552170;0.86163;0.86175;0.86169;2;T;True;2
1621256588000;11552171;0.86163;0.86175;0.86169;0;T;True;2
1621256589000;11552173;0.86162;0.86174;0.86168;1;T;True;2
1621256590000;11552174;0.86162;0.86174;0.86168;0;T;True;2
1621256591000;11552175;0.86162;0.86174;0.86168;0;T;True;2
1621256592000;11552178;0.86163;0.86175;0.86169;2;T;True;2
1621256593000;11552181;0.86163;0.86175;0.86169;2;T;True;2
1621256594000;11552182;0.86163;0.86175;0.86169;0;T;True;2
1621256595000;11552183;0.86163;0.86175;0.86169;0;T;True;2
1621256596000;11552184;0.86163;0.86175;0.86169;0;T;True;2
1621256597000;11552185;0.86163;0.86175;0.86169;0;T;True;2
1621256598000;11552189;0.86163;0.86175;0.86169;3;T;True;2
1621256599000;11552191;0.86164;0.86176;0.8617;1;T;True;2
1621256600000;11552192;0.86164;0.86176;0.8617;0;T;True;2
1621256601000;11552193;0.86164;0.86176;0.8617;0;T;True;2
1621256602000;11552194;0.86164;0.86176;0.8617;0;T;True;2
1621256603000;11552195;0.86164;0.86176;0.8617;0;T;True;2
1621256604000;11552196;0.86164;0.86176;0.8617;0;T;True;2
1621256605000;11552197;0.86164;0.86176;0.8617;0;T;True;2
1621256606000;11552206;0.86167;0.86179;0.86173;8;T;True;2
1621256607000;11552207;0.86167;0.86179;0.86173;0;T;True;2
1621256608000;11552208;0.86167;0.86179;0.86173;0;T;True;2
1621256609000;11552210;0.86168;0.8618;0.86174;1;T;True;2
1621256610000;11552214;0.86165;0.86177;0.86171;3;T;True;2
1621256611000;11552216;0.86163;0.86175;0.86169;1;T;True;2
1621256612000;11552217;0.86163;0.86175;0.86169;0;T;True;2
1621256613000;11552220;0.86161;0.86173;0.86167;2;T;True;2
1621256614000;11552222;0.86161;0.86173;0.86167;1;T;True;2
1621256615000;11552223;0.86161;0.86173;0.86167;0;T;True;2
1621256616000;11552225;0.86161;0.86173;0.86167;1;T;True;2
1621256617000;11552226;0.86161;0.86173;0.86167;0;T;True;2
1621256618000;11552227;0.86161;0.86173;0.86167;0;T;True;2
1621256619000;11552229;0.86162;0.86174;0.86168;1;T;True;2
1621256620000;11552231;0.86162;0.86174;0.86168;1;T;True;2
1621256621000;11552232;0.86162;0.86174;0.86168;0;T;True;2
1621256622000;11552233;0.86162;0.86174;0.86168;0;T;True;2
1621256623000;11552236;0.86163;0.86175;0.86169;2;T;True;2
1621256624000;11552238;0.86163;0.86175;0.86169;1;T;True;2
1621256625000;11552239;0.86163;0.86175;0.86169;0;T;True;2
1621256626000;11552240;0.86163;0.86175;0.86169;0;T;True;2
1621256627000;11552241;0.86163;0.86175;0.86169;0;T;True;2
1621256628000;11552242;0.86163;0.86175;0.86169;0;T;True;2
1621256629000;11552246;0.86163;0.86175;0.86169;3;T;True;2
1621256630000;11552250;0.86164;0.86176;0.8617;3;T;True;2
1621256631000;11552252;0.86163;0.86175;0.86169;1;T;True;2
1621256632000;11552254;0.86162;0.86174;0.86168;1;T;True;2
1621256633000;11552256;0.86161;0.86173;0.86167;1;T;True;2
1621256634000;11552260;0.8616;0.86172;0.86166;3;T;True;2
1621256635000;11552261;0.8616;0.86172;0.86166;0;T;True;2
1621256636000;11552266;0.86159;0.86171;0.86165;4;T;True;2
1621256637000;11552267;0.86159;0.86171;0.86165;0;T;True;2
1621256638000;11552268;0.86159;0.86171;0.86165;0;T;True;2
1621256639000;11552270;0.86161;0.86173;0.86167;1;T;True;2
1621256640000;11552271;0.86161;0.86173;0.86167;0;T;True;2
1621256641000;11552272;0.86161;0.86173;0.86167;0;T;True;2
1621256642000;11552273;0.86161;0.86173;0.86167;0;T;True;2
1621256643000;11552277;0.86158;0.8617;0.86164;3;T;True;2
1621256644000;11552278;0.86158;0.8617;0.86164;0;T;True;2
1621256645000;11552280;0.86159;0.86171;0.86165;1;T;True;2
1621256646000;11552282;0.86158;0.8617;0.86164;1;T;True;2
1621256647000;11552284;0.86159;0.86171;0.86165;1;T;True;2
1621256648000;11552287;0.86157;0.86169;0.86163;2;T;True;2
1621256649000;11552290;0.86156;0.86168;0.86162;2;T;True;2
1621256650000;11552291;0.86156;0.86168;0.86162;0;T;True;2
1621256651000;11552295;0.86152;0.86164;0.86158;3;T;True;2
1621256652000;11552296;0.86152;0.86164;0.86158;0;T;True;2
1621256653000;11552297;0.86152;0.86164;0.86158;0;T;True;2
1621256654000;11552301;0.8615;0.86162;0.86156;3;T;True;2
1621256655000;11552304;0.86151;0.86163;0.86157;2;T;True;2
1621256656000;11552308;0.86149;0.86161;0.86155;3;T;True;2
1621256657000;11552310;0.8615;0.86162;0.86156;1;T;True;2
1621256658000;11552313;0.86149;0.86161;0.86155;2;T;True;2
1621256659000;11552319;0.86147;0.86159;0.86153;5;T;True;2
1621256660000;11552325;0.86145;0.86157;0.86151;5;T;True;2
1621256661000;11552331;0.86145;0.86157;0.86151;5;T;True;2
1621256662000;11552334;0.86145;0.86157;0.86151;2;T;True;2
1621256663000;11552338;0.86145;0.86157;0.86151;3;T;True;2
1621256664000;11552345;0.86145;0.86157;0.86151;6;T;True;2
1621256665000;11552346;0.86145;0.86157;0.86151;0;T;True;2
1621256666000;11552351;0.86145;0.86157;0.86151;4;T;True;2
1621256667000;11552352;0.86145;0.86157;0.86151;0;T;True;2
1621256668000;11552353;0.86145;0.86157;0.86151;0;T;True;2
1621256669000;11552354;0.86145;0.86157;0.86151;0;T;True;2
1621256670000;11552357;0.86146;0.86158;0.86152;2;T;True;2
1621256671000;11552363;0.86147;0.86159;0.86153;5;T;True;2
1621256672000;11552367;0.86147;0.86159;0.86153;3;T;True;2
1621256673000;11552370;0.86147;0.86159;0.86153;2;T;True;2
1621256674000;11552372;0.86147;0.86159;0.86153;1;T;True;2
1621256675000;11552377;0.86147;0.86159;0.86153;4;T;True;2
1621256676000;11552380;0.86147;0.86159;0.86153;2;T;True;2
1621256677000;11552384;0.86147;0.86159;0.86153;3;T;True;2
1621256678000;11552389;0.86147;0.86159;0.86153;4;T;True;2
1621256679000;11552392;0.86147;0.86159;0.86153;2;T;True;2
1621256680000;11552397;0.86147;0.86159;0.86153;4;T;True;2
1621256681000;11552400;0.86147;0.86159;0.86153;2;T;True;2
1621256682000;11552403;0.86147;0.86159;0.86153;2;T;True;2
1621256683000;11552405;0.86147;0.86159;0.86153;1;T;True;2
1621256684000;11552408;0.86147;0.86159;0.86153;2;T;True;2
1621256685000;11552409;0.86147;0.86159;0.86153;0;T;True;2
1621256686000;11552411;0.86147;0.86159;0.86153;1;T;True;2
1621256687000;11552417;0.86145;0.86157;0.86151;5;T;True;2
1621256688000;11552421;0.86144;0.86156;0.8615;3;T;True;2
1621256689000;11552422;0.86144;0.86156;0.8615;0;T;True;2
1621256690000;11552425;0.86144;0.86156;0.8615;2;T;True;2
1621256691000;11552430;0.86142;0.86154;0.86148;4;T;True;2
1621256692000;11552433;0.86143;0.86155;0.86149;2;T;True;2
1621256693000;11552439;0.86143;0.86155;0.86149;5;T;True;2
1621256694000;11552441;0.86143;0.86155;0.86149;1;T;True;2
1621256695000;11552443;0.86143;0.86155;0.86149;1;T;True;2
1621256696000;11552444;0.86143;0.86155;0.86149;0;T;True;2
1621256697000;11552448;0.86143;0.86155;0.86149;3;T;True;2
1621256698000;11552452;0.86141;0.86153;0.86147;3;T;True;2
1621256699000;11552453;0.86141;0.86153;0.86147;0;T;True;2
1621256700000;11552460;0.86141;0.86153;0.86147;6;T;True;2
1621256701000;11552466;0.86143;0.86155;0.86149;5;T;True;2
1621256702000;11552472;0.86141;0.86153;0.86147;5;T;True;2
1621256703000;11552473;0.86141;0.86153;0.86147;0;T;True;2
1621256704000;11552475;0.86141;0.86153;0.86147;1;T;True;2
1621256705000;11552476;0.86141;0.86153;0.86147;0;T;True;2
1621256706000;11552481;0.86139;0.86151;0.86145;4;T;True;2
1621256707000;11552483;0.86139;0.86151;0.86145;1;T;True;2
1621256708000;11552484;0.86139;0.86151;0.86145;0;T;True;2
1621256709000;11552486;0.86139;0.86151;0.86145;1;T;True;2
1621256710000;11552487;0.86139;0.86151;0.86145;0;T;True;2
1621256711000;11552488;0.86139;0.86151;0.86145;0;T;True;2
1621256712000;11552492;0.86139;0.86151;0.86145;3;T;True;2
1621256713000;11552494;0.8614;0.86152;0.86146;1;T;True;2
1621256714000;11552497;0.86139;0.86151;0.86145;2;T;True;2
1621256715000;11552503;0.86135;0.86147;0.86141;5;T;True;2
1621256716000;11552504;0.86135;0.86147;0.86141;0;T;True;2
1621256717000;11552506;0.86133;0.86145;0.86139;1;T;True;2
1621256718000;11552516;0.86134;0.86146;0.8614;9;T;True;2
1621256719000;11552521;0.86133;0.86145;0.86139;4;T;True;2
1621256720000;11552525;0.86133;0.86145;0.86139;3;T;True;2
1621256721000;11552527;0.86133;0.86145;0.86139;1;T;True;2
1621256722000;11552528;0.86133;0.86145;0.86139;0;T;True;2
1621256723000;11552531;0.86133;0.86145;0.86139;2;T;True;2
1621256724000;11552534;0.86133;0.86145;0.86139;2;T;True;2
1621256725000;11552538;0.86132;0.86144;0.86138;3;T;True;2
1621256726000;11552540;0.86133;0.86145;0.86139;1;T;True;2
1621256727000;11552543;0.86134;0.86146;0.8614;2;T;True;2
1621256728000;11552545;0.86133;0.86145;0.86139;1;T;True;2
1621256729000;11552548;0.86133;0.86145;0.86139;2;T;True;2
1621256730000;11552549;0.86133;0.86145;0.86139;0;T;True;2
1621256731000;11552552;0.86133;0.86145;0.86139;2;T;True;2
1621256732000;11552555;0.86133;0.86145;0.86139;2;T;True;2
1621256733000;11552557;0.86132;0.86144;0.86138;1;T;True;2
1621256734000;11552558;0.86132;0.86144;0.86138;0;T;True;2
1621256735000;11552560;0.86133;0.86145;0.86139;1;T;True;2
1621256736000;11552561;0.86133;0.86145;0.86139;0;T;True;2
1621256737000;11552564;0.86132;0.86144;0.86138;2;T;True;2
1621256738000;11552566;0.86131;0.86143;0.86137;1;T;True;2
1621256739000;11552567;0.86131;0.86143;0.86137;0;T;True;2
1621256740000;11552569;0.86131;0.86143;0.86137;1;T;True;2
1621256741000;11552570;0.86131;0.86143;0.86137;0;T;True;2
1621256742000;11552573;0.86131;0.86143;0.86137;2;T;True;2
1621256743000;11552574;0.86131;0.86143;0.86137;0;T;True;2
1621256744000;11552575;0.86131;0.86143;0.86137;0;T;True;2
1621256745000;11552577;0.86129;0.86141;0.86135;1;T;True;2
1621256746000;11552578;0.86129;0.86141;0.86135;0;T;True;2
1621256747000;11552579;0.86129;0.86141;0.86135;0;T;True;2
1621256748000;11552580;0.86129;0.86141;0.86135;0;T;True;2
1621256749000;11552584;0.86129;0.86141;0.86135;3;T;True;2
1621256750000;11552587;0.86129;0.86141;0.86135;2;T;True;2
1621256751000;11552589;0.8613;0.86142;0.86136;1;T;True;2
1621256752000;11552591;0.86129;0.86141;0.86135;1;T;True;2
1621256753000;11552596;0.86132;0.86144;0.86138;4;T;True;2
1621256754000;11552605;0.86133;0.86145;0.86139;8;T;True;2
1621256755000;11552608;0.86133;0.86145;0.86139;2;T;True;2
1621256756000;11552610;0.86133;0.86145;0.86139;1;T;True;2
1621256757000;11552615;0.86132;0.86144;0.86138;4;T;True;2
1621256758000;11552616;0.86132;0.86144;0.86138;0;T;True;2
1621256759000;11552618;0.86131;0.86143;0.86137;1;T;True;2
1621256760000;11552619;0.86131;0.86143;0.86137;0;T;True;2
1621256761000;11552623;0.86132;0.86144;0.86138;3;T;True;2
1621256762000;11552625;0.86131;0.86143;0.86137;1;T;True;2
1621256763000;11552627;0.86131;0.86143;0.86137;1;T;True;2
1621256764000;11552630;0.86131;0.86143;0.86137;2;T;True;2
1621256765000;11552631;0.86131;0.86143;0.86137;0;T;True;2
1621256766000;11552632;0.86131;0.86143;0.86137;0;T;True;2
1621256767000;11552633;0.86131;0.86143;0.86137;0;T;True;2
1621256768000;11552634;0.86131;0.86143;0.86137;0;T;True;2
1621256769000;11552635;0.86131;0.86143;0.86137;0;T;True;2
1621256770000;11552639;0.86131;0.86143;0.86137;3;T;True;2
1621256771000;11552640;0.86131;0.86143;0.86137;0;T;True;2
1621256772000;11552641;0.86131;0.86143;0.86137;0;T;True;2
1621256773000;11552642;0.86131;0.86143;0.86137;0;T;True;2
1621256774000;11552643;0.86131;0.86143;0.86137;0;T;True;2
1621256775000;11552644;0.86131;0.86143;0.86137;0;T;True;2
1621256776000;11552645;0.86131;0.86143;0.86137;0;T;True;2
1621256777000;11552646;0.86131;0.86143;0.86137;0;T;True;2
1621256778000;11552648;0.8613;0.86142;0.86136;1;T;True;2
1621256779000;11552650;0.86131;0.86143;0.86137;1;T;True;2
1621256780000;11552651;0.86131;0.86143;0.86137;0;T;True;2
1621256781000;11552652;0.86131;0.86143;0.86137;0;T;True;2
1621256782000;11552653;0.86131;0.86143;0.86137;0;T;True;2
1621256783000;11552655;0.8613;0.86142;0.86136;1;T;True;2
1621256784000;11552656;0.8613;0.86142;0.86136;0;T;True;2
1621256785000;11552657;0.8613;0.86142;0.86136;0;T;True;2
1621256786000;11552658;0.8613;0.86142;0.86136;0;T;True;2
1621256787000;11552659;0.8613;0.86142;0.86136;0;T;True;2
1621256788000;11552667;0.8613;0.86142;0.86136;7;T;True;2
1621256789000;11552669;0.86131;0.86143;0.86137;1;T;True;2
1621256790000;11552670;0.86131;0.86143;0.86137;0;T;True;2
1621256791000;11552672;0.86131;0.86143;0.86137;1;T;True;2
1621256792000;11552673;0.86131;0.86143;0.86137;0;T;True;2
1621256793000;11552674;0.86131;0.86143;0.86137;0;T;True;2
1621256794000;11552676;0.86131;0.86143;0.86137;1;T;True;2
1621256795000;11552677;0.86131;0.86143;0.86137;0;T;True;2
1621256796000;11552678;0.86131;0.86143;0.86137;0;T;True;2
1621256797000;11552679;0.86131;0.86143;0.86137;0;T;True;2
1621256798000;11552680;0.86131;0.86143;0.86137;0;T;True;2
1621256799000;11552681;0.86131;0.86143;0.86137;0;T;True;2
1621256800000;11552683;0.86131;0.86143;0.86137;1;T;True;2
1621256801000;11552684;0.86131;0.86143;0.86137;0;T;True;2
1621256802000;11552685;0.86131;0.86143;0.86137;0;T;True;2
1621256803000;11552686;0.86131;0.86143;0.86137;0;T;True;2
1621256804000;11552688;0.8613;0.86142;0.86136;1;T;True;2
1621256805000;11552691;0.8613;0.86142;0.86136;2;T;True;2
1621256806000;11552694;0.86129;0.86141;0.86135;2;T;True;2
1621256807000;11552695;0.86129;0.86141;0.86135;0;T;True;2
1621256808000;11552697;0.86129;0.86141;0.86135;1;T;True;2
1621256809000;11552698;0.86129;0.86141;0.86135;0;T;True;2
1621256810000;11552700;0.86127;0.86139;0.86133;1;T;True;2
1621256811000;11552701;0.86127;0.86139;0.86133;0;T;True;2
1621256812000;11552706;0.86123;0.86135;0.86129;4;T;True;2
1621256813000;11552708;0.86123;0.86135;0.86129;1;T;True;2
1621256814000;11552710;0.86123;0.86135;0.86129;1;T;True;2
1621256815000;11552713;0.86123;0.86135;0.86129;2;T;True;2
1621256816000;11552714;0.86123;0.86135;0.86129;0;T;True;2
1621256817000;11552716;0.86121;0.86133;0.86127;1;T;True;2
1621256818000;11552717;0.86121;0.86133;0.86127;0;T;True;2
1621256819000;11552718;0.86121;0.86133;0.86127;0;T;True;2
1621256820000;11552719;0.86121;0.86133;0.86127;0;T;True;2
1621256821000;11552721;0.8612;0.86132;0.86126;1;T;True;2
1621256822000;11552723;0.8612;0.86132;0.86126;1;T;True;2
1621256823000;11552725;0.86119;0.86131;0.86125;1;T;True;2
1621256824000;11552726;0.86119;0.86131;0.86125;0;T;True;2
1621256825000;11552727;0.86119;0.86131;0.86125;0;T;True;2
1621256826000;11552728;0.86119;0.86131;0.86125;0;T;True;2
1621256827000;11552730;0.86118;0.8613;0.86124;1;T;True;2
1621256828000;11552731;0.86118;0.8613;0.86124;0;T;True;2
1621256829000;11552733;0.86118;0.8613;0.86124;1;T;True;2
1621256830000;11552738;0.86117;0.86129;0.86123;4;T;True;2
1621256831000;11552739;0.86117;0.86129;0.86123;0;T;True;2
1621256832000;11552741;0.86117;0.86129;0.86123;1;T;True;2
1621256833000;11552742;0.86117;0.86129;0.86123;0;T;True;2
1621256834000;11552743;0.86117;0.86129;0.86123;0;T;True;2
1621256835000;11552749;0.86121;0.86133;0.86127;5;T;True;2
1621256836000;11552753;0.86123;0.86135;0.86129;3;T;True;2
1621256837000;11552754;0.86123;0.86135;0.86129;0;T;True;2
1621256838000;11552755;0.86123;0.86135;0.86129;0;T;True;2
1621256839000;11552756;0.86123;0.86135;0.86129;0;T;True;2
1621256840000;11552759;0.86123;0.86135;0.86129;2;T;True;2
1621256841000;11552763;0.86119;0.86131;0.86125;3;T;True;2
1621256842000;11552764;0.86119;0.86131;0.86125;0;T;True;2
1621256843000;11552765;0.86119;0.86131;0.86125;0;T;True;2
1621256844000;11552769;0.86117;0.86129;0.86123;3;T;True;2
1621256845000;11552775;0.86114;0.86126;0.8612;5;T;True;2
1621256846000;11552781;0.86115;0.86127;0.86121;5;T;True;2
1621256847000;11552782;0.86115;0.86127;0.86121;0;T;True;2
1621256848000;11552788;0.86114;0.86126;0.8612;5;T;True;2
1621256849000;11552793;0.8611;0.86122;0.86116;4;T;True;2
1621256850000;11552794;0.8611;0.86122;0.86116;0;T;True;2
1621256851000;11552798;0.86108;0.8612;0.86114;3;T;True;2
1621256852000;11552802;0.86107;0.86119;0.86113;3;T;True;2
1621256853000;11552812;0.86099;0.86111;0.86105;9;T;True;2
1621256854000;11552813;0.86099;0.86111;0.86105;0;T;True;2
1621256855000;11552815;0.86099;0.86111;0.86105;1;T;True;2
1621256856000;11552816;0.86099;0.86111;0.86105;0;T;True;2
1621256857000;11552818;0.86099;0.86111;0.86105;1;T;True;2
1621256858000;11552826;0.86097;0.86109;0.86103;7;T;True;2
1621256859000;11552828;0.86096;0.86108;0.86102;1;T;True;2
1621256860000;11552829;0.86096;0.86108;0.86102;0;T;True;2
1621256861000;11552832;0.86095;0.86107;0.86101;2;T;True;2
1621256862000;11552833;0.86095;0.86107;0.86101;0;T;True;2
1621256863000;11552834;0.86095;0.86107;0.86101;0;T;True;2
1621256864000;11552841;0.86095;0.86107;0.86101;6;T;True;2
1621256865000;11552843;0.86096;0.86108;0.86102;1;T;True;2
1621256866000;11552845;0.86095;0.86107;0.86101;1;T;True;2
1621256867000;11552849;0.86098;0.8611;0.86104;3;T;True;2
1621256868000;11552855;0.86097;0.86109;0.86103;5;T;True;2
1621256869000;11552856;0.86097;0.86109;0.86103;0;T;True;2
1621256870000;11552857;0.86097;0.86109;0.86103;0;T;True;2
1621256871000;11552858;0.86097;0.86109;0.86103;0;T;True;2
1621256872000;11552861;0.86095;0.86107;0.86101;2;T;True;2
1621256873000;11552864;0.86095;0.86107;0.86101;2;T;True;2
1621256874000;11552866;0.86095;0.86107;0.86101;1;T;True;2
1621256875000;11552867;0.86095;0.86107;0.86101;0;T;True;2
1621256876000;11552871;0.86095;0.86107;0.86101;3;T;True;2
1621256877000;11552875;0.86095;0.86107;0.86101;3;T;True;2
1621256878000;11552876;0.86095;0.86107;0.86101;0;T;True;2
1621256879000;11552878;0.86095;0.86107;0.86101;1;T;True;2
1621256880000;11552880;0.86095;0.86107;0.86101;1;T;True;2
1621256881000;11552881;0.86095;0.86107;0.86101;0;T;True;2
1621256882000;11552882;0.86095;0.86107;0.86101;0;T;True;2
1621256883000;11552888;0.86095;0.86107;0.86101;5;T;True;2
1621256884000;11552889;0.86095;0.86107;0.86101;0;T;True;2
1621256885000;11552891;0.86095;0.86107;0.86101;1;T;True;2
1621256886000;11552896;0.86097;0.86109;0.86103;4;T;True;2
1621256887000;11552898;0.86097;0.86109;0.86103;1;T;True;2
1621256888000;11552899;0.86097;0.86109;0.86103;0;T;True;2
1621256889000;11552900;0.86097;0.86109;0.86103;0;T;True;2
1621256890000;11552901;0.86097;0.86109;0.86103;0;T;True;2
1621256891000;11552903;0.86097;0.86109;0.86103;1;T;True;2
1621256892000;11552904;0.86097;0.86109;0.86103;0;T;True;2
1621256893000;11552906;0.86097;0.86109;0.86103;1;T;True;2
1621256894000;11552910;0.86098;0.8611;0.86104;3;T;True;2
1621256895000;11552911;0.86098;0.8611;0.86104;0;T;True;2
1621256896000;11552913;0.86097;0.86109;0.86103;1;T;True;2
1621256897000;11552916;0.86098;0.8611;0.86104;2;T;True;2
1621256898000;11552917;0.86098;0.8611;0.86104;0;T;True;2
1621256899000;11552920;0.86098;0.8611;0.86104;2;T;True;2
1621256900000;11552921;0.86098;0.8611;0.86104;0;T;True;2
1621256901000;11552922;0.86098;0.8611;0.86104;0;T;True;2
1621256902000;11552923;0.86098;0.8611;0.86104;0;T;True;2
1621256903000;11552925;0.86097;0.86109;0.86103;1;T;True;2
1621256904000;11552926;0.86097;0.86109;0.86103;0;T;True;2
1621256905000;11552927;0.86097;0.86109;0.86103;0;T;True;2
1621256906000;11552930;0.86097;0.86109;0.86103;2;T;True;2
1621256907000;11552935;0.86099;0.86111;0.86105;4;T;True;2
1621256908000;11552936;0.86099;0.86111;0.86105;0;T;True;2
1621256909000;11552938;0.86099;0.86111;0.86105;1;T;True;2
1621256910000;11552940;0.86098;0.8611;0.86104;1;T;True;2
1621256911000;11552941;0.86098;0.8611;0.86104;0;T;True;2
1621256912000;11552943;0.86097;0.86109;0.86103;1;T;True;2
1621256913000;11552945;0.86097;0.86109;0.86103;1;T;True;2
1621256914000;11552948;0.86097;0.86109;0.86103;2;T;True;2
1621256915000;11552949;0.86097;0.86109;0.86103;0;T;True;2
1621256916000;11552950;0.86097;0.86109;0.86103;0;T;True;2
1621256917000;11552951;0.86097;0.86109;0.86103;0;T;True;2
1621256918000;11552952;0.86097;0.86109;0.86103;0;T;True;2
1621256919000;11552954;0.86098;0.8611;0.86104;1;T;True;2
1621256920000;11552955;0.86098;0.8611;0.86104;0;T;True;2
1621256921000;11552957;0.86097;0.86109;0.86103;1;T;True;2
1621256922000;11552964;0.86097;0.86109;0.86103;6;T;True;2
1621256923000;11552967;0.86096;0.86108;0.86102;2;T;True;2
1621256924000;11552970;0.86097;0.86109;0.86103;2;T;True;2
1621256925000;11552971;0.86097;0.86109;0.86103;0;T;True;2
1621256926000;11552972;0.86097;0.86109;0.86103;0;T;True;2
1621256927000;11552973;0.86097;0.86109;0.86103;0;T;True;2
1621256928000;11552974;0.86097;0.86109;0.86103;0;T;True;2
1621256929000;11552975;0.86097;0.86109;0.86103;0;T;True;2
1621256930000;11552976;0.86097;0.86109;0.86103;0;T;True;2
1621256931000;11552977;0.86097;0.86109;0.86103;0;T;True;2
1621256932000;11552979;0.86096;0.86108;0.86102;1;T;True;2
1621256933000;11552980;0.86096;0.86108;0.86102;0;T;True;2
1621256934000;11552984;0.8609;0.86102;0.86096;3;T;True;2
1621256935000;11552986;0.86089;0.86101;0.86095;1;T;True;2
1621256936000;11552987;0.86089;0.86101;0.86095;0;T;True;2
1621256937000;11552992;0.86086;0.86098;0.86092;4;T;True;2
1621256938000;11552998;0.86086;0.86098;0.86092;5;T;True;2
1621256939000;11552999;0.86086;0.86098;0.86092;0;T;True;2
1621256940000;11553000;0.86086;0.86098;0.86092;0;T;True;2
1621256941000;11553002;0.86085;0.86097;0.86091;1;T;True;2
1621256942000;11553007;0.86085;0.86097;0.86091;4;T;True;2
1621256943000;11553008;0.86085;0.86097;0.86091;0;T;True;2
1621256944000;11553009;0.86085;0.86097;0.86091;0;T;True;2
1621256945000;11553011;0.86085;0.86097;0.86091;1;T;True;2
1621256946000;11553014;0.86086;0.86098;0.86092;2;T;True;2
1621256947000;11553016;0.86085;0.86097;0.86091;1;T;True;2
1621256948000;11553017;0.86085;0.86097;0.86091;0;T;True;2
1621256949000;11553024;0.86089;0.86101;0.86095;6;T;True;2
1621256950000;11553033;0.86095;0.86107;0.86101;8;T;True;2
1621256951000;11553035;0.86095;0.86107;0.86101;1;T;True;2
1621256952000;11553036;0.86095;0.86107;0.86101;0;T;True;2
1621256953000;11553037;0.86095;0.86107;0.86101;0;T;True;2
1621256954000;11553041;0.86098;0.8611;0.86104;3;T;True;2
1621256955000;11553045;0.86101;0.86113;0.86107;3;T;True;2
1621256956000;11553048;0.86103;0.86115;0.86109;2;T;True;2
1621256957000;11553050;0.86103;0.86115;0.86109;1;T;True;2
1621256958000;11553055;0.86105;0.86117;0.86111;4;T;True;2
1621256959000;11553056;0.86105;0.86117;0.86111;0;T;True;2
1621256960000;11553057;0.86105;0.86117;0.86111;0;T;True;2
1621256961000;11553059;0.86105;0.86117;0.86111;1;T;True;2
1621256962000;11553060;0.86105;0.86117;0.86111;0;T;True;2
1621256963000;11553065;0.86108;0.8612;0.86114;4;T;True;2
1621256964000;11553068;0.86109;0.86121;0.86115;2;T;True;2
1621256965000;11553077;0.86112;0.86124;0.86118;8;T;True;2
1621256966000;11553080;0.86112;0.86124;0.86118;2;T;True;2
1621256967000;11553085;0.86109;0.86121;0.86115;4;T;True;2
1621256968000;11553086;0.86109;0.86121;0.86115;0;T;True;2
1621256969000;11553087;0.86109;0.86121;0.86115;0;T;True;2
1621256970000;11553091;0.86109;0.86121;0.86115;3;T;True;2
1621256971000;11553092;0.86109;0.86121;0.86115;0;T;True;2
1621256972000;11553095;0.86108;0.8612;0.86114;2;T;True;2
1621256973000;11553102;0.86103;0.86115;0.86109;6;T;True;2
1621256974000;11553103;0.86103;0.86115;0.86109;0;T;True;2
1621256975000;11553105;0.86103;0.86115;0.86109;1;T;True;2
1621256976000;11553106;0.86103;0.86115;0.86109;0;T;True;2
1621256977000;11553111;0.86101;0.86113;0.86107;4;T;True;2
1621256978000;11553113;0.86101;0.86113;0.86107;1;T;True;2
1621256979000;11553114;0.86101;0.86113;0.86107;0;T;True;2
1621256980000;11553116;0.86101;0.86113;0.86107;1;T;True;2
1621256981000;11553120;0.861;0.86112;0.86106;3;T;True;2
1621256982000;11553121;0.861;0.86112;0.86106;0;T;True;2
1621256983000;11553122;0.861;0.86112;0.86106;0;T;True;2
1621256984000;11553123;0.861;0.86112;0.86106;0;T;True;2
1621256985000;11553124;0.861;0.86112;0.86106;0;T;True;2
1621256986000;11553125;0.861;0.86112;0.86106;0;T;True;2
1621256987000;11553126;0.861;0.86112;0.86106;0;T;True;2
1621256988000;11553127;0.861;0.86112;0.86106;0;T;True;2
1621256989000;11553128;0.861;0.86112;0.86106;0;T;True;2
1621256990000;11553129;0.861;0.86112;0.86106;0;T;True;2
1621256991000;11553130;0.861;0.86112;0.86106;0;T;True;2
1621256992000;11553131;0.861;0.86112;0.86106;0;T;True;2
1621256993000;11553133;0.86101;0.86113;0.86107;1;T;True;2
1621256994000;11553134;0.86101;0.86113;0.86107;0;T;True;2
1621256995000;11553139;0.86095;0.86107;0.86101;4;T;True;2
1621256996000;11553140;0.86095;0.86107;0.86101;0;T;True;2
1621256997000;11553141;0.86095;0.86107;0.86101;0;T;True;2
1621256998000;11553143;0.86096;0.86108;0.86102;1;T;True;2
1621256999000;11553147;0.86097;0.86109;0.86103;3;T;True;2
1621257000000;11553148;0.86097;0.86109;0.86103;0;T;True;2
1621257001000;11553149;0.86097;0.86109;0.86103;0;T;True;2
1621257002000;11553151;0.86096;0.86108;0.86102;1;T;True;2
1621257003000;11553153;0.86095;0.86107;0.86101;1;T;True;2
1621257004000;11553154;0.86095;0.86107;0.86101;0;T;True;2
1621257005000;11553155;0.86095;0.86107;0.86101;0;T;True;2
1621257006000;11553159;0.86097;0.86109;0.86103;3;T;True;2
1621257007000;11553160;0.86097;0.86109;0.86103;0;T;True;2
1621257008000;11553165;0.86097;0.86109;0.86103;4;T;True;2
1621257009000;11553169;0.86096;0.86108;0.86102;3;T;True;2
1621257010000;11553171;0.86097;0.86109;0.86103;1;T;True;2
1621257011000;11553172;0.86097;0.86109;0.86103;0;T;True;2
1621257012000;11553173;0.86097;0.86109;0.86103;0;T;True;2
1621257013000;11553174;0.86097;0.86109;0.86103;0;T;True;2
1621257014000;11553175;0.86097;0.86109;0.86103;0;T;True;2
1621257015000;11553176;0.86097;0.86109;0.86103;0;T;True;2
1621257016000;11553180;0.86097;0.86109;0.86103;3;T;True;2
1621257017000;11553183;0.86097;0.86109;0.86103;2;T;True;2
1621257018000;11553186;0.86098;0.8611;0.86104;2;T;True;2
1621257019000;11553187;0.86098;0.8611;0.86104;0;T;True;2
1621257020000;11553190;0.86099;0.86111;0.86105;2;T;True;2
1621257021000;11553191;0.86099;0.86111;0.86105;0;T;True;2
1621257022000;11553193;0.861;0.86112;0.86106;1;T;True;2
1621257023000;11553194;0.861;0.86112;0.86106;0;T;True;2
1621257024000;11553195;0.861;0.86112;0.86106;0;T;True;2
1621257025000;11553200;0.86102;0.86114;0.86108;4;T;True;2
1621257026000;11553202;0.86102;0.86114;0.86108;1;T;True;2
1621257027000;11553203;0.86102;0.86114;0.86108;0;T;True;2
1621257028000;11553205;0.86103;0.86115;0.86109;1;T;True;2
1621257029000;11553207;0.86102;0.86114;0.86108;1;T;True;2
1621257030000;11553209;0.86103;0.86115;0.86109;1;T;True;2
1621257031000;11553210;0.86103;0.86115;0.86109;0;T;True;2
1621257032000;11553212;0.86102;0.86114;0.86108;1;T;True;2
1621257033000;11553213;0.86102;0.86114;0.86108;0;T;True;2
1621257034000;11553214;0.86102;0.86114;0.86108;0;T;True;2
1621257035000;11553220;0.86097;0.86109;0.86103;5;T;True;2
1621257036000;11553222;0.86099;0.86111;0.86105;1;T;True;2
1621257037000;11553226;0.86101;0.86113;0.86107;3;T;True;2
1621257038000;11553227;0.86101;0.86113;0.86107;0;T;True;2
1621257039000;11553228;0.86101;0.86113;0.86107;0;T;True;2
1621257040000;11553229;0.86101;0.86113;0.86107;0;T;True;2
1621257041000;11553230;0.86101;0.86113;0.86107;0;T;True;2
1621257042000;11553231;0.86101;0.86113;0.86107;0;T;True;2
1621257043000;11553232;0.86101;0.86113;0.86107;0;T;True;2
1621257044000;11553233;0.86101;0.86113;0.86107;0;T;True;2
1621257045000;11553236;0.86103;0.86115;0.86109;2;T;True;2
1621257046000;11553237;0.86103;0.86115;0.86109;0;T;True;2
1621257047000;11553238;0.86103;0.86115;0.86109;0;T;True;2
1621257048000;11553245;0.86104;0.86116;0.8611;6;T;True;2
1621257049000;11553249;0.86103;0.86115;0.86109;3;T;True;2
1621257050000;11553251;0.86101;0.86113;0.86107;1;T;True;2
1621257051000;11553254;0.86103;0.86115;0.86109;2;T;True;2
1621257052000;11553256;0.86102;0.86114;0.86108;1;T;True;2
1621257053000;11553259;0.86104;0.86116;0.8611;2;T;True;2
1621257054000;11553261;0.86105;0.86117;0.86111;1;T;True;2
1621257055000;11553262;0.86105;0.86117;0.86111;0;T;True;2
1621257056000;11553267;0.86103;0.86115;0.86109;4;T;True;2
1621257057000;11553268;0.86103;0.86115;0.86109;0;T;True;2
1621257058000;11553269;0.86103;0.86115;0.86109;0;T;True;2
1621257059000;11553275;0.86101;0.86113;0.86107;5;T;True;2
1621257060000;11553277;0.86101;0.86113;0.86107;1;T;True;2
1621257061000;11553280;0.86101;0.86113;0.86107;2;T;True;2
1621257062000;11553283;0.86101;0.86113;0.86107;2;T;True;2
1621257063000;11553286;0.86103;0.86115;0.86109;2;T;True;2
1621257064000;11553290;0.86105;0.86117;0.86111;3;T;True;2
1621257065000;11553291;0.86105;0.86117;0.86111;0;T;True;2
1621257066000;11553292;0.86105;0.86117;0.86111;0;T;True;2
1621257067000;11553293;0.86105;0.86117;0.86111;0;T;True;2
1621257068000;11553296;0.86106;0.86118;0.86112;2;T;True;2
1621257069000;11553297;0.86106;0.86118;0.86112;0;T;True;2
1621257070000;11553299;0.86107;0.86119;0.86113;1;T;True;2
1621257071000;11553302;0.86107;0.86119;0.86113;2;T;True;2
1621257072000;11553303;0.86107;0.86119;0.86113;0;T;True;2
1621257073000;11553304;0.86107;0.86119;0.86113;0;T;True;2
1621257074000;11553307;0.86107;0.86119;0.86113;2;T;True;2
1621257075000;11553308;0.86107;0.86119;0.86113;0;T;True;2
1621257076000;11553309;0.86107;0.86119;0.86113;0;T;True;2
1621257077000;11553310;0.86107;0.86119;0.86113;0;T;True;2
1621257078000;11553312;0.86108;0.8612;0.86114;1;T;True;2
1621257079000;11553314;0.86107;0.86119;0.86113;1;T;True;2
1621257080000;11553316;0.86107;0.86119;0.86113;1;T;True;2
1621257081000;11553317;0.86107;0.86119;0.86113;0;T;True;2
1621257082000;11553319;0.86106;0.86118;0.86112;1;T;True;2
1621257083000;11553321;0.86107;0.86119;0.86113;1;T;True;2
1621257084000;11553322;0.86107;0.86119;0.86113;0;T;True;2
1621257085000;11553326;0.86106;0.86118;0.86112;3;T;True;2
1621257086000;11553329;0.86106;0.86118;0.86112;2;T;True;2
1621257087000;11553331;0.86107;0.86119;0.86113;1;T;True;2
1621257088000;11553333;0.86106;0.86118;0.86112;1;T;True;2
1621257089000;11553334;0.86106;0.86118;0.86112;0;T;True;2
1621257090000;11553335;0.86106;0.86118;0.86112;0;T;True;2
1621257091000;11553339;0.86107;0.86119;0.86113;3;T;True;2
1621257092000;11553340;0.86107;0.86119;0.86113;0;T;True;2
1621257093000;11553341;0.86107;0.86119;0.86113;0;T;True;2
1621257094000;11553343;0.86106;0.86118;0.86112;1;T;True;2
1621257095000;11553344;0.86106;0.86118;0.86112;0;T;True;2
1621257096000;11553345;0.86106;0.86118;0.86112;0;T;True;2
1621257097000;11553346;0.86106;0.86118;0.86112;0;T;True;2
1621257098000;11553347;0.86106;0.86118;0.86112;0;T;True;2
1621257099000;11553348;0.86106;0.86118;0.86112;0;T;True;2
1621257100000;11553354;0.86106;0.86118;0.86112;5;T;True;2
1621257101000;11553358;0.86105;0.86117;0.86111;3;T;True;2
1621257102000;11553369;0.86098;0.8611;0.86104;10;T;True;2
1621257103000;11553372;0.86098;0.8611;0.86104;2;T;True;2
1621257104000;11553375;0.86099;0.86111;0.86105;2;T;True;2
1621257105000;11553376;0.86099;0.86111;0.86105;0;T;True;2
1621257106000;11553377;0.86099;0.86111;0.86105;0;T;True;2
1621257107000;11553378;0.86099;0.86111;0.86105;0;T;True;2
1621257108000;11553381;0.86097;0.86109;0.86103;2;T;True;2
1621257109000;11553386;0.86099;0.86111;0.86105;4;T;True;2
1621257110000;11553392;0.86098;0.8611;0.86104;5;T;True;2
1621257111000;11553393;0.86098;0.8611;0.86104;0;T;True;2
1621257112000;11553398;0.86095;0.86107;0.86101;4;T;True;2
1621257113000;11553404;0.86097;0.86109;0.86103;5;T;True;2
1621257114000;11553405;0.86097;0.86109;0.86103;0;T;True;2
1621257115000;11553407;0.86096;0.86108;0.86102;1;T;True;2
1621257116000;11553408;0.86096;0.86108;0.86102;0;T;True;2
1621257117000;11553412;0.86098;0.8611;0.86104;3;T;True;2
1621257118000;11553419;0.86096;0.86108;0.86102;6;T;True;2
1621257119000;11553423;0.86099;0.86111;0.86105;3;T;True;2
1621257120000;11553426;0.86098;0.8611;0.86104;2;T;True;2
1621257121000;11553428;0.86098;0.8611;0.86104;1;T;True;2
1621257122000;11553431;0.86098;0.8611;0.86104;2;T;True;2
1621257123000;11553432;0.86098;0.8611;0.86104;0;T;True;2
1621257124000;11553433;0.86098;0.8611;0.86104;0;T;True;2
1621257125000;11553434;0.86098;0.8611;0.86104;0;T;True;2
1621257126000;11553436;0.86097;0.86109;0.86103;1;T;True;2
1621257127000;11553437;0.86097;0.86109;0.86103;0;T;True;2
1621257128000;11553438;0.86097;0.86109;0.86103;0;T;True;2
1621257129000;11553439;0.86097;0.86109;0.86103;0;T;True;2
1621257130000;11553440;0.86097;0.86109;0.86103;0;T;True;2
1621257131000;11553441;0.86097;0.86109;0.86103;0;T;True;2
1621257132000;11553442;0.86097;0.86109;0.86103;0;T;True;2
1621257133000;11553443;0.86097;0.86109;0.86103;0;T;True;2
1621257134000;11553445;0.86097;0.86109;0.86103;1;T;True;2
1621257135000;11553446;0.86097;0.86109;0.86103;0;T;True;2
1621257136000;11553447;0.86097;0.86109;0.86103;0;T;True;2
1621257137000;11553448;0.86097;0.86109;0.86103;0;T;True;2
1621257138000;11553449;0.86097;0.86109;0.86103;0;T;True;2
1621257139000;11553450;0.86097;0.86109;0.86103;0;T;True;2
1621257140000;11553451;0.86097;0.86109;0.86103;0;T;True;2
1621257141000;11553452;0.86097;0.86109;0.86103;0;T;True;2
1621257142000;11553453;0.86097;0.86109;0.86103;0;T;True;2
1621257143000;11553456;0.86099;0.86111;0.86105;2;T;True;2
1621257144000;11553460;0.861;0.86112;0.86106;3;T;True;2
1621257145000;11553462;0.86101;0.86113;0.86107;1;T;True;2
1621257146000;11553463;0.86101;0.86113;0.86107;0;T;True;2
1621257147000;11553464;0.86101;0.86113;0.86107;0;T;True;2
1621257148000;11553466;0.86102;0.86114;0.86108;1;T;True;2
1621257149000;11553467;0.86102;0.86114;0.86108;0;T;True;2
1621257150000;11553469;0.86103;0.86115;0.86109;1;T;True;2
1621257151000;11553470;0.86103;0.86115;0.86109;0;T;True;2
1621257152000;11553471;0.86103;0.86115;0.86109;0;T;True;2
1621257153000;11553473;0.86103;0.86115;0.86109;1;T;True;2
1621257154000;11553475;0.86103;0.86115;0.86109;1;T;True;2
1621257155000;11553478;0.86103;0.86115;0.86109;2;T;True;2
1621257156000;11553481;0.86103;0.86115;0.86109;2;T;True;2
1621257157000;11553487;0.86101;0.86113;0.86107;5;T;True;2
1621257158000;11553490;0.861;0.86112;0.86106;2;T;True;2
1621257159000;11553493;0.86097;0.86109;0.86103;2;T;True;2
1621257160000;11553495;0.86098;0.8611;0.86104;1;T;True;2
1621257161000;11553496;0.86098;0.8611;0.86104;0;T;True;2
1621257162000;11553498;0.86097;0.86109;0.86103;1;T;True;2
1621257163000;11553499;0.86097;0.86109;0.86103;0;T;True;2
1621257164000;11553501;0.86098;0.8611;0.86104;1;T;True;2
1621257165000;11553502;0.86098;0.8611;0.86104;0;T;True;2
1621257166000;11553505;0.86097;0.86109;0.86103;2;T;True;2
1621257167000;11553506;0.86097;0.86109;0.86103;0;T;True;2
1621257168000;11553508;0.86097;0.86109;0.86103;1;T;True;2
1621257169000;11553509;0.86097;0.86109;0.86103;0;T;True;2
1621257170000;11553510;0.86097;0.86109;0.86103;0;T;True;2
1621257171000;11553512;0.86097;0.86109;0.86103;1;T;True;2
1621257172000;11553513;0.86097;0.86109;0.86103;0;T;True;2
1621257173000;11553514;0.86097;0.86109;0.86103;0;T;True;2
1621257174000;11553515;0.86097;0.86109;0.86103;0;T;True;2
1621257175000;11553516;0.86097;0.86109;0.86103;0;T;True;2
1621257176000;11553517;0.86097;0.86109;0.86103;0;T;True;2
1621257177000;11553518;0.86097;0.86109;0.86103;0;T;True;2
1621257178000;11553519;0.86097;0.86109;0.86103;0;T;True;2
1621257179000;11553520;0.86097;0.86109;0.86103;0;T;True;2
1621257180000;11553521;0.86097;0.86109;0.86103;0;T;True;2
1621257181000;11553525;0.86095;0.86107;0.86101;3;T;True;2
1621257182000;11553526;0.86095;0.86107;0.86101;0;T;True;2
1621257183000;11553528;0.86096;0.86108;0.86102;1;T;True;2
1621257184000;11553530;0.86096;0.86108;0.86102;1;T;True;2
1621257185000;11553532;0.86095;0.86107;0.86101;1;T;True;2
1621257186000;11553534;0.86096;0.86108;0.86102;1;T;True;2
1621257187000;11553540;0.86095;0.86107;0.86101;5;T;True;2
1621257188000;11553541;0.86095;0.86107;0.86101;0;T;True;2
1621257189000;11553542;0.86095;0.86107;0.86101;0;T;True;2
1621257190000;11553550;0.86087;0.86099;0.86093;7;T;True;2
1621257191000;11553553;0.86087;0.86099;0.86093;2;T;True;2
1621257192000;11553554;0.86087;0.86099;0.86093;0;T;True;2
1621257193000;11553557;0.86087;0.86099;0.86093;2;T;True;2
1621257194000;11553558;0.86087;0.86099;0.86093;0;T;True;2
1621257195000;11553559;0.86087;0.86099;0.86093;0;T;True;2
1621257196000;11553561;0.86087;0.86099;0.86093;1;T;True;2
1621257197000;11553564;0.86089;0.86101;0.86095;2;T;True;2
1621257198000;11553568;0.86089;0.86101;0.86095;3;T;True;2
1621257199000;11553571;0.86087;0.86099;0.86093;2;T;True;2
1621257200000;11553572;0.86087;0.86099;0.86093;0;T;True;2
1621257201000;11553575;0.86089;0.86101;0.86095;2;T;True;2
1621257202000;11553578;0.86087;0.86099;0.86093;2;T;True;2
1621257203000;11553579;0.86087;0.86099;0.86093;0;T;True;2
1621257204000;11553581;0.86087;0.86099;0.86093;1;T;True;2
1621257205000;11553582;0.86087;0.86099;0.86093;0;T;True;2
1621257206000;11553583;0.86087;0.86099;0.86093;0;T;True;2
1621257207000;11553585;0.86087;0.86099;0.86093;1;T;True;2
1621257208000;11553586;0.86087;0.86099;0.86093;0;T;True;2
1621257209000;11553590;0.86089;0.86101;0.86095;3;T;True;2
1621257210000;11553593;0.86088;0.861;0.86094;2;T;True;2
1621257211000;11553594;0.86088;0.861;0.86094;0;T;True;2
1621257212000;11553595;0.86088;0.861;0.86094;0;T;True;2
1621257213000;11553596;0.86088;0.861;0.86094;0;T;True;2
1621257214000;11553600;0.86087;0.86099;0.86093;3;T;True;2
1621257215000;11553601;0.86087;0.86099;0.86093;0;T;True;2
1621257216000;11553603;0.86087;0.86099;0.86093;1;T;True;2
1621257217000;11553604;0.86087;0.86099;0.86093;0;T;True;2
1621257218000;11553607;0.86086;0.86098;0.86092;2;T;True;2
1621257219000;11553609;0.86085;0.86097;0.86091;1;T;True;2
1621257220000;11553613;0.86085;0.86097;0.86091;3;T;True;2
1621257221000;11553615;0.86085;0.86097;0.86091;1;T;True;2
1621257222000;11553616;0.86085;0.86097;0.86091;0;T;True;2
1621257223000;11553617;0.86085;0.86097;0.86091;0;T;True;2
1621257224000;11553619;0.86085;0.86097;0.86091;1;T;True;2
1621257225000;11553620;0.86085;0.86097;0.86091;0;T;True;2
1621257226000;11553621;0.86085;0.86097;0.86091;0;T;True;2
1621257227000;11553622;0.86085;0.86097;0.86091;0;T;True;2
1621257228000;11553623;0.86085;0.86097;0.86091;0;T;True;2
1621257229000;11553625;0.86085;0.86097;0.86091;1;T;True;2
1621257230000;11553626;0.86085;0.86097;0.86091;0;T;True;2
1621257231000;11553629;0.86085;0.86097;0.86091;2;T;True;2
1621257232000;11553630;0.86085;0.86097;0.86091;0;T;True;2
1621257233000;11553634;0.86083;0.86095;0.86089;3;T;True;2
1621257234000;11553636;0.86083;0.86095;0.86089;1;T;True;2
1621257235000;11553637;0.86083;0.86095;0.86089;0;T;True;2
1621257236000;11553638;0.86083;0.86095;0.86089;0;T;True;2
1621257237000;11553639;0.86083;0.86095;0.86089;0;T;True;2
1621257238000;11553640;0.86083;0.86095;0.86089;0;T;True;2
1621257239000;11553641;0.86083;0.86095;0.86089;0;T;True;2
1621257240000;11553643;0.86083;0.86095;0.86089;1;T;True;2
1621257241000;11553644;0.86083;0.86095;0.86089;0;T;True;2
1621257242000;11553647;0.86083;0.86095;0.86089;2;T;True;2
1621257243000;11553651;0.8608;0.86092;0.86086;3;T;True;2
1621257244000;11553654;0.86079;0.86091;0.86085;2;T;True;2
1621257245000;11553655;0.86079;0.86091;0.86085;0;T;True;2
1621257246000;11553658;0.86081;0.86093;0.86087;2;T;True;2
1621257247000;11553659;0.86081;0.86093;0.86087;0;T;True;2
1621257248000;11553662;0.86083;0.86095;0.86089;2;T;True;2
1621257249000;11553664;0.86083;0.86095;0.86089;1;T;True;2
1621257250000;11553665;0.86083;0.86095;0.86089;0;T;True;2
1621257251000;11553666;0.86083;0.86095;0.86089;0;T;True;2
1621257252000;11553668;0.86081;0.86093;0.86087;1;T;True;2
1621257253000;11553669;0.86081;0.86093;0.86087;0;T;True;2
1621257254000;11553672;0.86081;0.86093;0.86087;2;T;True;2
1621257255000;11553675;0.86082;0.86094;0.86088;2;T;True;2
1621257256000;11553679;0.86082;0.86094;0.86088;3;T;True;2
1621257257000;11553685;0.86088;0.861;0.86094;5;T;True;2
1621257258000;11553686;0.86088;0.861;0.86094;0;T;True;2
1621257259000;11553687;0.86088;0.861;0.86094;0;T;True;2
1621257260000;11553689;0.86088;0.861;0.86094;1;T;True;2
1621257261000;11553693;0.86089;0.86101;0.86095;3;T;True;2
1621257262000;11553694;0.86089;0.86101;0.86095;0;T;True;2
1621257263000;11553695;0.86089;0.86101;0.86095;0;T;True;2
1621257264000;11553697;0.86089;0.86101;0.86095;1;T;True;2
1621257265000;11553698;0.86089;0.86101;0.86095;0;T;True;2
1621257266000;11553699;0.86089;0.86101;0.86095;0;T;True;2
1621257267000;11553700;0.86089;0.86101;0.86095;0;T;True;2
1621257268000;11553701;0.86089;0.86101;0.86095;0;T;True;2
1621257269000;11553702;0.86089;0.86101;0.86095;0;T;True;2
1621257270000;11553704;0.86088;0.861;0.86094;1;T;True;2
1621257271000;11553705;0.86088;0.861;0.86094;0;T;True;2
1621257272000;11553708;0.86089;0.86101;0.86095;2;T;True;2
1621257273000;11553710;0.86089;0.86101;0.86095;1;T;True;2
1621257274000;11553713;0.86089;0.86101;0.86095;2;T;True;2
1621257275000;11553714;0.86089;0.86101;0.86095;0;T;True;2
1621257276000;11553720;0.86089;0.86101;0.86095;5;T;True;2
1621257277000;11553721;0.86089;0.86101;0.86095;0;T;True;2
1621257278000;11553723;0.86089;0.86101;0.86095;1;T;True;2
1621257279000;11553726;0.86087;0.86099;0.86093;2;T;True;2
1621257280000;11553727;0.86087;0.86099;0.86093;0;T;True;2
1621257281000;11553728;0.86087;0.86099;0.86093;0;T;True;2
1621257282000;11553729;0.86087;0.86099;0.86093;0;T;True;2
1621257283000;11553730;0.86087;0.86099;0.86093;0;T;True;2
1621257284000;11553731;0.86087;0.86099;0.86093;0;T;True;2
1621257285000;11553735;0.86086;0.86098;0.86092;3;T;True;2
1621257286000;11553736;0.86086;0.86098;0.86092;0;T;True;2
1621257287000;11553737;0.86086;0.86098;0.86092;0;T;True;2
1621257288000;11553738;0.86086;0.86098;0.86092;0;T;True;2
1621257289000;11553739;0.86086;0.86098;0.86092;0;T;True;2
1621257290000;11553743;0.86085;0.86097;0.86091;3;T;True;2
1621257291000;11553754;0.86079;0.86091;0.86085;10;T;True;2
1621257292000;11553757;0.86077;0.86089;0.86083;2;T;True;2
1621257293000;11553758;0.86077;0.86089;0.86083;0;T;True;2
1621257294000;11553759;0.86077;0.86089;0.86083;0;T;True;2
1621257295000;11553762;0.86076;0.86088;0.86082;2;T;True;2
1621257296000;11553763;0.86076;0.86088;0.86082;0;T;True;2
1621257297000;11553764;0.86076;0.86088;0.86082;0;T;True;2
1621257298000;11553765;0.86076;0.86088;0.86082;0;T;True;2
1621257299000;11553766;0.86076;0.86088;0.86082;0;T;True;2
1621257300000;11553767;0.86076;0.86088;0.86082;0;T;True;2
1621257301000;11553772;0.86079;0.86091;0.86085;4;T;True;2
1621257302000;11553773;0.86079;0.86091;0.86085;0;T;True;2
1621257303000;11553774;0.86079;0.86091;0.86085;0;T;True;2
1621257304000;11553776;0.86078;0.8609;0.86084;1;T;True;2
1621257305000;11553779;0.86077;0.86089;0.86083;2;T;True;2
1621257306000;11553781;0.86075;0.86087;0.86081;1;T;True;2
1621257307000;11553782;0.86075;0.86087;0.86081;0;T;True;2
1621257308000;11553783;0.86075;0.86087;0.86081;0;T;True;2
1621257309000;11553784;0.86075;0.86087;0.86081;0;T;True;2
1621257310000;11553787;0.86076;0.86088;0.86082;2;T;True;2
1621257311000;11553790;0.86076;0.86088;0.86082;2;T;True;2
1621257312000;11553792;0.86076;0.86088;0.86082;1;T;True;2
1621257313000;11553793;0.86076;0.86088;0.86082;0;T;True;2
1621257314000;11553794;0.86076;0.86088;0.86082;0;T;True;2
1621257315000;11553803;0.86065;0.86077;0.86071;8;T;True;2
1621257316000;11553810;0.86069;0.86081;0.86075;6;T;True;2
1621257317000;11553816;0.86071;0.86083;0.86077;5;T;True;2
1621257318000;11553821;0.8607;0.86082;0.86076;4;T;True;2
1621257319000;11553823;0.86071;0.86083;0.86077;1;T;True;2
1621257320000;11553826;0.86071;0.86083;0.86077;2;T;True;2
1621257321000;11553829;0.86073;0.86085;0.86079;2;T;True;2
1621257322000;11553830;0.86073;0.86085;0.86079;0;T;True;2
1621257323000;11553831;0.86073;0.86085;0.86079;0;T;True;2
1621257324000;11553832;0.86073;0.86085;0.86079;0;T;True;2
1621257325000;11553833;0.86073;0.86085;0.86079;0;T;True;2
1621257326000;11553838;0.86073;0.86085;0.86079;4;T;True;2
1621257327000;11553839;0.86073;0.86085;0.86079;0;T;True;2
1621257328000;11553843;0.86071;0.86083;0.86077;3;T;True;2
1621257329000;11553844;0.86071;0.86083;0.86077;0;T;True;2
1621257330000;11553846;0.86071;0.86083;0.86077;1;T;True;2
1621257331000;11553847;0.86071;0.86083;0.86077;0;T;True;2
1621257332000;11553852;0.86073;0.86085;0.86079;4;T;True;2
1621257333000;11553855;0.86075;0.86087;0.86081;2;T;True;2
1621257334000;11553856;0.86075;0.86087;0.86081;0;T;True;2
1621257335000;11553858;0.86075;0.86087;0.86081;1;T;True;2
1621257336000;11553859;0.86075;0.86087;0.86081;0;T;True;2
1621257337000;11553860;0.86075;0.86087;0.86081;0;T;True;2
1621257338000;11553862;0.86077;0.86089;0.86083;1;T;True;2
1621257339000;11553866;0.86073;0.86085;0.86079;3;T;True;2
1621257340000;11553869;0.86073;0.86085;0.86079;2;T;True;2
1621257341000;11553870;0.86073;0.86085;0.86079;0;T;True;2
1621257342000;11553871;0.86073;0.86085;0.86079;0;T;True;2
1621257343000;11553872;0.86073;0.86085;0.86079;0;T;True;2
1621257344000;11553873;0.86073;0.86085;0.86079;0;T;True;2
1621257345000;11553874;0.86073;0.86085;0.86079;0;T;True;2
1621257346000;11553876;0.86075;0.86087;0.86081;1;T;True;2
1621257347000;11553878;0.86076;0.86088;0.86082;1;T;True;2
1621257348000;11553885;0.86075;0.86087;0.86081;6;T;True;2
1621257349000;11553886;0.86075;0.86087;0.86081;0;T;True;2
1621257350000;11553892;0.86073;0.86085;0.86079;5;T;True;2
1621257351000;11553893;0.86073;0.86085;0.86079;0;T;True;2
1621257352000;11553898;0.86071;0.86083;0.86077;4;T;True;2
1621257353000;11553901;0.86069;0.86081;0.86075;2;T;True;2
1621257354000;11553912;0.86072;0.86084;0.86078;10;T;True;2
1621257355000;11553918;0.86072;0.86084;0.86078;5;T;True;2
1621257356000;11553922;0.86073;0.86085;0.86079;3;T;True;2
1621257357000;11553923;0.86073;0.86085;0.86079;0;T;True;2
1621257358000;11553924;0.86073;0.86085;0.86079;0;T;True;2
1621257359000;11553926;0.86073;0.86085;0.86079;1;T;True;2
1621257360000;11553928;0.86073;0.86085;0.86079;1;T;True;2
1621257361000;11553936;0.86077;0.86089;0.86083;7;T;True;2
1621257362000;11553939;0.86077;0.86089;0.86083;2;T;True;2
1621257363000;11553941;0.86077;0.86089;0.86083;1;T;True;2
1621257364000;11553942;0.86077;0.86089;0.86083;0;T;True;2
1621257365000;11553943;0.86077;0.86089;0.86083;0;T;True;2
1621257366000;11553944;0.86077;0.86089;0.86083;0;T;True;2
1621257367000;11553951;0.86083;0.86095;0.86089;6;T;True;2
1621257368000;11553954;0.86082;0.86094;0.86088;2;T;True;2
1621257369000;11553955;0.86082;0.86094;0.86088;0;T;True;2
1621257370000;11553956;0.86082;0.86094;0.86088;0;T;True;2
1621257371000;11553958;0.86081;0.86093;0.86087;1;T;True;2
1621257372000;11553959;0.86081;0.86093;0.86087;0;T;True;2
1621257373000;11553962;0.86083;0.86095;0.86089;2;T;True;2
1621257374000;11553964;0.86083;0.86095;0.86089;1;T;True;2
1621257375000;11553965;0.86083;0.86095;0.86089;0;T;True;2
1621257376000;11553967;0.86083;0.86095;0.86089;1;T;True;2
1621257377000;11553968;0.86083;0.86095;0.86089;0;T;True;2
1621257378000;11553969;0.86083;0.86095;0.86089;0;T;True;2
1621257379000;11553971;0.86084;0.86096;0.8609;1;T;True;2
1621257380000;11553972;0.86084;0.86096;0.8609;0;T;True;2
1621257381000;11553974;0.86085;0.86097;0.86091;1;T;True;2
1621257382000;11553975;0.86085;0.86097;0.86091;0;T;True;2
1621257383000;11553978;0.86084;0.86096;0.8609;2;T;True;2
1621257384000;11553981;0.86084;0.86096;0.8609;2;T;True;2
1621257385000;11553982;0.86084;0.86096;0.8609;0;T;True;2
1621257386000;11553986;0.86082;0.86094;0.86088;3;T;True;2
1621257387000;11553987;0.86082;0.86094;0.86088;0;T;True;2
1621257388000;11553992;0.86081;0.86093;0.86087;4;T;True;2
1621257389000;11553993;0.86081;0.86093;0.86087;0;T;True;2
1621257390000;11553994;0.86081;0.86093;0.86087;0;T;True;2
1621257391000;11553995;0.86081;0.86093;0.86087;0;T;True;2
1621257392000;11554004;0.86078;0.8609;0.86084;8;T;True;2
1621257393000;11554009;0.86078;0.8609;0.86084;4;T;True;2
1621257394000;11554012;0.86078;0.8609;0.86084;2;T;True;2
1621257395000;11554013;0.86078;0.8609;0.86084;0;T;True;2
1621257396000;11554017;0.86079;0.86091;0.86085;3;T;True;2
1621257397000;11554021;0.86078;0.8609;0.86084;3;T;True;2
1621257398000;11554022;0.86078;0.8609;0.86084;0;T;True;2
1621257399000;11554023;0.86078;0.8609;0.86084;0;T;True;2
1621257400000;11554024;0.86078;0.8609;0.86084;0;T;True;2
1621257401000;11554025;0.86078;0.8609;0.86084;0;T;True;2
1621257402000;11554026;0.86078;0.8609;0.86084;0;T;True;2
1621257403000;11554037;0.86088;0.861;0.86094;10;T;True;2
1621257404000;11554038;0.86088;0.861;0.86094;0;T;True;2
1621257405000;11554039;0.86088;0.861;0.86094;0;T;True;2
1621257406000;11554040;0.86088;0.861;0.86094;0;T;True;2
1621257407000;11554041;0.86088;0.861;0.86094;0;T;True;2
1621257408000;11554042;0.86088;0.861;0.86094;0;T;True;2
1621257409000;11554043;0.86088;0.861;0.86094;0;T;True;2
1621257410000;11554046;0.86089;0.86101;0.86095;2;T;True;2
1621257411000;11554047;0.86089;0.86101;0.86095;0;T;True;2
1621257412000;11554050;0.86089;0.86101;0.86095;2;T;True;2
1621257413000;11554052;0.86089;0.86101;0.86095;1;T;True;2
1621257414000;11554053;0.86089;0.86101;0.86095;0;T;True;2
1621257415000;11554054;0.86089;0.86101;0.86095;0;T;True;2
1621257416000;11554055;0.86089;0.86101;0.86095;0;T;True;2
1621257417000;11554056;0.86089;0.86101;0.86095;0;T;True;2
1621257418000;11554058;0.86089;0.86101;0.86095;1;T;True;2
1621257419000;11554059;0.86089;0.86101;0.86095;0;T;True;2
1621257420000;11554066;0.86085;0.86097;0.86091;6;T;True;2
1621257421000;11554070;0.86087;0.86099;0.86093;3;T;True;2
1621257422000;11554071;0.86087;0.86099;0.86093;0;T;True;2
1621257423000;11554072;0.86087;0.86099;0.86093;0;T;True;2
1621257424000;11554075;0.86087;0.86099;0.86093;2;T;True;2
1621257425000;11554077;0.86086;0.86098;0.86092;1;T;True;2
1621257426000;11554080;0.86087;0.86099;0.86093;2;T;True;2
1621257427000;11554083;0.86087;0.86099;0.86093;2;T;True;2
1621257428000;11554085;0.86086;0.86098;0.86092;1;T;True;2
1621257429000;11554090;0.86084;0.86096;0.8609;4;T;True;2
1621257430000;11554093;0.86083;0.86095;0.86089;2;T;True;2
1621257431000;11554095;0.86083;0.86095;0.86089;1;T;True;2
1621257432000;11554097;0.86082;0.86094;0.86088;1;T;True;2
1621257433000;11554100;0.86082;0.86094;0.86088;2;T;True;2
1621257434000;11554101;0.86082;0.86094;0.86088;0;T;True;2
1621257435000;11554102;0.86082;0.86094;0.86088;0;T;True;2
1621257436000;11554106;0.86086;0.86098;0.86092;3;T;True;2
1621257437000;11554108;0.86087;0.86099;0.86093;1;T;True;2
1621257438000;11554109;0.86087;0.86099;0.86093;0;T;True;2
1621257439000;11554112;0.86087;0.86099;0.86093;2;T;True;2
1621257440000;11554113;0.86087;0.86099;0.86093;0;T;True;2
1621257441000;11554114;0.86087;0.86099;0.86093;0;T;True;2
1621257442000;11554115;0.86087;0.86099;0.86093;0;T;True;2
1621257443000;11554116;0.86087;0.86099;0.86093;0;T;True;2
1621257444000;11554117;0.86087;0.86099;0.86093;0;T;True;2
1621257445000;11554119;0.86088;0.861;0.86094;1;T;True;2
1621257446000;11554120;0.86088;0.861;0.86094;0;T;True;2
1621257447000;11554121;0.86088;0.861;0.86094;0;T;True;2
1621257448000;11554122;0.86088;0.861;0.86094;0;T;True;2
1621257449000;11554123;0.86088;0.861;0.86094;0;T;True;2
1621257450000;11554124;0.86088;0.861;0.86094;0;T;True;2
1621257451000;11554125;0.86088;0.861;0.86094;0;T;True;2
1621257452000;11554126;0.86088;0.861;0.86094;0;T;True;2
1621257453000;11554127;0.86088;0.861;0.86094;0;T;True;2
1621257454000;11554129;0.86087;0.86099;0.86093;1;T;True;2
1621257455000;11554131;0.86089;0.86101;0.86095;1;T;True;2
1621257456000;11554132;0.86089;0.86101;0.86095;0;T;True;2
1621257457000;11554133;0.86089;0.86101;0.86095;0;T;True;2
1621257458000;11554135;0.86089;0.86101;0.86095;1;T;True;2
1621257459000;11554137;0.86089;0.86101;0.86095;1;T;True;2
1621257460000;11554138;0.86089;0.86101;0.86095;0;T;True;2
1621257461000;11554139;0.86089;0.86101;0.86095;0;T;True;2
1621257462000;11554140;0.86089;0.86101;0.86095;0;T;True;2
1621257463000;11554142;0.86091;0.86103;0.86097;1;T;True;2
1621257464000;11554143;0.86091;0.86103;0.86097;0;T;True;2
1621257465000;11554144;0.86091;0.86103;0.86097;0;T;True;2
1621257466000;11554145;0.86091;0.86103;0.86097;0;T;True;2
1621257467000;11554146;0.86091;0.86103;0.86097;0;T;True;2
1621257468000;11554147;0.86091;0.86103;0.86097;0;T;True;2
1621257469000;11554148;0.86091;0.86103;0.86097;0;T;True;2
1621257470000;11554149;0.86091;0.86103;0.86097;0;T;True;2
1621257471000;11554150;0.86091;0.86103;0.86097;0;T;True;2
1621257472000;11554151;0.86091;0.86103;0.86097;0;T;True;2
1621257473000;11554154;0.86091;0.86103;0.86097;2;T;True;2
1621257474000;11554157;0.86089;0.86101;0.86095;2;T;True;2
1621257475000;11554158;0.86089;0.86101;0.86095;0;T;True;2
1621257476000;11554159;0.86089;0.86101;0.86095;0;T;True;2
1621257477000;11554160;0.86089;0.86101;0.86095;0;T;True;2
1621257478000;11554162;0.86089;0.86101;0.86095;1;T;True;2
1621257479000;11554165;0.86091;0.86103;0.86097;2;T;True;2
1621257480000;11554166;0.86091;0.86103;0.86097;0;T;True;2
1621257481000;11554169;0.86092;0.86104;0.86098;2;T;True;2
1621257482000;11554171;0.86092;0.86104;0.86098;1;T;True;2
1621257483000;11554173;0.86092;0.86104;0.86098;1;T;True;2
1621257484000;11554177;0.86089;0.86101;0.86095;3;T;True;2
1621257485000;11554178;0.86089;0.86101;0.86095;0;T;True;2
1621257486000;11554179;0.86089;0.86101;0.86095;0;T;True;2
1621257487000;11554180;0.86089;0.86101;0.86095;0;T;True;2
1621257488000;11554183;0.86088;0.861;0.86094;2;T;True;2
1621257489000;11554184;0.86088;0.861;0.86094;0;T;True;2
1621257490000;11554185;0.86088;0.861;0.86094;0;T;True;2
1621257491000;11554186;0.86088;0.861;0.86094;0;T;True;2
1621257492000;11554187;0.86088;0.861;0.86094;0;T;True;2
1621257493000;11554188;0.86088;0.861;0.86094;0;T;True;2
1621257494000;11554190;0.86087;0.86099;0.86093;1;T;True;2
1621257495000;11554191;0.86087;0.86099;0.86093;0;T;True;2
1621257496000;11554192;0.86087;0.86099;0.86093;0;T;True;2
1621257497000;11554193;0.86087;0.86099;0.86093;0;T;True;2
1621257498000;11554195;0.86087;0.86099;0.86093;1;T;True;2
1621257499000;11554196;0.86087;0.86099;0.86093;0;T;True;2
1621257500000;11554197;0.86087;0.86099;0.86093;0;T;True;2
1621257501000;11554200;0.86089;0.86101;0.86095;2;T;True;2
1621257502000;11554201;0.86089;0.86101;0.86095;0;T;True;2
1621257503000;11554202;0.86089;0.86101;0.86095;0;T;True;2
1621257504000;11554205;0.86089;0.86101;0.86095;2;T;True;2
1621257505000;11554207;0.86088;0.861;0.86094;1;T;True;2
1621257506000;11554209;0.86089;0.86101;0.86095;1;T;True;2
1621257507000;11554211;0.86088;0.861;0.86094;1;T;True;2
1621257508000;11554215;0.8609;0.86102;0.86096;3;T;True;2
1621257509000;11554218;0.8609;0.86102;0.86096;2;T;True;2
1621257510000;11554219;0.8609;0.86102;0.86096;0;T;True;2
1621257511000;11554222;0.86091;0.86103;0.86097;2;T;True;2
1621257512000;11554225;0.86091;0.86103;0.86097;2;T;True;2
1621257513000;11554226;0.86091;0.86103;0.86097;0;T;True;2
1621257514000;11554228;0.8609;0.86102;0.86096;1;T;True;2
1621257515000;11554234;0.86088;0.861;0.86094;5;T;True;2
1621257516000;11554235;0.86088;0.861;0.86094;0;T;True;2
1621257517000;11554237;0.86087;0.86099;0.86093;1;T;True;2
1621257518000;11554238;0.86087;0.86099;0.86093;0;T;True;2
1621257519000;11554240;0.86088;0.861;0.86094;1;T;True;2
1621257520000;11554241;0.86088;0.861;0.86094;0;T;True;2
1621257521000;11554242;0.86088;0.861;0.86094;0;T;True;2
1621257522000;11554243;0.86088;0.861;0.86094;0;T;True;2
1621257523000;11554244;0.86088;0.861;0.86094;0;T;True;2
1621257524000;11554249;0.86088;0.861;0.86094;4;T;True;2
1621257525000;11554250;0.86088;0.861;0.86094;0;T;True;2
1621257526000;11554251;0.86088;0.861;0.86094;0;T;True;2
1621257527000;11554253;0.86087;0.86099;0.86093;1;T;True;2
1621257528000;11554254;0.86087;0.86099;0.86093;0;T;True;2
1621257529000;11554255;0.86087;0.86099;0.86093;0;T;True;2
1621257530000;11554256;0.86087;0.86099;0.86093;0;T;True;2
1621257531000;11554257;0.86087;0.86099;0.86093;0;T;True;2
1621257532000;11554258;0.86087;0.86099;0.86093;0;T;True;2
1621257533000;11554259;0.86087;0.86099;0.86093;0;T;True;2
1621257534000;11554262;0.86087;0.86099;0.86093;2;T;True;2
1621257535000;11554263;0.86087;0.86099;0.86093;0;T;True;2
1621257536000;11554264;0.86087;0.86099;0.86093;0;T;True;2
1621257537000;11554265;0.86087;0.86099;0.86093;0;T;True;2
1621257538000;11554266;0.86087;0.86099;0.86093;0;T;True;2
1621257539000;11554267;0.86087;0.86099;0.86093;0;T;True;2
1621257540000;11554268;0.86087;0.86099;0.86093;0;T;True;2
1621257541000;11554269;0.86087;0.86099;0.86093;0;T;True;2
1621257542000;11554271;0.86088;0.861;0.86094;1;T;True;2
1621257543000;11554274;0.86088;0.861;0.86094;2;T;True;2
1621257544000;11554278;0.86089;0.86101;0.86095;3;T;True;2
1621257545000;11554283;0.86089;0.86101;0.86095;4;T;True;2
1621257546000;11554284;0.86089;0.86101;0.86095;0;T;True;2
1621257547000;11554286;0.86088;0.861;0.86094;1;T;True;2
1621257548000;11554288;0.86089;0.86101;0.86095;1;T;True;2
1621257549000;11554289;0.86089;0.86101;0.86095;0;T;True;2
1621257550000;11554290;0.86089;0.86101;0.86095;0;T;True;2
1621257551000;11554291;0.86089;0.86101;0.86095;0;T;True;2
1621257552000;11554294;0.86088;0.861;0.86094;2;T;True;2
1621257553000;11554298;0.86089;0.86101;0.86095;3;T;True;2
1621257554000;11554302;0.86088;0.861;0.86094;3;T;True;2
1621257555000;11554303;0.86088;0.861;0.86094;0;T;True;2
1621257556000;11554304;0.86088;0.861;0.86094;0;T;True;2
1621257557000;11554305;0.86088;0.861;0.86094;0;T;True;2
1621257558000;11554306;0.86088;0.861;0.86094;0;T;True;2
1621257559000;11554307;0.86088;0.861;0.86094;0;T;True;2
1621257560000;11554308;0.86088;0.861;0.86094;0;T;True;2
1621257561000;11554309;0.86088;0.861;0.86094;0;T;True;2
1621257562000;11554310;0.86088;0.861;0.86094;0;T;True;2
1621257563000;11554311;0.86088;0.861;0.86094;0;T;True;2
1621257564000;11554312;0.86088;0.861;0.86094;0;T;True;2
1621257565000;11554318;0.86085;0.86097;0.86091;5;T;True;2
1621257566000;11554319;0.86085;0.86097;0.86091;0;T;True;2
1621257567000;11554320;0.86085;0.86097;0.86091;0;T;True;2
1621257568000;11554321;0.86085;0.86097;0.86091;0;T;True;2
1621257569000;11554322;0.86085;0.86097;0.86091;0;T;True;2
1621257570000;11554323;0.86085;0.86097;0.86091;0;T;True;2
1621257571000;11554324;0.86085;0.86097;0.86091;0;T;True;2
1621257572000;11554325;0.86085;0.86097;0.86091;0;T;True;2
1621257573000;11554326;0.86085;0.86097;0.86091;0;T;True;2
1621257574000;11554328;0.86087;0.86099;0.86093;1;T;True;2
1621257575000;11554329;0.86087;0.86099;0.86093;0;T;True;2
1621257576000;11554330;0.86087;0.86099;0.86093;0;T;True;2
1621257577000;11554331;0.86087;0.86099;0.86093;0;T;True;2
1621257578000;11554335;0.86089;0.86101;0.86095;3;T;True;2
1621257579000;11554337;0.86091;0.86103;0.86097;1;T;True;2
1621257580000;11554339;0.86091;0.86103;0.86097;1;T;True;2
1621257581000;11554340;0.86091;0.86103;0.86097;0;T;True;2
1621257582000;11554341;0.86091;0.86103;0.86097;0;T;True;2
1621257583000;11554343;0.86091;0.86103;0.86097;1;T;True;2
1621257584000;11554345;0.86092;0.86104;0.86098;1;T;True;2
1621257585000;11554348;0.86091;0.86103;0.86097;2;T;True;2
1621257586000;11554349;0.86091;0.86103;0.86097;0;T;True;2
1621257587000;11554351;0.86093;0.86105;0.86099;1;T;True;2
1621257588000;11554353;0.86093;0.86105;0.86099;1;T;True;2
1621257589000;11554357;0.86093;0.86105;0.86099;3;T;True;2
1621257590000;11554358;0.86093;0.86105;0.86099;0;T;True;2
1621257591000;11554359;0.86093;0.86105;0.86099;0;T;True;2
1621257592000;11554361;0.86094;0.86106;0.861;1;T;True;2
1621257593000;11554362;0.86094;0.86106;0.861;0;T;True;2
1621257594000;11554363;0.86094;0.86106;0.861;0;T;True;2
1621257595000;11554364;0.86094;0.86106;0.861;0;T;True;2
1621257596000;11554367;0.86092;0.86104;0.86098;2;T;True;2
1621257597000;11554369;0.86091;0.86103;0.86097;1;T;True;2
1621257598000;11554370;0.86091;0.86103;0.86097;0;T;True;2
1621257599000;11554372;0.86092;0.86104;0.86098;1;T;True;2
1621257600000;11554374;0.86093;0.86105;0.86099;1;T;True;2
1621257601000;11554376;0.86093;0.86105;0.86099;1;T;True;2
1621257602000;11554377;0.86093;0.86105;0.86099;0;T;True;2
1621257603000;11554378;0.86093;0.86105;0.86099;0;T;True;2
1621257604000;11554379;0.86093;0.86105;0.86099;0;T;True;2
1621257605000;11554380;0.86093;0.86105;0.86099;0;T;True;2
1621257606000;11554382;0.86093;0.86105;0.86099;1;T;True;2
1621257607000;11554383;0.86093;0.86105;0.86099;0;T;True;2
1621257608000;11554384;0.86093;0.86105;0.86099;0;T;True;2
1621257609000;11554386;0.86091;0.86103;0.86097;1;T;True;2
1621257610000;11554387;0.86091;0.86103;0.86097;0;T;True;2
1621257611000;11554388;0.86091;0.86103;0.86097;0;T;True;2
1621257612000;11554392;0.86089;0.86101;0.86095;3;T;True;2
1621257613000;11554396;0.86089;0.86101;0.86095;3;T;True;2
1621257614000;11554403;0.86089;0.86101;0.86095;6;T;True;2
1621257615000;11554405;0.86089;0.86101;0.86095;1;T;True;2
1621257616000;11554406;0.86089;0.86101;0.86095;0;T;True;2
1621257617000;11554407;0.86089;0.86101;0.86095;0;T;True;2
1621257618000;11554408;0.86089;0.86101;0.86095;0;T;True;2
1621257619000;11554409;0.86089;0.86101;0.86095;0;T;True;2
1621257620000;11554411;0.86089;0.86101;0.86095;1;T;True;2
1621257621000;11554412;0.86089;0.86101;0.86095;0;T;True;2
1621257622000;11554413;0.86089;0.86101;0.86095;0;T;True;2
1621257623000;11554415;0.86089;0.86101;0.86095;1;T;True;2
1621257624000;11554417;0.86089;0.86101;0.86095;1;T;True;2
1621257625000;11554418;0.86089;0.86101;0.86095;0;T;True;2
1621257626000;11554419;0.86089;0.86101;0.86095;0;T;True;2
1621257627000;11554422;0.8609;0.86102;0.86096;2;T;True;2
1621257628000;11554423;0.8609;0.86102;0.86096;0;T;True;2
1621257629000;11554424;0.8609;0.86102;0.86096;0;T;True;2
1621257630000;11554425;0.8609;0.86102;0.86096;0;T;True;2
1621257631000;11554426;0.8609;0.86102;0.86096;0;T;True;2
1621257632000;11554427;0.8609;0.86102;0.86096;0;T;True;2
1621257633000;11554429;0.86091;0.86103;0.86097;1;T;True;2
1621257634000;11554430;0.86091;0.86103;0.86097;0;T;True;2
1621257635000;11554431;0.86091;0.86103;0.86097;0;T;True;2
1621257636000;11554432;0.86091;0.86103;0.86097;0;T;True;2
1621257637000;11554433;0.86091;0.86103;0.86097;0;T;True;2
1621257638000;11554435;0.86091;0.86103;0.86097;1;T;True;2
1621257639000;11554436;0.86091;0.86103;0.86097;0;T;True;2
1621257640000;11554437;0.86091;0.86103;0.86097;0;T;True;2
1621257641000;11554438;0.86091;0.86103;0.86097;0;T;True;2
1621257642000;11554439;0.86091;0.86103;0.86097;0;T;True;2
1621257643000;11554440;0.86091;0.86103;0.86097;0;T;True;2
1621257644000;11554441;0.86091;0.86103;0.86097;0;T;True;2
1621257645000;11554442;0.86091;0.86103;0.86097;0;T;True;2
1621257646000;11554443;0.86091;0.86103;0.86097;0;T;True;2
1621257647000;11554445;0.86092;0.86104;0.86098;1;T;True;2
1621257648000;11554446;0.86092;0.86104;0.86098;0;T;True;2
1621257649000;11554447;0.86092;0.86104;0.86098;0;T;True;2
1621257650000;11554450;0.86093;0.86105;0.86099;2;T;True;2
1621257651000;11554451;0.86093;0.86105;0.86099;0;T;True;2
1621257652000;11554452;0.86093;0.86105;0.86099;0;T;True;2
1621257653000;11554453;0.86093;0.86105;0.86099;0;T;True;2
1621257654000;11554454;0.86093;0.86105;0.86099;0;T;True;2
1621257655000;11554455;0.86093;0.86105;0.86099;0;T;True;2
1621257656000;11554456;0.86093;0.86105;0.86099;0;T;True;2
1621257657000;11554457;0.86093;0.86105;0.86099;0;T;True;2
1621257658000;11554458;0.86093;0.86105;0.86099;0;T;True;2
1621257659000;11554459;0.86093;0.86105;0.86099;0;T;True;2
1621257660000;11554460;0.86093;0.86105;0.86099;0;T;True;2
1621257661000;11554461;0.86093;0.86105;0.86099;0;T;True;2
1621257662000;11554462;0.86093;0.86105;0.86099;0;T;True;2
1621257663000;11554466;0.86095;0.86107;0.86101;3;T;True;2
1621257664000;11554467;0.86095;0.86107;0.86101;0;T;True;2
1621257665000;11554469;0.86095;0.86107;0.86101;1;T;True;2
1621257666000;11554470;0.86095;0.86107;0.86101;0;T;True;2
1621257667000;11554471;0.86095;0.86107;0.86101;0;T;True;2
1621257668000;11554472;0.86095;0.86107;0.86101;0;T;True;2
1621257669000;11554473;0.86095;0.86107;0.86101;0;T;True;2
1621257670000;11554474;0.86095;0.86107;0.86101;0;T;True;2
1621257671000;11554476;0.86095;0.86107;0.86101;1;T;True;2
1621257672000;11554477;0.86095;0.86107;0.86101;0;T;True;2
1621257673000;11554479;0.86095;0.86107;0.86101;1;T;True;2
1621257674000;11554482;0.86095;0.86107;0.86101;2;T;True;2
1621257675000;11554483;0.86095;0.86107;0.86101;0;T;True;2
1621257676000;11554491;0.86097;0.86109;0.86103;7;T;True;2
1621257677000;11554492;0.86097;0.86109;0.86103;0;T;True;2
1621257678000;11554493;0.86097;0.86109;0.86103;0;T;True;2
1621257679000;11554495;0.86097;0.86109;0.86103;1;T;True;2
1621257680000;11554497;0.86098;0.8611;0.86104;1;T;True;2
1621257681000;11554498;0.86098;0.8611;0.86104;0;T;True;2
1621257682000;11554499;0.86098;0.8611;0.86104;0;T;True;2
1621257683000;11554500;0.86098;0.8611;0.86104;0;T;True;2
1621257684000;11554501;0.86098;0.8611;0.86104;0;T;True;2
1621257685000;11554502;0.86098;0.8611;0.86104;0;T;True;2
1621257686000;11554503;0.86098;0.8611;0.86104;0;T;True;2
1621257687000;11554506;0.861;0.86112;0.86106;2;T;True;2
1621257688000;11554507;0.861;0.86112;0.86106;0;T;True;2
1621257689000;11554508;0.861;0.86112;0.86106;0;T;True;2
1621257690000;11554509;0.861;0.86112;0.86106;0;T;True;2
1621257691000;11554512;0.86099;0.86111;0.86105;2;T;True;2
1621257692000;11554516;0.86097;0.86109;0.86103;3;T;True;2
1621257693000;11554517;0.86097;0.86109;0.86103;0;T;True;2
1621257694000;11554518;0.86097;0.86109;0.86103;0;T;True;2
1621257695000;11554520;0.86097;0.86109;0.86103;1;T;True;2
1621257696000;11554521;0.86097;0.86109;0.86103;0;T;True;2
1621257697000;11554523;0.86097;0.86109;0.86103;1;T;True;2
1621257698000;11554524;0.86097;0.86109;0.86103;0;T;True;2
1621257699000;11554525;0.86097;0.86109;0.86103;0;T;True;2
1621257700000;11554527;0.86097;0.86109;0.86103;1;T;True;2
1621257701000;11554529;0.86098;0.8611;0.86104;1;T;True;2
1621257702000;11554531;0.86098;0.8611;0.86104;1;T;True;2
1621257703000;11554532;0.86098;0.8611;0.86104;0;T;True;2
1621257704000;11554533;0.86098;0.8611;0.86104;0;T;True;2
1621257705000;11554535;0.86098;0.8611;0.86104;1;T;True;2
1621257706000;11554536;0.86098;0.8611;0.86104;0;T;True;2
1621257707000;11554540;0.86096;0.86108;0.86102;3;T;True;2
1621257708000;11554542;0.86097;0.86109;0.86103;1;T;True;2
1621257709000;11554543;0.86097;0.86109;0.86103;0;T;True;2
1621257710000;11554545;0.86096;0.86108;0.86102;1;T;True;2
1621257711000;11554548;0.86095;0.86107;0.86101;2;T;True;2
1621257712000;11554549;0.86095;0.86107;0.86101;0;T;True;2
1621257713000;11554550;0.86095;0.86107;0.86101;0;T;True;2
1621257714000;11554551;0.86095;0.86107;0.86101;0;T;True;2
1621257715000;11554552;0.86095;0.86107;0.86101;0;T;True;2
1621257716000;11554553;0.86095;0.86107;0.86101;0;T;True;2
1621257717000;11554554;0.86095;0.86107;0.86101;0;T;True;2
1621257718000;11554555;0.86095;0.86107;0.86101;0;T;True;2
1621257719000;11554556;0.86095;0.86107;0.86101;0;T;True;2
1621257720000;11554557;0.86095;0.86107;0.86101;0;T;True;2
1621257721000;11554560;0.86095;0.86107;0.86101;2;T;True;2
1621257722000;11554562;0.86095;0.86107;0.86101;1;T;True;2
1621257723000;11554563;0.86095;0.86107;0.86101;0;T;True;2
1621257724000;11554564;0.86095;0.86107;0.86101;0;T;True;2
1621257725000;11554565;0.86095;0.86107;0.86101;0;T;True;2
1621257726000;11554566;0.86095;0.86107;0.86101;0;T;True;2
1621257727000;11554569;0.86093;0.86105;0.86099;2;T;True;2
1621257728000;11554570;0.86093;0.86105;0.86099;0;T;True;2
1621257729000;11554571;0.86093;0.86105;0.86099;0;T;True;2
1621257730000;11554573;0.86092;0.86104;0.86098;1;T;True;2
1621257731000;11554574;0.86092;0.86104;0.86098;0;T;True;2
1621257732000;11554577;0.86092;0.86104;0.86098;2;T;True;2
1621257733000;11554578;0.86092;0.86104;0.86098;0;T;True;2
1621257734000;11554579;0.86092;0.86104;0.86098;0;T;True;2
1621257735000;11554580;0.86092;0.86104;0.86098;0;T;True;2
1621257736000;11554581;0.86092;0.86104;0.86098;0;T;True;2
1621257737000;11554582;0.86092;0.86104;0.86098;0;T;True;2
1621257738000;11554584;0.86091;0.86103;0.86097;1;T;True;2
1621257739000;11554586;0.86091;0.86103;0.86097;1;T;True;2
1621257740000;11554587;0.86091;0.86103;0.86097;0;T;True;2
1621257741000;11554588;0.86091;0.86103;0.86097;0;T;True;2
1621257742000;11554590;0.86091;0.86103;0.86097;1;T;True;2
1621257743000;11554592;0.86091;0.86103;0.86097;1;T;True;2
1621257744000;11554593;0.86091;0.86103;0.86097;0;T;True;2
1621257745000;11554594;0.86091;0.86103;0.86097;0;T;True;2
1621257746000;11554595;0.86091;0.86103;0.86097;0;T;True;2
1621257747000;11554596;0.86091;0.86103;0.86097;0;T;True;2
1621257748000;11554597;0.86091;0.86103;0.86097;0;T;True;2
1621257749000;11554598;0.86091;0.86103;0.86097;0;T;True;2
1621257750000;11554600;0.86091;0.86103;0.86097;1;T;True;2
1621257751000;11554601;0.86091;0.86103;0.86097;0;T;True;2
1621257752000;11554602;0.86091;0.86103;0.86097;0;T;True;2
1621257753000;11554603;0.86091;0.86103;0.86097;0;T;True;2
1621257754000;11554609;0.86095;0.86107;0.86101;5;T;True;2
1621257755000;11554611;0.86096;0.86108;0.86102;1;T;True;2
1621257756000;11554612;0.86096;0.86108;0.86102;0;T;True;2
1621257757000;11554613;0.86096;0.86108;0.86102;0;T;True;2
1621257758000;11554614;0.86096;0.86108;0.86102;0;T;True;2
1621257759000;11554615;0.86096;0.86108;0.86102;0;T;True;2
1621257760000;11554616;0.86096;0.86108;0.86102;0;T;True;2
1621257761000;11554617;0.86096;0.86108;0.86102;0;T;True;2
1621257762000;11554620;0.86096;0.86108;0.86102;2;T;True;2
1621257763000;11554621;0.86096;0.86108;0.86102;0;T;True;2
1621257764000;11554622;0.86096;0.86108;0.86102;0;T;True;2
1621257765000;11554623;0.86096;0.86108;0.86102;0;T;True;2
1621257766000;11554625;0.86095;0.86107;0.86101;1;T;True;2
1621257767000;11554626;0.86095;0.86107;0.86101;0;T;True;2
1621257768000;11554628;0.86096;0.86108;0.86102;1;T;True;2
1621257769000;11554629;0.86096;0.86108;0.86102;0;T;True;2
1621257770000;11554630;0.86096;0.86108;0.86102;0;T;True;2
1621257771000;11554632;0.86097;0.86109;0.86103;1;T;True;2
1621257772000;11554633;0.86097;0.86109;0.86103;0;T;True;2
1621257773000;11554634;0.86097;0.86109;0.86103;0;T;True;2
1621257774000;11554635;0.86097;0.86109;0.86103;0;T;True;2
1621257775000;11554636;0.86097;0.86109;0.86103;0;T;True;2
1621257776000;11554638;0.86097;0.86109;0.86103;1;T;True;2
1621257777000;11554641;0.86097;0.86109;0.86103;2;T;True;2
1621257778000;11554642;0.86097;0.86109;0.86103;0;T;True;2
1621257779000;11554643;0.86097;0.86109;0.86103;0;T;True;2
1621257780000;11554644;0.86097;0.86109;0.86103;0;T;True;2
1621257781000;11554645;0.86097;0.86109;0.86103;0;T;True;2
1621257782000;11554646;0.86097;0.86109;0.86103;0;T;True;2
1621257783000;11554647;0.86097;0.86109;0.86103;0;T;True;2
1621257784000;11554648;0.86097;0.86109;0.86103;0;T;True;2
1621257785000;11554650;0.86097;0.86109;0.86103;1;T;True;2
1621257786000;11554653;0.86097;0.86109;0.86103;2;T;True;2
1621257787000;11554655;0.86097;0.86109;0.86103;1;T;True;2
1621257788000;11554656;0.86097;0.86109;0.86103;0;T;True;2
1621257789000;11554657;0.86097;0.86109;0.86103;0;T;True;2
1621257790000;11554658;0.86097;0.86109;0.86103;0;T;True;2
1621257791000;11554659;0.86097;0.86109;0.86103;0;T;True;2
1621257792000;11554660;0.86097;0.86109;0.86103;0;T;True;2
1621257793000;11554661;0.86097;0.86109;0.86103;0;T;True;2
1621257794000;11554662;0.86097;0.86109;0.86103;0;T;True;2
1621257795000;11554663;0.86097;0.86109;0.86103;0;T;True;2
1621257796000;11554664;0.86097;0.86109;0.86103;0;T;True;2
1621257797000;11554665;0.86097;0.86109;0.86103;0;T;True;2
1621257798000;11554666;0.86097;0.86109;0.86103;0;T;True;2
1621257799000;11554667;0.86097;0.86109;0.86103;0;T;True;2
1621257800000;11554668;0.86097;0.86109;0.86103;0;T;True;2
1621257801000;11554669;0.86097;0.86109;0.86103;0;T;True;2
1621257802000;11554670;0.86097;0.86109;0.86103;0;T;True;2
1621257803000;11554674;0.86099;0.86111;0.86105;3;T;True;2
1621257804000;11554675;0.86099;0.86111;0.86105;0;T;True;2
1621257805000;11554676;0.86099;0.86111;0.86105;0;T;True;2
1621257806000;11554678;0.861;0.86112;0.86106;1;T;True;2
1621257807000;11554679;0.861;0.86112;0.86106;0;T;True;2
1621257808000;11554682;0.86101;0.86113;0.86107;2;T;True;2
1621257809000;11554685;0.86101;0.86113;0.86107;2;T;True;2
1621257810000;11554686;0.86101;0.86113;0.86107;0;T;True;2
1621257811000;11554687;0.86101;0.86113;0.86107;0;T;True;2
1621257812000;11554688;0.86101;0.86113;0.86107;0;T;True;2
1621257813000;11554689;0.86101;0.86113;0.86107;0;T;True;2
1621257814000;11554690;0.86101;0.86113;0.86107;0;T;True;2
1621257815000;11554691;0.86101;0.86113;0.86107;0;T;True;2
1621257816000;11554692;0.86101;0.86113;0.86107;0;T;True;2
1621257817000;11554693;0.86101;0.86113;0.86107;0;T;True;2
1621257818000;11554694;0.86101;0.86113;0.86107;0;T;True;2
1621257819000;11554695;0.86101;0.86113;0.86107;0;T;True;2
1621257820000;11554696;0.86101;0.86113;0.86107;0;T;True;2
1621257821000;11554697;0.86101;0.86113;0.86107;0;T;True;2
1621257822000;11554698;0.86101;0.86113;0.86107;0;T;True;2
1621257823000;11554700;0.86103;0.86115;0.86109;1;T;True;2
1621257824000;11554701;0.86103;0.86115;0.86109;0;T;True;2
1621257825000;11554702;0.86103;0.86115;0.86109;0;T;True;2
1621257826000;11554703;0.86103;0.86115;0.86109;0;T;True;2
1621257827000;11554704;0.86103;0.86115;0.86109;0;T;True;2
1621257828000;11554705;0.86103;0.86115;0.86109;0;T;True;2
1621257829000;11554706;0.86103;0.86115;0.86109;0;T;True;2
1621257830000;11554707;0.86103;0.86115;0.86109;0;T;True;2
1621257831000;11554708;0.86103;0.86115;0.86109;0;T;True;2
1621257832000;11554709;0.86103;0.86115;0.86109;0;T;True;2
1621257833000;11554710;0.86103;0.86115;0.86109;0;T;True;2
1621257834000;11554713;0.86103;0.86115;0.86109;2;T;True;2
1621257835000;11554714;0.86103;0.86115;0.86109;0;T;True;2
1621257836000;11554716;0.86104;0.86116;0.8611;1;T;True;2
1621257837000;11554717;0.86104;0.86116;0.8611;0;T;True;2
1621257838000;11554718;0.86104;0.86116;0.8611;0;T;True;2
1621257839000;11554719;0.86104;0.86116;0.8611;0;T;True;2
1621257840000;11554720;0.86104;0.86116;0.8611;0;T;True;2
1621257841000;11554722;0.86103;0.86115;0.86109;1;T;True;2
1621257842000;11554723;0.86103;0.86115;0.86109;0;T;True;2
1621257843000;11554725;0.86103;0.86115;0.86109;1;T;True;2
1621257844000;11554726;0.86103;0.86115;0.86109;0;T;True;2
1621257845000;11554727;0.86103;0.86115;0.86109;0;T;True;2
1621257846000;11554731;0.86104;0.86116;0.8611;3;T;True;2
1621257847000;11554739;0.86103;0.86115;0.86109;7;T;True;2
1621257848000;11554743;0.86103;0.86115;0.86109;3;T;True;2
1621257849000;11554744;0.86103;0.86115;0.86109;0;T;True;2
1621257850000;11554745;0.86103;0.86115;0.86109;0;T;True;2
1621257851000;11554747;0.86103;0.86115;0.86109;1;T;True;2
1621257852000;11554748;0.86103;0.86115;0.86109;0;T;True;2
1621257853000;11554749;0.86103;0.86115;0.86109;0;T;True;2
1621257854000;11554754;0.86099;0.86111;0.86105;4;T;True;2
1621257855000;11554757;0.86099;0.86111;0.86105;2;T;True;2
1621257856000;11554758;0.86099;0.86111;0.86105;0;T;True;2
1621257857000;11554759;0.86099;0.86111;0.86105;0;T;True;2
1621257858000;11554762;0.86098;0.8611;0.86104;2;T;True;2
1621257859000;11554764;0.86097;0.86109;0.86103;1;T;True;2
1621257860000;11554765;0.86097;0.86109;0.86103;0;T;True;2
1621257861000;11554766;0.86097;0.86109;0.86103;0;T;True;2
1621257862000;11554767;0.86097;0.86109;0.86103;0;T;True;2
1621257863000;11554769;0.86098;0.8611;0.86104;1;T;True;2
1621257864000;11554772;0.86099;0.86111;0.86105;2;T;True;2
1621257865000;11554773;0.86099;0.86111;0.86105;0;T;True;2
1621257866000;11554774;0.86099;0.86111;0.86105;0;T;True;2
1621257867000;11554780;0.86099;0.86111;0.86105;5;T;True;2
1621257868000;11554782;0.86101;0.86113;0.86107;1;T;True;2
1621257869000;11554783;0.86101;0.86113;0.86107;0;T;True;2
1621257870000;11554784;0.86101;0.86113;0.86107;0;T;True;2
1621257871000;11554785;0.86101;0.86113;0.86107;0;T;True;2
1621257872000;11554786;0.86101;0.86113;0.86107;0;T;True;2
1621257873000;11554787;0.86101;0.86113;0.86107;0;T;True;2
1621257874000;11554788;0.86101;0.86113;0.86107;0;T;True;2
1621257875000;11554789;0.86101;0.86113;0.86107;0;T;True;2
1621257876000;11554790;0.86101;0.86113;0.86107;0;T;True;2
1621257877000;11554793;0.86103;0.86115;0.86109;2;T;True;2
1621257878000;11554794;0.86103;0.86115;0.86109;0;T;True;2
1621257879000;11554795;0.86103;0.86115;0.86109;0;T;True;2
1621257880000;11554796;0.86103;0.86115;0.86109;0;T;True;2
1621257881000;11554797;0.86103;0.86115;0.86109;0;T;True;2
1621257882000;11554798;0.86103;0.86115;0.86109;0;T;True;2
1621257883000;11554799;0.86103;0.86115;0.86109;0;T;True;2
1621257884000;11554800;0.86103;0.86115;0.86109;0;T;True;2
1621257885000;11554806;0.861;0.86112;0.86106;5;T;True;2
1621257886000;11554808;0.86101;0.86113;0.86107;1;T;True;2
1621257887000;11554809;0.86101;0.86113;0.86107;0;T;True;2
1621257888000;11554813;0.86099;0.86111;0.86105;3;T;True;2
1621257889000;11554814;0.86099;0.86111;0.86105;0;T;True;2
1621257890000;11554816;0.86099;0.86111;0.86105;1;T;True;2
1621257891000;11554817;0.86099;0.86111;0.86105;0;T;True;2
1621257892000;11554821;0.86101;0.86113;0.86107;3;T;True;2
1621257893000;11554826;0.86103;0.86115;0.86109;4;T;True;2
1621257894000;11554827;0.86103;0.86115;0.86109;0;T;True;2
1621257895000;11554830;0.86103;0.86115;0.86109;2;T;True;2
1621257896000;11554831;0.86103;0.86115;0.86109;0;T;True;2
1621257897000;11554834;0.86105;0.86117;0.86111;2;T;True;2
1621257898000;11554835;0.86105;0.86117;0.86111;0;T;True;2
1621257899000;11554836;0.86105;0.86117;0.86111;0;T;True;2
1621257900000;11554837;0.86105;0.86117;0.86111;0;T;True;2
1621257901000;11554846;0.86104;0.86116;0.8611;8;T;True;2
1621257902000;11554847;0.86104;0.86116;0.8611;0;T;True;2
1621257903000;11554848;0.86104;0.86116;0.8611;0;T;True;2
1621257904000;11554849;0.86104;0.86116;0.8611;0;T;True;2
1621257905000;11554850;0.86104;0.86116;0.8611;0;T;True;2
1621257906000;11554851;0.86104;0.86116;0.8611;0;T;True;2
1621257907000;11554852;0.86104;0.86116;0.8611;0;T;True;2
1621257908000;11554854;0.86103;0.86115;0.86109;1;T;True;2
1621257909000;11554855;0.86103;0.86115;0.86109;0;T;True;2
1621257910000;11554856;0.86103;0.86115;0.86109;0;T;True;2
1621257911000;11554858;0.86103;0.86115;0.86109;1;T;True;2
1621257912000;11554859;0.86103;0.86115;0.86109;0;T;True;2
1621257913000;11554860;0.86103;0.86115;0.86109;0;T;True;2
1621257914000;11554861;0.86103;0.86115;0.86109;0;T;True;2
1621257915000;11554864;0.86103;0.86115;0.86109;2;T;True;2
1621257916000;11554865;0.86103;0.86115;0.86109;0;T;True;2
1621257917000;11554866;0.86103;0.86115;0.86109;0;T;True;2
1621257918000;11554867;0.86103;0.86115;0.86109;0;T;True;2
1621257919000;11554868;0.86103;0.86115;0.86109;0;T;True;2
1621257920000;11554871;0.86101;0.86113;0.86107;2;T;True;2
1621257921000;11554872;0.86101;0.86113;0.86107;0;T;True;2
1621257922000;11554873;0.86101;0.86113;0.86107;0;T;True;2
1621257923000;11554874;0.86101;0.86113;0.86107;0;T;True;2
1621257924000;11554875;0.86101;0.86113;0.86107;0;T;True;2
1621257925000;11554876;0.86101;0.86113;0.86107;0;T;True;2
1621257926000;11554877;0.86101;0.86113;0.86107;0;T;True;2
1621257927000;11554878;0.86101;0.86113;0.86107;0;T;True;2
1621257928000;11554879;0.86101;0.86113;0.86107;0;T;True;2
1621257929000;11554881;0.86099;0.86111;0.86105;1;T;True;2
1621257930000;11554883;0.86101;0.86113;0.86107;1;T;True;2
1621257931000;11554884;0.86101;0.86113;0.86107;0;T;True;2
1621257932000;11554885;0.86101;0.86113;0.86107;0;T;True;2
1621257933000;11554888;0.86101;0.86113;0.86107;2;T;True;2
1621257934000;11554889;0.86101;0.86113;0.86107;0;T;True;2
1621257935000;11554891;0.86101;0.86113;0.86107;1;T;True;2
1621257936000;11554892;0.86101;0.86113;0.86107;0;T;True;2
1621257937000;11554895;0.86103;0.86115;0.86109;2;T;True;2
1621257938000;11554896;0.86103;0.86115;0.86109;0;T;True;2
1621257939000;11554897;0.86103;0.86115;0.86109;0;T;True;2
1621257940000;11554898;0.86103;0.86115;0.86109;0;T;True;2
1621257941000;11554899;0.86103;0.86115;0.86109;0;T;True;2
1621257942000;11554900;0.86103;0.86115;0.86109;0;T;True;2
1621257943000;11554901;0.86103;0.86115;0.86109;0;T;True;2
1621257944000;11554902;0.86103;0.86115;0.86109;0;T;True;2
1621257945000;11554903;0.86103;0.86115;0.86109;0;T;True;2
1621257946000;11554906;0.86105;0.86117;0.86111;2;T;True;2
1621257947000;11554908;0.86106;0.86118;0.86112;1;T;True;2
1621257948000;11554910;0.86107;0.86119;0.86113;1;T;True;2
1621257949000;11554912;0.86108;0.8612;0.86114;1;T;True;2
1621257950000;11554916;0.86108;0.8612;0.86114;3;T;True;2
1621257951000;11554917;0.86108;0.8612;0.86114;0;T;True;2
1621257952000;11554918;0.86108;0.8612;0.86114;0;T;True;2
1621257953000;11554924;0.86107;0.86119;0.86113;5;T;True;2
1621257954000;11554925;0.86107;0.86119;0.86113;0;T;True;2
1621257955000;11554927;0.86107;0.86119;0.86113;1;T;True;2
1621257956000;11554928;0.86107;0.86119;0.86113;0;T;True;2
1621257957000;11554931;0.86107;0.86119;0.86113;2;T;True;2
1621257958000;11554932;0.86107;0.86119;0.86113;0;T;True;2
1621257959000;11554933;0.86107;0.86119;0.86113;0;T;True;2
1621257960000;11554934;0.86107;0.86119;0.86113;0;T;True;2
1621257961000;11554942;0.861;0.86112;0.86106;7;T;True;2
1621257962000;11554944;0.86101;0.86113;0.86107;1;T;True;2
1621257963000;11554947;0.86101;0.86113;0.86107;2;T;True;2
1621257964000;11554948;0.86101;0.86113;0.86107;0;T;True;2
1621257965000;11554949;0.86101;0.86113;0.86107;0;T;True;2
1621257966000;11554953;0.86103;0.86115;0.86109;3;T;True;2
1621257967000;11554954;0.86103;0.86115;0.86109;0;T;True;2
1621257968000;11554955;0.86103;0.86115;0.86109;0;T;True;2
1621257969000;11554961;0.861;0.86112;0.86106;5;T;True;2
1621257970000;11554966;0.86097;0.86109;0.86103;4;T;True;2
1621257971000;11554971;0.86095;0.86107;0.86101;4;T;True;2
1621257972000;11554977;0.86093;0.86105;0.86099;5;T;True;2
1621257973000;11554979;0.86093;0.86105;0.86099;1;T;True;2
1621257974000;11554980;0.86093;0.86105;0.86099;0;T;True;2
1621257975000;11554983;0.86092;0.86104;0.86098;2;T;True;2
1621257976000;11554985;0.86091;0.86103;0.86097;1;T;True;2
1621257977000;11554988;0.86091;0.86103;0.86097;2;T;True;2
1621257978000;11554991;0.86089;0.86101;0.86095;2;T;True;2
1621257979000;11554994;0.86089;0.86101;0.86095;2;T;True;2
1621257980000;11554999;0.86088;0.861;0.86094;4;T;True;2
1621257981000;11555003;0.86087;0.86099;0.86093;3;T;True;2
1621257982000;11555007;0.86085;0.86097;0.86091;3;T;True;2
1621257983000;11555010;0.86085;0.86097;0.86091;2;T;True;2
1621257984000;11555014;0.86087;0.86099;0.86093;3;T;True;2
1621257985000;11555015;0.86087;0.86099;0.86093;0;T;True;2
1621257986000;11555020;0.86089;0.86101;0.86095;4;T;True;2
1621257987000;11555021;0.86089;0.86101;0.86095;0;T;True;2
1621257988000;11555023;0.8609;0.86102;0.86096;1;T;True;2
1621257989000;11555024;0.8609;0.86102;0.86096;0;T;True;2
1621257990000;11555029;0.86089;0.86101;0.86095;4;T;True;2
