ts;n;bid;ask;value;volume;phase;round;active_id
1621241862000;11523898;0.86118;0.8613;0.86124;0;T;True;2
1621241863000;11523901;0.86118;0.8613;0.86124;2;T;True;2
1621241864000;11523902;0.86118;0.8613;0.86124;0;T;True;2
1621241865000;11523904;0.86119;0.86131;0.86125;1;T;True;2
1621241866000;11523905;0.86119;0.86131;0.86125;0;T;True;2
1621241867000;11523906;0.86119;0.86131;0.86125;0;T;True;2
1621241868000;11523907;0.86119;0.86131;0.86125;0;T;True;2
1621241869000;11523908;0.86119;0.86131;0.86125;0;T;True;2
1621241870000;11523912;0.86119;0.86131;0.86125;3;T;True;2
1621241871000;11523913;0.86119;0.86131;0.86125;0;T;True;2
1621241872000;11523915;0.86119;0.86131;0.86125;1;T;True;2
1621241873000;11523917;0.86121;0.86133;0.86127;1;T;True;2
1621241874000;11523918;0.86121;0.86133;0.86127;0;T;True;2
1621241875000;11523919;0.86121;0.86133;0.86127;0;T;True;2
1621241876000;11523920;0.86121;0.86133;0.86127;0;T;True;2
1621241877000;11523921;0.86121;0.86133;0.86127;0;T;True;2
1621241878000;11523922;0.86121;0.86133;0.86127;0;T;True;2
1621241879000;11523923;0.86121;0.86133;0.86127;0;T;True;2
1621241880000;11523924;0.86121;0.86133;0.86127;0;T;True;2
1621241881000;11523925;0.86121;0.86133;0.86127;0;T;True;2
1621241882000;11523926;0.86121;0.86133;0.86127;0;T;True;2
1621241883000;11523927;0.86121;0.86133;0.86127;0;T;True;2
1621241884000;11523928;0.86121;0.86133;0.86127;0;T;True;2
1621241885000;11523931;0.86123;0.86135;0.86129;2;T;True;2
1621241886000;11523932;0.86123;0.86135;0.86129;0;T;True;2
1621241887000;11523933;0.86123;0.86135;0.86129;0;T;True;2
1621241888000;11523934;0.86123;0.86135;0.86129;0;T;True;2
1621241889000;11523935;0.86123;0.86135;0.86129;0;T;True;2
1621241890000;11523937;0.86125;0.86137;0.86131;1;T;True;2
1621241891000;11523938;0.86125;0.86137;0.86131;0;T;True;2
1621241892000;11523939;0.86125;0.86137;0.86131;0;T;True;2
1621241893000;11523940;0.86125;0.86137;0.86131;0;T;True;2
1621241894000;11523942;0.86123;0.86135;0.86129;1;T;True;2
1621241895000;11523951;0.86118;0.8613;0.86124;8;T;True;2
1621241896000;11523952;0.86118;0.8613;0.86124;0;T;True;2
1621241897000;11523953;0.86118;0.8613;0.86124;0;T;True;2
1621241898000;11523957;0.86119;0.86131;0.86125;3;T;True;2
1621241899000;11523958;0.86119;0.86131;0.86125;0;T;True;2
1621241900000;11523959;0.86119;0.86131;0.86125;0;T;True;2
1621241901000;11523960;0.86119;0.86131;0.86125;0;T;True;2
1621241902000;11523961;0.86119;0.86131;0.86125;0;T;True;2
1621241903000;11523962;0.86119;0.86131;0.86125;0;T;True;2
1621241904000;11523963;0.86119;0.86131;0.86125;0;T;True;2
1621241905000;11523964;0.86119;0.86131;0.86125;0;T;True;2
1621241906000;11523967;0.86117;0.86129;0.86123;2;T;True;2
1621241907000;11523968;0.86117;0.86129;0.86123;0;T;True;2
1621241908000;11523970;0.86116;0.86128;0.86122;1;T;True;2
1621241909000;11523973;0.86117;0.86129;0.86123;2;T;True;2
1621241910000;11523975;0.86116;0.86128;0.86122;1;T;True;2
1621241911000;11523976;0.86116;0.86128;0.86122;0;T;True;2
1621241912000;11523977;0.86116;0.86128;0.86122;0;T;True;2
1621241913000;11523978;0.86116;0.86128;0.86122;0;T;True;2
1621241914000;11523981;0.86118;0.8613;0.86124;2;T;True;2
1621241915000;11523984;0.86118;0.8613;0.86124;2;T;True;2
1621241916000;11523985;0.86118;0.8613;0.86124;0;T;True;2
1621241917000;11523986;0.86118;0.8613;0.86124;0;T;True;2
1621241918000;11523987;0.86118;0.8613;0.86124;0;T;True;2
1621241919000;11523988;0.86118;0.8613;0.86124;0;T;True;2
1621241920000;11523990;0.86118;0.8613;0.86124;1;T;True;2
1621241921000;11523991;0.86118;0.8613;0.86124;0;T;True;2
1621241922000;11523993;0.86118;0.8613;0.86124;1;T;True;2
1621241923000;11523994;0.86118;0.8613;0.86124;0;T;True;2
1621241924000;11523997;0.86117;0.86129;0.86123;2;T;True;2
1621241925000;11524000;0.86114;0.86126;0.8612;2;T;True;2
1621241926000;11524002;0.86113;0.86125;0.86119;1;T;True;2
1621241927000;11524003;0.86113;0.86125;0.86119;0;T;True;2
1621241928000;11524004;0.86113;0.86125;0.86119;0;T;True;2
1621241929000;11524008;0.86109;0.86121;0.86115;3;T;True;2
1621241930000;11524014;0.86105;0.86117;0.86111;5;T;True;2
1621241931000;11524016;0.86107;0.86119;0.86113;1;T;True;2
1621241932000;11524017;0.86107;0.86119;0.86113;0;T;True;2
1621241933000;11524018;0.86107;0.86119;0.86113;0;T;True;2
1621241934000;11524019;0.86107;0.86119;0.86113;0;T;True;2
1621241935000;11524020;0.86107;0.86119;0.86113;0;T;True;2
1621241936000;11524021;0.86107;0.86119;0.86113;0;T;True;2
1621241937000;11524023;0.86106;0.86118;0.86112;1;T;True;2
1621241938000;11524025;0.86105;0.86117;0.86111;1;T;True;2
1621241939000;11524026;0.86105;0.86117;0.86111;0;T;True;2
1621241940000;11524030;0.86107;0.86119;0.86113;3;T;True;2
1621241941000;11524031;0.86107;0.86119;0.86113;0;T;True;2
1621241942000;11524032;0.86107;0.86119;0.86113;0;T;True;2
1621241943000;11524037;0.86113;0.86125;0.86119;4;T;True;2
1621241944000;11524041;0.86115;0.86127;0.86121;3;T;True;2
1621241945000;11524042;0.86115;0.86127;0.86121;0;T;True;2
1621241946000;11524045;0.86115;0.86127;0.86121;2;T;True;2
1621241947000;11524046;0.86115;0.86127;0.86121;0;T;True;2
1621241948000;11524048;0.86113;0.86125;0.86119;1;T;True;2
1621241949000;11524051;0.86116;0.86128;0.86122;2;T;True;2
1621241950000;11524052;0.86116;0.86128;0.86122;0;T;True;2
1621241951000;11524053;0.86116;0.86128;0.86122;0;T;True;2
1621241952000;11524059;0.86115;0.86127;0.86121;5;T;True;2
1621241953000;11524062;0.86115;0.86127;0.86121;2;T;True;2
1621241954000;11524063;0.86115;0.86127;0.86121;0;T;True;2
1621241955000;11524065;0.86116;0.86128;0.86122;1;T;True;2
1621241956000;11524070;0.86116;0.86128;0.86122;4;T;True;2
1621241957000;11524073;0.86116;0.86128;0.86122;2;T;True;2
1621241958000;11524074;0.86116;0.86128;0.86122;0;T;True;2
1621241959000;11524075;0.86116;0.86128;0.86122;0;T;True;2
1621241960000;11524076;0.86116;0.86128;0.86122;0;T;True;2
1621241961000;11524077;0.86116;0.86128;0.86122;0;T;True;2
1621241962000;11524078;0.86116;0.86128;0.86122;0;T;True;2
1621241963000;11524079;0.86116;0.86128;0.86122;0;T;True;2
1621241964000;11524080;0.86116;0.86128;0.86122;0;T;True;2
1621241965000;11524081;0.86116;0.86128;0.86122;0;T;True;2
1621241966000;11524082;0.86116;0.86128;0.86122;0;T;True;2
1621241967000;11524083;0.86116;0.86128;0.86122;0;T;True;2
1621241968000;11524084;0.86116;0.86128;0.86122;0;T;True;2
1621241969000;11524085;0.86116;0.86128;0.86122;0;T;True;2
1621241970000;11524086;0.86116;0.86128;0.86122;0;T;True;2
1621241971000;11524090;0.86113;0.86125;0.86119;3;T;True;2
1621241972000;11524094;0.86114;0.86126;0.8612;3;T;True;2
1621241973000;11524095;0.86114;0.86126;0.8612;0;T;True;2
1621241974000;11524096;0.86114;0.86126;0.8612;0;T;True;2
1621241975000;11524097;0.86114;0.86126;0.8612;0;T;True;2
1621241976000;11524099;0.86115;0.86127;0.86121;1;T;True;2
1621241977000;11524100;0.86115;0.86127;0.86121;0;T;True;2
1621241978000;11524101;0.86115;0.86127;0.86121;0;T;True;2
1621241979000;11524102;0.86115;0.86127;0.86121;0;T;True;2
1621241980000;11524103;0.86115;0.86127;0.86121;0;T;True;2
1621241981000;11524105;0.86116;0.86128;0.86122;1;T;True;2
1621241982000;11524106;0.86116;0.86128;0.86122;0;T;True;2
1621241983000;11524107;0.86116;0.86128;0.86122;0;T;True;2
1621241984000;11524109;0.86115;0.86127;0.86121;1;T;True;2
1621241985000;11524113;0.86113;0.86125;0.86119;3;T;True;2
1621241986000;11524115;0.86111;0.86123;0.86117;1;T;True;2
1621241987000;11524116;0.86111;0.86123;0.86117;0;T;True;2
1621241988000;11524117;0.86111;0.86123;0.86117;0;T;True;2
1621241989000;11524119;0.8611;0.86122;0.86116;1;T;True;2
1621241990000;11524120;0.8611;0.86122;0.86116;0;T;True;2
1621241991000;11524121;0.8611;0.86122;0.86116;0;T;True;2
1621241992000;11524123;0.86109;0.86121;0.86115;1;T;True;2
1621241993000;11524127;0.86109;0.86121;0.86115;3;T;True;2
1621241994000;11524130;0.86109;0.86121;0.86115;2;T;True;2
1621241995000;11524132;0.86109;0.86121;0.86115;1;T;True;2
1621241996000;11524136;0.8611;0.86122;0.86116;3;T;True;2
1621241997000;11524138;0.86109;0.86121;0.86115;1;T;True;2
1621241998000;11524140;0.86109;0.86121;0.86115;1;T;True;2
1621241999000;11524143;0.86109;0.86121;0.86115;2;T;True;2
1621242000000;11524145;0.86109;0.86121;0.86115;1;T;True;2
1621242001000;11524149;0.86109;0.86121;0.86115;3;T;True;2
1621242002000;11524150;0.86109;0.86121;0.86115;0;T;True;2
1621242003000;11524153;0.86107;0.86119;0.86113;2;T;True;2
1621242004000;11524155;0.86107;0.86119;0.86113;1;T;True;2
1621242005000;11524158;0.86107;0.86119;0.86113;2;T;True;2
1621242006000;11524160;0.86107;0.86119;0.86113;1;T;True;2
1621242007000;11524162;0.86105;0.86117;0.86111;1;T;True;2
1621242008000;11524163;0.86105;0.86117;0.86111;0;T;True;2
1621242009000;11524165;0.86105;0.86117;0.86111;1;T;True;2
1621242010000;11524166;0.86105;0.86117;0.86111;0;T;True;2
1621242011000;11524168;0.86104;0.86116;0.8611;1;T;True;2
1621242012000;11524169;0.86104;0.86116;0.8611;0;T;True;2
1621242013000;11524170;0.86104;0.86116;0.8611;0;T;True;2
1621242014000;11524171;0.86104;0.86116;0.8611;0;T;True;2
1621242015000;11524172;0.86104;0.86116;0.8611;0;T;True;2
1621242016000;11524173;0.86104;0.86116;0.8611;0;T;True;2
1621242017000;11524174;0.86104;0.86116;0.8611;0;T;True;2
1621242018000;11524175;0.86104;0.86116;0.8611;0;T;True;2
1621242019000;11524176;0.86104;0.86116;0.8611;0;T;True;2
1621242020000;11524177;0.86104;0.86116;0.8611;0;T;True;2
1621242021000;11524178;0.86104;0.86116;0.8611;0;T;True;2
1621242022000;11524179;0.86104;0.86116;0.8611;0;T;True;2
1621242023000;11524183;0.86101;0.86113;0.86107;3;T;True;2
1621242024000;11524186;0.861;0.86112;0.86106;2;T;True;2
1621242025000;11524188;0.86101;0.86113;0.86107;1;T;True;2
1621242026000;11524190;0.861;0.86112;0.86106;1;T;True;2
1621242027000;11524191;0.861;0.86112;0.86106;0;T;True;2
1621242028000;11524193;0.86099;0.86111;0.86105;1;T;True;2
1621242029000;11524194;0.86099;0.86111;0.86105;0;T;True;2
1621242030000;11524195;0.86099;0.86111;0.86105;0;T;True;2
1621242031000;11524197;0.86099;0.86111;0.86105;1;T;True;2
1621242032000;11524201;0.86098;0.8611;0.86104;3;T;True;2
1621242033000;11524205;0.86099;0.86111;0.86105;3;T;True;2
1621242034000;11524206;0.86099;0.86111;0.86105;0;T;True;2
1621242035000;11524209;0.86099;0.86111;0.86105;2;T;True;2
1621242036000;11524211;0.86099;0.86111;0.86105;1;T;True;2
1621242037000;11524214;0.86099;0.86111;0.86105;2;T;True;2
1621242038000;11524215;0.86099;0.86111;0.86105;0;T;True;2
1621242039000;11524218;0.86099;0.86111;0.86105;2;T;True;2
1621242040000;11524219;0.86099;0.86111;0.86105;0;T;True;2
1621242041000;11524220;0.86099;0.86111;0.86105;0;T;True;2
1621242042000;11524222;0.86099;0.86111;0.86105;1;T;True;2
1621242043000;11524223;0.86099;0.86111;0.86105;0;T;True;2
1621242044000;11524224;0.86099;0.86111;0.86105;0;T;True;2
1621242045000;11524226;0.86101;0.86113;0.86107;1;T;True;2
1621242046000;11524227;0.86101;0.86113;0.86107;0;T;True;2
1621242047000;11524228;0.86101;0.86113;0.86107;0;T;True;2
1621242048000;11524229;0.86101;0.86113;0.86107;0;T;True;2
1621242049000;11524230;0.86101;0.86113;0.86107;0;T;True;2
1621242050000;11524233;0.86101;0.86113;0.86107;2;T;True;2
1621242051000;11524234;0.86101;0.86113;0.86107;0;T;True;2
1621242052000;11524235;0.86101;0.86113;0.86107;0;T;True;2
1621242053000;11524236;0.86101;0.86113;0.86107;0;T;True;2
1621242054000;11524237;0.86101;0.86113;0.86107;0;T;True;2
1621242055000;11524239;0.86102;0.86114;0.86108;1;T;True;2
1621242056000;11524240;0.86102;0.86114;0.86108;0;T;True;2
1621242057000;11524241;0.86102;0.86114;0.86108;0;T;True;2
1621242058000;11524242;0.86102;0.86114;0.86108;0;T;True;2
1621242059000;11524243;0.86102;0.86114;0.86108;0;T;True;2
1621242060000;11524244;0.86102;0.86114;0.86108;0;T;True;2
1621242061000;11524245;0.86102;0.86114;0.86108;0;T;True;2
1621242062000;11524247;0.86102;0.86114;0.86108;1;T;True;2
1621242063000;11524248;0.86102;0.86114;0.86108;0;T;True;2
1621242064000;11524249;0.86102;0.86114;0.86108;0;T;True;2
1621242065000;11524250;0.86102;0.86114;0.86108;0;T;True;2
1621242066000;11524251;0.86102;0.86114;0.86108;0;T;True;2
1621242067000;11524252;0.86102;0.86114;0.86108;0;T;True;2
1621242068000;11524253;0.86102;0.86114;0.86108;0;T;True;2
1621242069000;11524254;0.86102;0.86114;0.86108;0;T;True;2
1621242070000;11524256;0.86103;0.86115;0.86109;1;T;True;2
1621242071000;11524257;0.86103;0.86115;0.86109;0;T;True;2
1621242072000;11524258;0.86103;0.86115;0.86109;0;T;True;2
1621242073000;11524259;0.86103;0.86115;0.86109;0;T;True;2
1621242074000;11524262;0.86102;0.86114;0.86108;2;T;True;2
1621242075000;11524264;0.86103;0.86115;0.86109;1;T;True;2
1621242076000;11524265;0.86103;0.86115;0.86109;0;T;True;2
1621242077000;11524266;0.86103;0.86115;0.86109;0;T;True;2
1621242078000;11524267;0.86103;0.86115;0.86109;0;T;True;2
1621242079000;11524268;0.86103;0.86115;0.86109;0;T;True;2
1621242080000;11524269;0.86103;0.86115;0.86109;0;T;True;2
1621242081000;11524271;0.86102;0.86114;0.86108;1;T;True;2
1621242082000;11524272;0.86102;0.86114;0.86108;0;T;True;2
1621242083000;11524273;0.86102;0.86114;0.86108;0;T;True;2
1621242084000;11524274;0.86102;0.86114;0.86108;0;T;True;2
1621242085000;11524276;0.86103;0.86115;0.86109;1;T;True;2
1621242086000;11524277;0.86103;0.86115;0.86109;0;T;True;2
1621242087000;11524278;0.86103;0.86115;0.86109;0;T;True;2
1621242088000;11524279;0.86103;0.86115;0.86109;0;T;True;2
1621242089000;11524280;0.86103;0.86115;0.86109;0;T;True;2
1621242090000;11524281;0.86103;0.86115;0.86109;0;T;True;2
1621242091000;11524282;0.86103;0.86115;0.86109;0;T;True;2
1621242092000;11524283;0.86103;0.86115;0.86109;0;T;True;2
1621242093000;11524284;0.86103;0.86115;0.86109;0;T;True;2
1621242094000;11524285;0.86103;0.86115;0.86109;0;T;True;2
1621242095000;11524286;0.86103;0.86115;0.86109;0;T;True;2
1621242096000;11524290;0.86103;0.86115;0.86109;3;T;True;2
1621242097000;11524291;0.86103;0.86115;0.86109;0;T;True;2
1621242098000;11524293;0.86103;0.86115;0.86109;1;T;True;2
1621242099000;11524295;0.86102;0.86114;0.86108;1;T;True;2
1621242100000;11524297;0.86102;0.86114;0.86108;1;T;True;2
1621242101000;11524298;0.86102;0.86114;0.86108;0;T;True;2
1621242102000;11524299;0.86102;0.86114;0.86108;0;T;True;2
1621242103000;11524302;0.86103;0.86115;0.86109;2;T;True;2
1621242104000;11524304;0.86102;0.86114;0.86108;1;T;True;2
1621242105000;11524310;0.86096;0.86108;0.86102;5;T;True;2
1621242106000;11524311;0.86096;0.86108;0.86102;0;T;True;2
1621242107000;11524312;0.86096;0.86108;0.86102;0;T;True;2
1621242108000;11524315;0.86095;0.86107;0.86101;2;T;True;2
1621242109000;11524316;0.86095;0.86107;0.86101;0;T;True;2
1621242110000;11524319;0.86097;0.86109;0.86103;2;T;True;2
1621242111000;11524320;0.86097;0.86109;0.86103;0;T;True;2
1621242112000;11524323;0.86097;0.86109;0.86103;2;T;True;2
1621242113000;11524324;0.86097;0.86109;0.86103;0;T;True;2
1621242114000;11524328;0.86097;0.86109;0.86103;3;T;True;2
1621242115000;11524329;0.86097;0.86109;0.86103;0;T;True;2
1621242116000;11524333;0.86097;0.86109;0.86103;3;T;True;2
1621242117000;11524334;0.86097;0.86109;0.86103;0;T;True;2
1621242118000;11524335;0.86097;0.86109;0.86103;0;T;True;2
1621242119000;11524336;0.86097;0.86109;0.86103;0;T;True;2
1621242120000;11524337;0.86097;0.86109;0.86103;0;T;True;2
1621242121000;11524338;0.86097;0.86109;0.86103;0;T;True;2
1621242122000;11524339;0.86097;0.86109;0.86103;0;T;True;2
1621242123000;11524340;0.86097;0.86109;0.86103;0;T;True;2
1621242124000;11524344;0.86097;0.86109;0.86103;3;T;True;2
1621242125000;11524345;0.86097;0.86109;0.86103;0;T;True;2
1621242126000;11524346;0.86097;0.86109;0.86103;0;T;True;2
1621242127000;11524347;0.86097;0.86109;0.86103;0;T;True;2
1621242128000;11524348;0.86097;0.86109;0.86103;0;T;True;2
1621242129000;11524349;0.86097;0.86109;0.86103;0;T;True;2
1621242130000;11524350;0.86097;0.86109;0.86103;0;T;True;2
1621242131000;11524351;0.86097;0.86109;0.86103;0;T;True;2
1621242132000;11524354;0.86097;0.86109;0.86103;2;T;True;2
1621242133000;11524355;0.86097;0.86109;0.86103;0;T;True;2
1621242134000;11524357;0.86097;0.86109;0.86103;1;T;True;2
1621242135000;11524360;0.86098;0.8611;0.86104;2;T;True;2
1621242136000;11524361;0.86098;0.8611;0.86104;0;T;True;2
1621242137000;11524362;0.86098;0.8611;0.86104;0;T;True;2
1621242138000;11524367;0.86099;0.86111;0.86105;4;T;True;2
1621242139000;11524369;0.86099;0.86111;0.86105;1;T;True;2
1621242140000;11524370;0.86099;0.86111;0.86105;0;T;True;2
1621242141000;11524371;0.86099;0.86111;0.86105;0;T;True;2
1621242142000;11524377;0.86102;0.86114;0.86108;5;T;True;2
1621242143000;11524379;0.86102;0.86114;0.86108;1;T;True;2
1621242144000;11524381;0.86102;0.86114;0.86108;1;T;True;2
1621242145000;11524383;0.86103;0.86115;0.86109;1;T;True;2
1621242146000;11524384;0.86103;0.86115;0.86109;0;T;True;2
1621242147000;11524385;0.86103;0.86115;0.86109;0;T;True;2
1621242148000;11524386;0.86103;0.86115;0.86109;0;T;True;2
1621242149000;11524388;0.86103;0.86115;0.86109;1;T;True;2
1621242150000;11524396;0.86109;0.86121;0.86115;7;T;True;2
1621242151000;11524399;0.86109;0.86121;0.86115;2;T;True;2
1621242152000;11524401;0.86109;0.86121;0.86115;1;T;True;2
1621242153000;11524402;0.86109;0.86121;0.86115;0;T;True;2
1621242154000;11524404;0.86109;0.86121;0.86115;1;T;True;2
1621242155000;11524407;0.86109;0.86121;0.86115;2;T;True;2
1621242156000;11524408;0.86109;0.86121;0.86115;0;T;True;2
1621242157000;11524412;0.86109;0.86121;0.86115;3;T;True;2
1621242158000;11524414;0.8611;0.86122;0.86116;1;T;True;2
1621242159000;11524415;0.8611;0.86122;0.86116;0;T;True;2
1621242160000;11524416;0.8611;0.86122;0.86116;0;T;True;2
1621242161000;11524417;0.8611;0.86122;0.86116;0;T;True;2
1621242162000;11524418;0.8611;0.86122;0.86116;0;T;True;2
1621242163000;11524421;0.86109;0.86121;0.86115;2;T;True;2
1621242164000;11524422;0.86109;0.86121;0.86115;0;T;True;2
1621242165000;11524424;0.86109;0.86121;0.86115;1;T;True;2
1621242166000;11524425;0.86109;0.86121;0.86115;0;T;True;2
1621242167000;11524427;0.86109;0.86121;0.86115;1;T;True;2
1621242168000;11524428;0.86109;0.86121;0.86115;0;T;True;2
1621242169000;11524429;0.86109;0.86121;0.86115;0;T;True;2
1621242170000;11524430;0.86109;0.86121;0.86115;0;T;True;2
1621242171000;11524432;0.86109;0.86121;0.86115;1;T;True;2
1621242172000;11524434;0.86109;0.86121;0.86115;1;T;True;2
1621242173000;11524435;0.86109;0.86121;0.86115;0;T;True;2
1621242174000;11524436;0.86109;0.86121;0.86115;0;T;True;2
1621242175000;11524439;0.86109;0.86121;0.86115;2;T;True;2
1621242176000;11524440;0.86109;0.86121;0.86115;0;T;True;2
1621242177000;11524444;0.86109;0.86121;0.86115;3;T;True;2
1621242178000;11524446;0.86109;0.86121;0.86115;1;T;True;2
1621242179000;11524448;0.86109;0.86121;0.86115;1;T;True;2
1621242180000;11524450;0.86109;0.86121;0.86115;1;T;True;2
1621242181000;11524453;0.86109;0.86121;0.86115;2;T;True;2
1621242182000;11524456;0.86109;0.86121;0.86115;2;T;True;2
1621242183000;11524457;0.86109;0.86121;0.86115;0;T;True;2
1621242184000;11524458;0.86109;0.86121;0.86115;0;T;True;2
1621242185000;11524459;0.86109;0.86121;0.86115;0;T;True;2
1621242186000;11524460;0.86109;0.86121;0.86115;0;T;True;2
1621242187000;11524463;0.86109;0.86121;0.86115;2;T;True;2
1621242188000;11524464;0.86109;0.86121;0.86115;0;T;True;2
1621242189000;11524465;0.86109;0.86121;0.86115;0;T;True;2
1621242190000;11524466;0.86109;0.86121;0.86115;0;T;True;2
1621242191000;11524467;0.86109;0.86121;0.86115;0;T;True;2
1621242192000;11524470;0.86107;0.86119;0.86113;2;T;True;2
1621242193000;11524471;0.86107;0.86119;0.86113;0;T;True;2
1621242194000;11524472;0.86107;0.86119;0.86113;0;T;True;2
1621242195000;11524473;0.86107;0.86119;0.86113;0;T;True;2
1621242196000;11524474;0.86107;0.86119;0.86113;0;T;True;2
1621242197000;11524475;0.86107;0.86119;0.86113;0;T;True;2
1621242198000;11524476;0.86107;0.86119;0.86113;0;T;True;2
1621242199000;11524477;0.86107;0.86119;0.86113;0;T;True;2
1621242200000;11524479;0.86107;0.86119;0.86113;1;T;True;2
1621242201000;11524480;0.86107;0.86119;0.86113;0;T;True;2
1621242202000;11524481;0.86107;0.86119;0.86113;0;T;True;2
1621242203000;11524482;0.86107;0.86119;0.86113;0;T;True;2
1621242204000;11524483;0.86107;0.86119;0.86113;0;T;True;2
1621242205000;11524485;0.86107;0.86119;0.86113;1;T;True;2
1621242206000;11524488;0.86107;0.86119;0.86113;2;T;True;2
1621242207000;11524490;0.86107;0.86119;0.86113;1;T;True;2
1621242208000;11524493;0.86105;0.86117;0.86111;2;T;True;2
1621242209000;11524496;0.86103;0.86115;0.86109;2;T;True;2
1621242210000;11524500;0.86105;0.86117;0.86111;3;T;True;2
1621242211000;11524501;0.86105;0.86117;0.86111;0;T;True;2
1621242212000;11524502;0.86105;0.86117;0.86111;0;T;True;2
1621242213000;11524503;0.86105;0.86117;0.86111;0;T;True;2
1621242214000;11524504;0.86105;0.86117;0.86111;0;T;True;2
1621242215000;11524505;0.86105;0.86117;0.86111;0;T;True;2
1621242216000;11524508;0.86105;0.86117;0.86111;2;T;True;2
1621242217000;11524510;0.86106;0.86118;0.86112;1;T;True;2
1621242218000;11524512;0.86107;0.86119;0.86113;1;T;True;2
1621242219000;11524513;0.86107;0.86119;0.86113;0;T;True;2
1621242220000;11524514;0.86107;0.86119;0.86113;0;T;True;2
1621242221000;11524515;0.86107;0.86119;0.86113;0;T;True;2
1621242222000;11524516;0.86107;0.86119;0.86113;0;T;True;2
1621242223000;11524517;0.86107;0.86119;0.86113;0;T;True;2
1621242224000;11524518;0.86107;0.86119;0.86113;0;T;True;2
1621242225000;11524521;0.86109;0.86121;0.86115;2;T;True;2
1621242226000;11524523;0.86108;0.8612;0.86114;1;T;True;2
1621242227000;11524524;0.86108;0.8612;0.86114;0;T;True;2
1621242228000;11524527;0.86108;0.8612;0.86114;2;T;True;2
1621242229000;11524530;0.86106;0.86118;0.86112;2;T;True;2
1621242230000;11524532;0.86105;0.86117;0.86111;1;T;True;2
1621242231000;11524534;0.86107;0.86119;0.86113;1;T;True;2
1621242232000;11524536;0.86105;0.86117;0.86111;1;T;True;2
1621242233000;11524537;0.86105;0.86117;0.86111;0;T;True;2
1621242234000;11524538;0.86105;0.86117;0.86111;0;T;True;2
1621242235000;11524539;0.86105;0.86117;0.86111;0;T;True;2
1621242236000;11524544;0.86106;0.86118;0.86112;4;T;True;2
1621242237000;11524545;0.86106;0.86118;0.86112;0;T;True;2
1621242238000;11524549;0.86105;0.86117;0.86111;3;T;True;2
1621242239000;11524550;0.86105;0.86117;0.86111;0;T;True;2
1621242240000;11524552;0.86105;0.86117;0.86111;1;T;True;2
1621242241000;11524556;0.86105;0.86117;0.86111;3;T;True;2
1621242242000;11524557;0.86105;0.86117;0.86111;0;T;True;2
1621242243000;11524558;0.86105;0.86117;0.86111;0;T;True;2
1621242244000;11524564;0.86111;0.86123;0.86117;5;T;True;2
1621242245000;11524565;0.86111;0.86123;0.86117;0;T;True;2
1621242246000;11524567;0.86109;0.86121;0.86115;1;T;True;2
1621242247000;11524568;0.86109;0.86121;0.86115;0;T;True;2
1621242248000;11524569;0.86109;0.86121;0.86115;0;T;True;2
1621242249000;11524571;0.8611;0.86122;0.86116;1;T;True;2
1621242250000;11524572;0.8611;0.86122;0.86116;0;T;True;2
1621242251000;11524573;0.8611;0.86122;0.86116;0;T;True;2
1621242252000;11524574;0.8611;0.86122;0.86116;0;T;True;2
1621242253000;11524575;0.8611;0.86122;0.86116;0;T;True;2
1621242254000;11524576;0.8611;0.86122;0.86116;0;T;True;2
1621242255000;11524577;0.8611;0.86122;0.86116;0;T;True;2
1621242256000;11524578;0.8611;0.86122;0.86116;0;T;True;2
1621242257000;11524579;0.8611;0.86122;0.86116;0;T;True;2
1621242258000;11524580;0.8611;0.86122;0.86116;0;T;True;2
1621242259000;11524581;0.8611;0.86122;0.86116;0;T;True;2
1621242260000;11524582;0.8611;0.86122;0.86116;0;T;True;2
1621242261000;11524584;0.86111;0.86123;0.86117;1;T;True;2
1621242262000;11524585;0.86111;0.86123;0.86117;0;T;True;2
1621242263000;11524586;0.86111;0.86123;0.86117;0;T;True;2
1621242264000;11524588;0.86109;0.86121;0.86115;1;T;True;2
1621242265000;11524589;0.86109;0.86121;0.86115;0;T;True;2
1621242266000;11524590;0.86109;0.86121;0.86115;0;T;True;2
1621242267000;11524591;0.86109;0.86121;0.86115;0;T;True;2
1621242268000;11524595;0.86112;0.86124;0.86118;3;T;True;2
1621242269000;11524597;0.86111;0.86123;0.86117;1;T;True;2
1621242270000;11524598;0.86111;0.86123;0.86117;0;T;True;2
1621242271000;11524599;0.86111;0.86123;0.86117;0;T;True;2
1621242272000;11524600;0.86111;0.86123;0.86117;0;T;True;2
1621242273000;11524601;0.86111;0.86123;0.86117;0;T;True;2
1621242274000;11524602;0.86111;0.86123;0.86117;0;T;True;2
1621242275000;11524603;0.86111;0.86123;0.86117;0;T;True;2
1621242276000;11524604;0.86111;0.86123;0.86117;0;T;True;2
1621242277000;11524605;0.86111;0.86123;0.86117;0;T;True;2
1621242278000;11524606;0.86111;0.86123;0.86117;0;T;True;2
1621242279000;11524607;0.86111;0.86123;0.86117;0;T;True;2
1621242280000;11524608;0.86111;0.86123;0.86117;0;T;True;2
1621242281000;11524609;0.86111;0.86123;0.86117;0;T;True;2
1621242282000;11524610;0.86111;0.86123;0.86117;0;T;True;2
1621242283000;11524611;0.86111;0.86123;0.86117;0;T;True;2
1621242284000;11524612;0.86111;0.86123;0.86117;0;T;True;2
1621242285000;11524613;0.86111;0.86123;0.86117;0;T;True;2
1621242286000;11524614;0.86111;0.86123;0.86117;0;T;True;2
1621242287000;11524615;0.86111;0.86123;0.86117;0;T;True;2
1621242288000;11524616;0.86111;0.86123;0.86117;0;T;True;2
1621242289000;11524617;0.86111;0.86123;0.86117;0;T;True;2
1621242290000;11524618;0.86111;0.86123;0.86117;0;T;True;2
1621242291000;11524620;0.86112;0.86124;0.86118;1;T;True;2
1621242292000;11524621;0.86112;0.86124;0.86118;0;T;True;2
1621242293000;11524622;0.86112;0.86124;0.86118;0;T;True;2
1621242294000;11524623;0.86112;0.86124;0.86118;0;T;True;2
1621242295000;11524624;0.86112;0.86124;0.86118;0;T;True;2
1621242296000;11524625;0.86112;0.86124;0.86118;0;T;True;2
1621242297000;11524626;0.86112;0.86124;0.86118;0;T;True;2
1621242298000;11524627;0.86112;0.86124;0.86118;0;T;True;2
1621242299000;11524628;0.86112;0.86124;0.86118;0;T;True;2
1621242300000;11524629;0.86112;0.86124;0.86118;0;T;True;2
1621242301000;11524632;0.86113;0.86125;0.86119;2;T;True;2
1621242302000;11524635;0.86114;0.86126;0.8612;2;T;True;2
1621242303000;11524637;0.86115;0.86127;0.86121;1;T;True;2
1621242304000;11524643;0.86119;0.86131;0.86125;5;T;True;2
1621242305000;11524644;0.86119;0.86131;0.86125;0;T;True;2
1621242306000;11524645;0.86119;0.86131;0.86125;0;T;True;2
1621242307000;11524646;0.86119;0.86131;0.86125;0;T;True;2
1621242308000;11524647;0.86119;0.86131;0.86125;0;T;True;2
1621242309000;11524648;0.86119;0.86131;0.86125;0;T;True;2
1621242310000;11524649;0.86119;0.86131;0.86125;0;T;True;2
1621242311000;11524651;0.86119;0.86131;0.86125;1;T;True;2
1621242312000;11524652;0.86119;0.86131;0.86125;0;T;True;2
1621242313000;11524653;0.86119;0.86131;0.86125;0;T;True;2
1621242314000;11524655;0.86119;0.86131;0.86125;1;T;True;2
1621242315000;11524656;0.86119;0.86131;0.86125;0;T;True;2
1621242316000;11524657;0.86119;0.86131;0.86125;0;T;True;2
1621242317000;11524658;0.86119;0.86131;0.86125;0;T;True;2
1621242318000;11524659;0.86119;0.86131;0.86125;0;T;True;2
1621242319000;11524661;0.86119;0.86131;0.86125;1;T;True;2
1621242320000;11524664;0.86119;0.86131;0.86125;2;T;True;2
1621242321000;11524665;0.86119;0.86131;0.86125;0;T;True;2
1621242322000;11524668;0.86119;0.86131;0.86125;2;T;True;2
1621242323000;11524670;0.86119;0.86131;0.86125;1;T;True;2
1621242324000;11524671;0.86119;0.86131;0.86125;0;T;True;2
1621242325000;11524672;0.86119;0.86131;0.86125;0;T;True;2
1621242326000;11524673;0.86119;0.86131;0.86125;0;T;True;2
1621242327000;11524675;0.8612;0.86132;0.86126;1;T;True;2
1621242328000;11524676;0.8612;0.86132;0.86126;0;T;True;2
1621242329000;11524677;0.8612;0.86132;0.86126;0;T;True;2
1621242330000;11524678;0.8612;0.86132;0.86126;0;T;True;2
1621242331000;11524679;0.8612;0.86132;0.86126;0;T;True;2
1621242332000;11524681;0.86121;0.86133;0.86127;1;T;True;2
1621242333000;11524685;0.86125;0.86137;0.86131;3;T;True;2
1621242334000;11524686;0.86125;0.86137;0.86131;0;T;True;2
1621242335000;11524687;0.86125;0.86137;0.86131;0;T;True;2
1621242336000;11524688;0.86125;0.86137;0.86131;0;T;True;2
1621242337000;11524691;0.86123;0.86135;0.86129;2;T;True;2
1621242338000;11524692;0.86123;0.86135;0.86129;0;T;True;2
1621242339000;11524693;0.86123;0.86135;0.86129;0;T;True;2
1621242340000;11524694;0.86123;0.86135;0.86129;0;T;True;2
1621242341000;11524700;0.86117;0.86129;0.86123;5;T;True;2
1621242342000;11524701;0.86117;0.86129;0.86123;0;T;True;2
1621242343000;11524702;0.86117;0.86129;0.86123;0;T;True;2
1621242344000;11524703;0.86117;0.86129;0.86123;0;T;True;2
1621242345000;11524704;0.86117;0.86129;0.86123;0;T;True;2
1621242346000;11524705;0.86117;0.86129;0.86123;0;T;True;2
1621242347000;11524706;0.86117;0.86129;0.86123;0;T;True;2
1621242348000;11524707;0.86117;0.86129;0.86123;0;T;True;2
1621242349000;11524708;0.86117;0.86129;0.86123;0;T;True;2
1621242350000;11524709;0.86117;0.86129;0.86123;0;T;True;2
1621242351000;11524710;0.86117;0.86129;0.86123;0;T;True;2
1621242352000;11524711;0.86117;0.86129;0.86123;0;T;True;2
1621242353000;11524712;0.86117;0.86129;0.86123;0;T;True;2
1621242354000;11524713;0.86117;0.86129;0.86123;0;T;True;2
1621242355000;11524714;0.86117;0.86129;0.86123;0;T;True;2
1621242356000;11524715;0.86117;0.86129;0.86123;0;T;True;2
1621242357000;11524716;0.86117;0.86129;0.86123;0;T;True;2
1621242358000;11524717;0.86117;0.86129;0.86123;0;T;True;2
1621242359000;11524718;0.86117;0.86129;0.86123;0;T;True;2
1621242360000;11524719;0.86117;0.86129;0.86123;0;T;True;2
1621242361000;11524721;0.86118;0.8613;0.86124;1;T;True;2
1621242362000;11524723;0.86117;0.86129;0.86123;1;T;True;2
1621242363000;11524724;0.86117;0.86129;0.86123;0;T;True;2
1621242364000;11524725;0.86117;0.86129;0.86123;0;T;True;2
1621242365000;11524726;0.86117;0.86129;0.86123;0;T;True;2
1621242366000;11524727;0.86117;0.86129;0.86123;0;T;True;2
1621242367000;11524728;0.86117;0.86129;0.86123;0;T;True;2
1621242368000;11524729;0.86117;0.86129;0.86123;0;T;True;2
1621242369000;11524730;0.86117;0.86129;0.86123;0;T;True;2
1621242370000;11524733;0.86117;0.86129;0.86123;2;T;True;2
1621242371000;11524734;0.86117;0.86129;0.86123;0;T;True;2
1621242372000;11524735;0.86117;0.86129;0.86123;0;T;True;2
1621242373000;11524736;0.86117;0.86129;0.86123;0;T;True;2
1621242374000;11524737;0.86117;0.86129;0.86123;0;T;True;2
1621242375000;11524738;0.86117;0.86129;0.86123;0;T;True;2
1621242376000;11524739;0.86117;0.86129;0.86123;0;T;True;2
1621242377000;11524741;0.86117;0.86129;0.86123;1;T;True;2
1621242378000;11524742;0.86117;0.86129;0.86123;0;T;True;2
1621242379000;11524743;0.86117;0.86129;0.86123;0;T;True;2
1621242380000;11524745;0.86118;0.8613;0.86124;1;T;True;2
1621242381000;11524746;0.86118;0.8613;0.86124;0;T;True;2
1621242382000;11524747;0.86118;0.8613;0.86124;0;T;True;2
1621242383000;11524748;0.86118;0.8613;0.86124;0;T;True;2
1621242384000;11524751;0.86116;0.86128;0.86122;2;T;True;2
1621242385000;11524753;0.86115;0.86127;0.86121;1;T;True;2
1621242386000;11524755;0.86115;0.86127;0.86121;1;T;True;2
1621242387000;11524756;0.86115;0.86127;0.86121;0;T;True;2
1621242388000;11524757;0.86115;0.86127;0.86121;0;T;True;2
1621242389000;11524758;0.86115;0.86127;0.86121;0;T;True;2
1621242390000;11524760;0.86115;0.86127;0.86121;1;T;True;2
1621242391000;11524762;0.86115;0.86127;0.86121;1;T;True;2
1621242392000;11524764;0.86115;0.86127;0.86121;1;T;True;2
1621242393000;11524766;0.86115;0.86127;0.86121;1;T;True;2
1621242394000;11524774;0.86113;0.86125;0.86119;7;T;True;2
1621242395000;11524777;0.86113;0.86125;0.86119;2;T;True;2
1621242396000;11524778;0.86113;0.86125;0.86119;0;T;True;2
1621242397000;11524780;0.86112;0.86124;0.86118;1;T;True;2
1621242398000;11524781;0.86112;0.86124;0.86118;0;T;True;2
1621242399000;11524782;0.86112;0.86124;0.86118;0;T;True;2
1621242400000;11524783;0.86112;0.86124;0.86118;0;T;True;2
1621242401000;11524784;0.86112;0.86124;0.86118;0;T;True;2
1621242402000;11524785;0.86112;0.86124;0.86118;0;T;True;2
1621242403000;11524786;0.86112;0.86124;0.86118;0;T;True;2
1621242404000;11524787;0.86112;0.86124;0.86118;0;T;True;2
1621242405000;11524789;0.86111;0.86123;0.86117;1;T;True;2
1621242406000;11524791;0.8611;0.86122;0.86116;1;T;True;2
1621242407000;11524792;0.8611;0.86122;0.86116;0;T;True;2
1621242408000;11524793;0.8611;0.86122;0.86116;0;T;True;2
1621242409000;11524799;0.86109;0.86121;0.86115;5;T;True;2
1621242410000;11524801;0.86109;0.86121;0.86115;1;T;True;2
1621242411000;11524802;0.86109;0.86121;0.86115;0;T;True;2
1621242412000;11524807;0.8611;0.86122;0.86116;4;T;True;2
1621242413000;11524809;0.86111;0.86123;0.86117;1;T;True;2
1621242414000;11524811;0.86112;0.86124;0.86118;1;T;True;2
1621242415000;11524812;0.86112;0.86124;0.86118;0;T;True;2
1621242416000;11524813;0.86112;0.86124;0.86118;0;T;True;2
1621242417000;11524814;0.86112;0.86124;0.86118;0;T;True;2
1621242418000;11524815;0.86112;0.86124;0.86118;0;T;True;2
1621242419000;11524824;0.86111;0.86123;0.86117;8;T;True;2
1621242420000;11524825;0.86111;0.86123;0.86117;0;T;True;2
1621242421000;11524826;0.86111;0.86123;0.86117;0;T;True;2
1621242422000;11524827;0.86111;0.86123;0.86117;0;T;True;2
1621242423000;11524828;0.86111;0.86123;0.86117;0;T;True;2
1621242424000;11524829;0.86111;0.86123;0.86117;0;T;True;2
1621242425000;11524830;0.86111;0.86123;0.86117;0;T;True;2
1621242426000;11524831;0.86111;0.86123;0.86117;0;T;True;2
1621242427000;11524832;0.86111;0.86123;0.86117;0;T;True;2
1621242428000;11524835;0.86111;0.86123;0.86117;2;T;True;2
1621242429000;11524836;0.86111;0.86123;0.86117;0;T;True;2
1621242430000;11524838;0.8611;0.86122;0.86116;1;T;True;2
1621242431000;11524839;0.8611;0.86122;0.86116;0;T;True;2
1621242432000;11524840;0.8611;0.86122;0.86116;0;T;True;2
1621242433000;11524841;0.8611;0.86122;0.86116;0;T;True;2
1621242434000;11524842;0.8611;0.86122;0.86116;0;T;True;2
1621242435000;11524843;0.8611;0.86122;0.86116;0;T;True;2
1621242436000;11524844;0.8611;0.86122;0.86116;0;T;True;2
1621242437000;11524845;0.8611;0.86122;0.86116;0;T;True;2
1621242438000;11524846;0.8611;0.86122;0.86116;0;T;True;2
1621242439000;11524847;0.8611;0.86122;0.86116;0;T;True;2
1621242440000;11524849;0.86111;0.86123;0.86117;1;T;True;2
1621242441000;11524850;0.86111;0.86123;0.86117;0;T;True;2
1621242442000;11524851;0.86111;0.86123;0.86117;0;T;True;2
1621242443000;11524852;0.86111;0.86123;0.86117;0;T;True;2
1621242444000;11524853;0.86111;0.86123;0.86117;0;T;True;2
1621242445000;11524854;0.86111;0.86123;0.86117;0;T;True;2
1621242446000;11524855;0.86111;0.86123;0.86117;0;T;True;2
1621242447000;11524856;0.86111;0.86123;0.86117;0;T;True;2
1621242448000;11524857;0.86111;0.86123;0.86117;0;T;True;2
1621242449000;11524859;0.86111;0.86123;0.86117;1;T;True;2
1621242450000;11524860;0.86111;0.86123;0.86117;0;T;True;2
1621242451000;11524861;0.86111;0.86123;0.86117;0;T;True;2
1621242452000;11524862;0.86111;0.86123;0.86117;0;T;True;2
1621242453000;11524863;0.86111;0.86123;0.86117;0;T;True;2
1621242454000;11524864;0.86111;0.86123;0.86117;0;T;True;2
1621242455000;11524867;0.86109;0.86121;0.86115;2;T;True;2
1621242456000;11524868;0.86109;0.86121;0.86115;0;T;True;2
1621242457000;11524872;0.86109;0.86121;0.86115;3;T;True;2
1621242458000;11524873;0.86109;0.86121;0.86115;0;T;True;2
1621242459000;11524874;0.86109;0.86121;0.86115;0;T;True;2
1621242460000;11524875;0.86109;0.86121;0.86115;0;T;True;2
1621242461000;11524876;0.86109;0.86121;0.86115;0;T;True;2
1621242462000;11524878;0.8611;0.86122;0.86116;1;T;True;2
1621242463000;11524879;0.8611;0.86122;0.86116;0;T;True;2
1621242464000;11524880;0.8611;0.86122;0.86116;0;T;True;2
1621242465000;11524881;0.8611;0.86122;0.86116;0;T;True;2
1621242466000;11524884;0.86113;0.86125;0.86119;2;T;True;2
1621242467000;11524887;0.86113;0.86125;0.86119;2;T;True;2
1621242468000;11524888;0.86113;0.86125;0.86119;0;T;True;2
1621242469000;11524889;0.86113;0.86125;0.86119;0;T;True;2
1621242470000;11524892;0.86115;0.86127;0.86121;2;T;True;2
1621242471000;11524894;0.86114;0.86126;0.8612;1;T;True;2
1621242472000;11524900;0.86115;0.86127;0.86121;5;T;True;2
1621242473000;11524902;0.86115;0.86127;0.86121;1;T;True;2
1621242474000;11524903;0.86115;0.86127;0.86121;0;T;True;2
1621242475000;11524904;0.86115;0.86127;0.86121;0;T;True;2
1621242476000;11524909;0.86114;0.86126;0.8612;4;T;True;2
1621242477000;11524910;0.86114;0.86126;0.8612;0;T;True;2
1621242478000;11524924;0.86101;0.86113;0.86107;13;T;True;2
1621242479000;11524927;0.86101;0.86113;0.86107;2;T;True;2
1621242480000;11524931;0.86103;0.86115;0.86109;3;T;True;2
1621242481000;11524934;0.86103;0.86115;0.86109;2;T;True;2
1621242482000;11524938;0.86104;0.86116;0.8611;3;T;True;2
1621242483000;11524939;0.86104;0.86116;0.8611;0;T;True;2
1621242484000;11524941;0.86105;0.86117;0.86111;1;T;True;2
1621242485000;11524943;0.86106;0.86118;0.86112;1;T;True;2
1621242486000;11524945;0.86107;0.86119;0.86113;1;T;True;2
1621242487000;11524950;0.86103;0.86115;0.86109;4;T;True;2
1621242488000;11524952;0.86103;0.86115;0.86109;1;T;True;2
1621242489000;11524953;0.86103;0.86115;0.86109;0;T;True;2
1621242490000;11524958;0.86102;0.86114;0.86108;4;T;True;2
1621242491000;11524961;0.86103;0.86115;0.86109;2;T;True;2
1621242492000;11524963;0.86102;0.86114;0.86108;1;T;True;2
1621242493000;11524964;0.86102;0.86114;0.86108;0;T;True;2
1621242494000;11524965;0.86102;0.86114;0.86108;0;T;True;2
1621242495000;11524969;0.86103;0.86115;0.86109;3;T;True;2
1621242496000;11524970;0.86103;0.86115;0.86109;0;T;True;2
1621242497000;11524971;0.86103;0.86115;0.86109;0;T;True;2
1621242498000;11524974;0.86103;0.86115;0.86109;2;T;True;2
1621242499000;11524975;0.86103;0.86115;0.86109;0;T;True;2
1621242500000;11524976;0.86103;0.86115;0.86109;0;T;True;2
1621242501000;11524980;0.86103;0.86115;0.86109;3;T;True;2
1621242502000;11524984;0.86105;0.86117;0.86111;3;T;True;2
1621242503000;11524985;0.86105;0.86117;0.86111;0;T;True;2
1621242504000;11524986;0.86105;0.86117;0.86111;0;T;True;2
1621242505000;11524987;0.86105;0.86117;0.86111;0;T;True;2
1621242506000;11524988;0.86105;0.86117;0.86111;0;T;True;2
1621242507000;11524989;0.86105;0.86117;0.86111;0;T;True;2
1621242508000;11524991;0.86105;0.86117;0.86111;1;T;True;2
1621242509000;11524992;0.86105;0.86117;0.86111;0;T;True;2
1621242510000;11524994;0.86105;0.86117;0.86111;1;T;True;2
1621242511000;11524997;0.86106;0.86118;0.86112;2;T;True;2
1621242512000;11524999;0.86107;0.86119;0.86113;1;T;True;2
1621242513000;11525000;0.86107;0.86119;0.86113;0;T;True;2
1621242514000;11525001;0.86107;0.86119;0.86113;0;T;True;2
1621242515000;11525002;0.86107;0.86119;0.86113;0;T;True;2
1621242516000;11525003;0.86107;0.86119;0.86113;0;T;True;2
1621242517000;11525014;0.86107;0.86119;0.86113;10;T;True;2
1621242518000;11525015;0.86107;0.86119;0.86113;0;T;True;2
1621242519000;11525016;0.86107;0.86119;0.86113;0;T;True;2
1621242520000;11525018;0.86107;0.86119;0.86113;1;T;True;2
1621242521000;11525019;0.86107;0.86119;0.86113;0;T;True;2
1621242522000;11525020;0.86107;0.86119;0.86113;0;T;True;2
1621242523000;11525022;0.86107;0.86119;0.86113;1;T;True;2
1621242524000;11525023;0.86107;0.86119;0.86113;0;T;True;2
1621242525000;11525024;0.86107;0.86119;0.86113;0;T;True;2
1621242526000;11525025;0.86107;0.86119;0.86113;0;T;True;2
1621242527000;11525026;0.86107;0.86119;0.86113;0;T;True;2
1621242528000;11525028;0.86107;0.86119;0.86113;1;T;True;2
1621242529000;11525029;0.86107;0.86119;0.86113;0;T;True;2
1621242530000;11525030;0.86107;0.86119;0.86113;0;T;True;2
1621242531000;11525031;0.86107;0.86119;0.86113;0;T;True;2
1621242532000;11525032;0.86107;0.86119;0.86113;0;T;True;2
1621242533000;11525033;0.86107;0.86119;0.86113;0;T;True;2
1621242534000;11525034;0.86107;0.86119;0.86113;0;T;True;2
1621242535000;11525035;0.86107;0.86119;0.86113;0;T;True;2
1621242536000;11525036;0.86107;0.86119;0.86113;0;T;True;2
1621242537000;11525047;0.86113;0.86125;0.86119;10;T;True;2
1621242538000;11525049;0.86113;0.86125;0.86119;1;T;True;2
1621242539000;11525050;0.86113;0.86125;0.86119;0;T;True;2
1621242540000;11525051;0.86113;0.86125;0.86119;0;T;True;2
1621242541000;11525053;0.86114;0.86126;0.8612;1;T;True;2
1621242542000;11525054;0.86114;0.86126;0.8612;0;T;True;2
1621242543000;11525055;0.86114;0.86126;0.8612;0;T;True;2
1621242544000;11525056;0.86114;0.86126;0.8612;0;T;True;2
1621242545000;11525057;0.86114;0.86126;0.8612;0;T;True;2
1621242546000;11525058;0.86114;0.86126;0.8612;0;T;True;2
1621242547000;11525059;0.86114;0.86126;0.8612;0;T;True;2
1621242548000;11525060;0.86114;0.86126;0.8612;0;T;True;2
1621242549000;11525061;0.86114;0.86126;0.8612;0;T;True;2
1621242550000;11525062;0.86114;0.86126;0.8612;0;T;True;2
1621242551000;11525064;0.86113;0.86125;0.86119;1;T;True;2
1621242552000;11525065;0.86113;0.86125;0.86119;0;T;True;2
1621242553000;11525066;0.86113;0.86125;0.86119;0;T;True;2
1621242554000;11525069;0.86115;0.86127;0.86121;2;T;True;2
1621242555000;11525070;0.86115;0.86127;0.86121;0;T;True;2
1621242556000;11525074;0.86115;0.86127;0.86121;3;T;True;2
1621242557000;11525078;0.86115;0.86127;0.86121;3;T;True;2
1621242558000;11525079;0.86115;0.86127;0.86121;0;T;True;2
1621242559000;11525081;0.86115;0.86127;0.86121;1;T;True;2
1621242560000;11525085;0.86115;0.86127;0.86121;3;T;True;2
1621242561000;11525089;0.86115;0.86127;0.86121;3;T;True;2
1621242562000;11525093;0.86113;0.86125;0.86119;3;T;True;2
1621242563000;11525094;0.86113;0.86125;0.86119;0;T;True;2
1621242564000;11525096;0.86113;0.86125;0.86119;1;T;True;2
1621242565000;11525097;0.86113;0.86125;0.86119;0;T;True;2
1621242566000;11525098;0.86113;0.86125;0.86119;0;T;True;2
1621242567000;11525100;0.86113;0.86125;0.86119;1;T;True;2
1621242568000;11525102;0.86112;0.86124;0.86118;1;T;True;2
1621242569000;11525103;0.86112;0.86124;0.86118;0;T;True;2
1621242570000;11525104;0.86112;0.86124;0.86118;0;T;True;2
1621242571000;11525106;0.86112;0.86124;0.86118;1;T;True;2
1621242572000;11525109;0.86112;0.86124;0.86118;2;T;True;2
1621242573000;11525110;0.86112;0.86124;0.86118;0;T;True;2
1621242574000;11525111;0.86112;0.86124;0.86118;0;T;True;2
1621242575000;11525113;0.86112;0.86124;0.86118;1;T;True;2
1621242576000;11525114;0.86112;0.86124;0.86118;0;T;True;2
1621242577000;11525115;0.86112;0.86124;0.86118;0;T;True;2
1621242578000;11525117;0.86113;0.86125;0.86119;1;T;True;2
1621242579000;11525118;0.86113;0.86125;0.86119;0;T;True;2
1621242580000;11525120;0.86112;0.86124;0.86118;1;T;True;2
1621242581000;11525121;0.86112;0.86124;0.86118;0;T;True;2
1621242582000;11525122;0.86112;0.86124;0.86118;0;T;True;2
1621242583000;11525125;0.86111;0.86123;0.86117;2;T;True;2
1621242584000;11525126;0.86111;0.86123;0.86117;0;T;True;2
1621242585000;11525127;0.86111;0.86123;0.86117;0;T;True;2
1621242586000;11525131;0.86111;0.86123;0.86117;3;T;True;2
1621242587000;11525133;0.86111;0.86123;0.86117;1;T;True;2
1621242588000;11525134;0.86111;0.86123;0.86117;0;T;True;2
1621242589000;11525135;0.86111;0.86123;0.86117;0;T;True;2
1621242590000;11525136;0.86111;0.86123;0.86117;0;T;True;2
1621242591000;11525139;0.86111;0.86123;0.86117;2;T;True;2
1621242592000;11525141;0.86109;0.86121;0.86115;1;T;True;2
1621242593000;11525142;0.86109;0.86121;0.86115;0;T;True;2
1621242594000;11525143;0.86109;0.86121;0.86115;0;T;True;2
1621242595000;11525145;0.86109;0.86121;0.86115;1;T;True;2
1621242596000;11525146;0.86109;0.86121;0.86115;0;T;True;2
1621242597000;11525148;0.86109;0.86121;0.86115;1;T;True;2
1621242598000;11525149;0.86109;0.86121;0.86115;0;T;True;2
1621242599000;11525151;0.86109;0.86121;0.86115;1;T;True;2
1621242600000;11525153;0.86109;0.86121;0.86115;1;T;True;2
1621242601000;11525157;0.86109;0.86121;0.86115;3;T;True;2
1621242602000;11525162;0.8611;0.86122;0.86116;4;T;True;2
1621242603000;11525163;0.8611;0.86122;0.86116;0;T;True;2
1621242604000;11525164;0.8611;0.86122;0.86116;0;T;True;2
1621242605000;11525165;0.8611;0.86122;0.86116;0;T;True;2
1621242606000;11525166;0.8611;0.86122;0.86116;0;T;True;2
1621242607000;11525167;0.8611;0.86122;0.86116;0;T;True;2
1621242608000;11525168;0.8611;0.86122;0.86116;0;T;True;2
1621242609000;11525170;0.8611;0.86122;0.86116;1;T;True;2
1621242610000;11525171;0.8611;0.86122;0.86116;0;T;True;2
1621242611000;11525173;0.8611;0.86122;0.86116;1;T;True;2
1621242612000;11525174;0.8611;0.86122;0.86116;0;T;True;2
1621242613000;11525175;0.8611;0.86122;0.86116;0;T;True;2
1621242614000;11525183;0.86108;0.8612;0.86114;7;T;True;2
1621242615000;11525187;0.86107;0.86119;0.86113;3;T;True;2
1621242616000;11525189;0.86107;0.86119;0.86113;1;T;True;2
1621242617000;11525190;0.86107;0.86119;0.86113;0;T;True;2
1621242618000;11525192;0.86107;0.86119;0.86113;1;T;True;2
1621242619000;11525194;0.86105;0.86117;0.86111;1;T;True;2
1621242620000;11525195;0.86105;0.86117;0.86111;0;T;True;2
1621242621000;11525197;0.86105;0.86117;0.86111;1;T;True;2
1621242622000;11525198;0.86105;0.86117;0.86111;0;T;True;2
1621242623000;11525199;0.86105;0.86117;0.86111;0;T;True;2
1621242624000;11525201;0.86105;0.86117;0.86111;1;T;True;2
1621242625000;11525202;0.86105;0.86117;0.86111;0;T;True;2
1621242626000;11525203;0.86105;0.86117;0.86111;0;T;True;2
1621242627000;11525205;0.86105;0.86117;0.86111;1;T;True;2
1621242628000;11525206;0.86105;0.86117;0.86111;0;T;True;2
1621242629000;11525207;0.86105;0.86117;0.86111;0;T;True;2
1621242630000;11525209;0.86105;0.86117;0.86111;1;T;True;2
1621242631000;11525210;0.86105;0.86117;0.86111;0;T;True;2
1621242632000;11525211;0.86105;0.86117;0.86111;0;T;True;2
1621242633000;11525212;0.86105;0.86117;0.86111;0;T;True;2
1621242634000;11525216;0.86106;0.86118;0.86112;3;T;True;2
1621242635000;11525217;0.86106;0.86118;0.86112;0;T;True;2
1621242636000;11525218;0.86106;0.86118;0.86112;0;T;True;2
1621242637000;11525219;0.86106;0.86118;0.86112;0;T;True;2
1621242638000;11525222;0.86106;0.86118;0.86112;2;T;True;2
1621242639000;11525223;0.86106;0.86118;0.86112;0;T;True;2
1621242640000;11525225;0.86106;0.86118;0.86112;1;T;True;2
1621242641000;11525226;0.86106;0.86118;0.86112;0;T;True;2
1621242642000;11525227;0.86106;0.86118;0.86112;0;T;True;2
1621242643000;11525228;0.86106;0.86118;0.86112;0;T;True;2
1621242644000;11525229;0.86106;0.86118;0.86112;0;T;True;2
1621242645000;11525231;0.86106;0.86118;0.86112;1;T;True;2
1621242646000;11525232;0.86106;0.86118;0.86112;0;T;True;2
1621242647000;11525235;0.86107;0.86119;0.86113;2;T;True;2
1621242648000;11525236;0.86107;0.86119;0.86113;0;T;True;2
1621242649000;11525237;0.86107;0.86119;0.86113;0;T;True;2
1621242650000;11525238;0.86107;0.86119;0.86113;0;T;True;2
1621242651000;11525239;0.86107;0.86119;0.86113;0;T;True;2
1621242652000;11525243;0.86106;0.86118;0.86112;3;T;True;2
1621242653000;11525244;0.86106;0.86118;0.86112;0;T;True;2
1621242654000;11525245;0.86106;0.86118;0.86112;0;T;True;2
1621242655000;11525246;0.86106;0.86118;0.86112;0;T;True;2
1621242656000;11525247;0.86106;0.86118;0.86112;0;T;True;2
1621242657000;11525248;0.86106;0.86118;0.86112;0;T;True;2
1621242658000;11525249;0.86106;0.86118;0.86112;0;T;True;2
1621242659000;11525250;0.86106;0.86118;0.86112;0;T;True;2
1621242660000;11525251;0.86106;0.86118;0.86112;0;T;True;2
1621242661000;11525252;0.86106;0.86118;0.86112;0;T;True;2
1621242662000;11525260;0.86113;0.86125;0.86119;7;T;True;2
1621242663000;11525262;0.86113;0.86125;0.86119;1;T;True;2
1621242664000;11525263;0.86113;0.86125;0.86119;0;T;True;2
1621242665000;11525264;0.86113;0.86125;0.86119;0;T;True;2
1621242666000;11525265;0.86113;0.86125;0.86119;0;T;True;2
1621242667000;11525266;0.86113;0.86125;0.86119;0;T;True;2
1621242668000;11525268;0.86113;0.86125;0.86119;1;T;True;2
1621242669000;11525269;0.86113;0.86125;0.86119;0;T;True;2
1621242670000;11525270;0.86113;0.86125;0.86119;0;T;True;2
1621242671000;11525271;0.86113;0.86125;0.86119;0;T;True;2
1621242672000;11525274;0.86115;0.86127;0.86121;2;T;True;2
1621242673000;11525275;0.86115;0.86127;0.86121;0;T;True;2
1621242674000;11525277;0.86115;0.86127;0.86121;1;T;True;2
1621242675000;11525282;0.86119;0.86131;0.86125;4;T;True;2
1621242676000;11525286;0.86117;0.86129;0.86123;3;T;True;2
1621242677000;11525289;0.86117;0.86129;0.86123;2;T;True;2
1621242678000;11525290;0.86117;0.86129;0.86123;0;T;True;2
1621242679000;11525291;0.86117;0.86129;0.86123;0;T;True;2
1621242680000;11525292;0.86117;0.86129;0.86123;0;T;True;2
1621242681000;11525296;0.86117;0.86129;0.86123;3;T;True;2
1621242682000;11525299;0.86117;0.86129;0.86123;2;T;True;2
1621242683000;11525300;0.86117;0.86129;0.86123;0;T;True;2
1621242684000;11525301;0.86117;0.86129;0.86123;0;T;True;2
1621242685000;11525302;0.86117;0.86129;0.86123;0;T;True;2
1621242686000;11525303;0.86117;0.86129;0.86123;0;T;True;2
1621242687000;11525304;0.86117;0.86129;0.86123;0;T;True;2
1621242688000;11525305;0.86117;0.86129;0.86123;0;T;True;2
1621242689000;11525306;0.86117;0.86129;0.86123;0;T;True;2
1621242690000;11525307;0.86117;0.86129;0.86123;0;T;True;2
1621242691000;11525308;0.86117;0.86129;0.86123;0;T;True;2
1621242692000;11525309;0.86117;0.86129;0.86123;0;T;True;2
1621242693000;11525311;0.86117;0.86129;0.86123;1;T;True;2
1621242694000;11525312;0.86117;0.86129;0.86123;0;T;True;2
1621242695000;11525314;0.86117;0.86129;0.86123;1;T;True;2
1621242696000;11525315;0.86117;0.86129;0.86123;0;T;True;2
1621242697000;11525316;0.86117;0.86129;0.86123;0;T;True;2
1621242698000;11525318;0.86116;0.86128;0.86122;1;T;True;2
1621242699000;11525319;0.86116;0.86128;0.86122;0;T;True;2
1621242700000;11525321;0.86117;0.86129;0.86123;1;T;True;2
1621242701000;11525322;0.86117;0.86129;0.86123;0;T;True;2
1621242702000;11525323;0.86117;0.86129;0.86123;0;T;True;2
1621242703000;11525324;0.86117;0.86129;0.86123;0;T;True;2
1621242704000;11525326;0.86116;0.86128;0.86122;1;T;True;2
1621242705000;11525327;0.86116;0.86128;0.86122;0;T;True;2
1621242706000;11525328;0.86116;0.86128;0.86122;0;T;True;2
1621242707000;11525329;0.86116;0.86128;0.86122;0;T;True;2
1621242708000;11525333;0.86115;0.86127;0.86121;3;T;True;2
1621242709000;11525335;0.86115;0.86127;0.86121;1;T;True;2
1621242710000;11525336;0.86115;0.86127;0.86121;0;T;True;2
1621242711000;11525338;0.86115;0.86127;0.86121;1;T;True;2
1621242712000;11525339;0.86115;0.86127;0.86121;0;T;True;2
1621242713000;11525340;0.86115;0.86127;0.86121;0;T;True;2
1621242714000;11525341;0.86115;0.86127;0.86121;0;T;True;2
1621242715000;11525342;0.86115;0.86127;0.86121;0;T;True;2
1621242716000;11525343;0.86115;0.86127;0.86121;0;T;True;2
1621242717000;11525344;0.86115;0.86127;0.86121;0;T;True;2
1621242718000;11525346;0.86114;0.86126;0.8612;1;T;True;2
1621242719000;11525347;0.86114;0.86126;0.8612;0;T;True;2
1621242720000;11525348;0.86114;0.86126;0.8612;0;T;True;2
1621242721000;11525349;0.86114;0.86126;0.8612;0;T;True;2
1621242722000;11525350;0.86114;0.86126;0.8612;0;T;True;2
1621242723000;11525353;0.86114;0.86126;0.8612;2;T;True;2
1621242724000;11525355;0.86114;0.86126;0.8612;1;T;True;2
1621242725000;11525356;0.86114;0.86126;0.8612;0;T;True;2
1621242726000;11525357;0.86114;0.86126;0.8612;0;T;True;2
1621242727000;11525358;0.86114;0.86126;0.8612;0;T;True;2
1621242728000;11525359;0.86114;0.86126;0.8612;0;T;True;2
1621242729000;11525360;0.86114;0.86126;0.8612;0;T;True;2
1621242730000;11525362;0.86114;0.86126;0.8612;1;T;True;2
1621242731000;11525363;0.86114;0.86126;0.8612;0;T;True;2
1621242732000;11525364;0.86114;0.86126;0.8612;0;T;True;2
1621242733000;11525365;0.86114;0.86126;0.8612;0;T;True;2
1621242734000;11525366;0.86114;0.86126;0.8612;0;T;True;2
1621242735000;11525369;0.86114;0.86126;0.8612;2;T;True;2
1621242736000;11525371;0.86115;0.86127;0.86121;1;T;True;2
1621242737000;11525372;0.86115;0.86127;0.86121;0;T;True;2
1621242738000;11525373;0.86115;0.86127;0.86121;0;T;True;2
1621242739000;11525374;0.86115;0.86127;0.86121;0;T;True;2
1621242740000;11525375;0.86115;0.86127;0.86121;0;T;True;2
1621242741000;11525376;0.86115;0.86127;0.86121;0;T;True;2
1621242742000;11525377;0.86115;0.86127;0.86121;0;T;True;2
1621242743000;11525378;0.86115;0.86127;0.86121;0;T;True;2
1621242744000;11525379;0.86115;0.86127;0.86121;0;T;True;2
1621242745000;11525381;0.86116;0.86128;0.86122;1;T;True;2
1621242746000;11525383;0.86116;0.86128;0.86122;1;T;True;2
1621242747000;11525385;0.86116;0.86128;0.86122;1;T;True;2
1621242748000;11525388;0.86117;0.86129;0.86123;2;T;True;2
1621242749000;11525389;0.86117;0.86129;0.86123;0;T;True;2
1621242750000;11525390;0.86117;0.86129;0.86123;0;T;True;2
1621242751000;11525391;0.86117;0.86129;0.86123;0;T;True;2
1621242752000;11525392;0.86117;0.86129;0.86123;0;T;True;2
1621242753000;11525394;0.86115;0.86127;0.86121;1;T;True;2
1621242754000;11525395;0.86115;0.86127;0.86121;0;T;True;2
1621242755000;11525396;0.86115;0.86127;0.86121;0;T;True;2
1621242756000;11525398;0.86115;0.86127;0.86121;1;T;True;2
1621242757000;11525400;0.86115;0.86127;0.86121;1;T;True;2
1621242758000;11525401;0.86115;0.86127;0.86121;0;T;True;2
1621242759000;11525402;0.86115;0.86127;0.86121;0;T;True;2
1621242760000;11525403;0.86115;0.86127;0.86121;0;T;True;2
1621242761000;11525404;0.86115;0.86127;0.86121;0;T;True;2
1621242762000;11525405;0.86115;0.86127;0.86121;0;T;True;2
1621242763000;11525406;0.86115;0.86127;0.86121;0;T;True;2
1621242764000;11525407;0.86115;0.86127;0.86121;0;T;True;2
1621242765000;11525408;0.86115;0.86127;0.86121;0;T;True;2
1621242766000;11525409;0.86115;0.86127;0.86121;0;T;True;2
1621242767000;11525410;0.86115;0.86127;0.86121;0;T;True;2
1621242768000;11525411;0.86115;0.86127;0.86121;0;T;True;2
1621242769000;11525412;0.86115;0.86127;0.86121;0;T;True;2
1621242770000;11525413;0.86115;0.86127;0.86121;0;T;True;2
1621242771000;11525416;0.86117;0.86129;0.86123;2;T;True;2
1621242772000;11525419;0.86117;0.86129;0.86123;2;T;True;2
1621242773000;11525420;0.86117;0.86129;0.86123;0;T;True;2
1621242774000;11525421;0.86117;0.86129;0.86123;0;T;True;2
1621242775000;11525422;0.86117;0.86129;0.86123;0;T;True;2
1621242776000;11525423;0.86117;0.86129;0.86123;0;T;True;2
1621242777000;11525425;0.86117;0.86129;0.86123;1;T;True;2
1621242778000;11525426;0.86117;0.86129;0.86123;0;T;True;2
1621242779000;11525427;0.86117;0.86129;0.86123;0;T;True;2
1621242780000;11525431;0.86116;0.86128;0.86122;3;T;True;2
1621242781000;11525432;0.86116;0.86128;0.86122;0;T;True;2
1621242782000;11525434;0.86117;0.86129;0.86123;1;T;True;2
1621242783000;11525436;0.86117;0.86129;0.86123;1;T;True;2
1621242784000;11525437;0.86117;0.86129;0.86123;0;T;True;2
1621242785000;11525438;0.86117;0.86129;0.86123;0;T;True;2
1621242786000;11525439;0.86117;0.86129;0.86123;0;T;True;2
1621242787000;11525440;0.86117;0.86129;0.86123;0;T;True;2
1621242788000;11525441;0.86117;0.86129;0.86123;0;T;True;2
1621242789000;11525444;0.86115;0.86127;0.86121;2;T;True;2
1621242790000;11525446;0.86116;0.86128;0.86122;1;T;True;2
1621242791000;11525447;0.86116;0.86128;0.86122;0;T;True;2
1621242792000;11525448;0.86116;0.86128;0.86122;0;T;True;2
1621242793000;11525449;0.86116;0.86128;0.86122;0;T;True;2
1621242794000;11525450;0.86116;0.86128;0.86122;0;T;True;2
1621242795000;11525451;0.86116;0.86128;0.86122;0;T;True;2
1621242796000;11525452;0.86116;0.86128;0.86122;0;T;True;2
1621242797000;11525453;0.86116;0.86128;0.86122;0;T;True;2
1621242798000;11525454;0.86116;0.86128;0.86122;0;T;True;2
1621242799000;11525455;0.86116;0.86128;0.86122;0;T;True;2
1621242800000;11525456;0.86116;0.86128;0.86122;0;T;True;2
1621242801000;11525457;0.86116;0.86128;0.86122;0;T;True;2
1621242802000;11525464;0.86118;0.8613;0.86124;6;T;True;2
1621242803000;11525466;0.86118;0.8613;0.86124;1;T;True;2
1621242804000;11525467;0.86118;0.8613;0.86124;0;T;True;2
1621242805000;11525468;0.86118;0.8613;0.86124;0;T;True;2
1621242806000;11525473;0.86117;0.86129;0.86123;4;T;True;2
1621242807000;11525474;0.86117;0.86129;0.86123;0;T;True;2
1621242808000;11525475;0.86117;0.86129;0.86123;0;T;True;2
1621242809000;11525479;0.86119;0.86131;0.86125;3;T;True;2
1621242810000;11525480;0.86119;0.86131;0.86125;0;T;True;2
1621242811000;11525481;0.86119;0.86131;0.86125;0;T;True;2
1621242812000;11525482;0.86119;0.86131;0.86125;0;T;True;2
1621242813000;11525483;0.86119;0.86131;0.86125;0;T;True;2
1621242814000;11525489;0.86118;0.8613;0.86124;5;T;True;2
1621242815000;11525491;0.86117;0.86129;0.86123;1;T;True;2
1621242816000;11525494;0.86118;0.8613;0.86124;2;T;True;2
1621242817000;11525495;0.86118;0.8613;0.86124;0;T;True;2
1621242818000;11525498;0.86117;0.86129;0.86123;2;T;True;2
1621242819000;11525499;0.86117;0.86129;0.86123;0;T;True;2
1621242820000;11525501;0.86117;0.86129;0.86123;1;T;True;2
1621242821000;11525503;0.86119;0.86131;0.86125;1;T;True;2
1621242822000;11525504;0.86119;0.86131;0.86125;0;T;True;2
1621242823000;11525505;0.86119;0.86131;0.86125;0;T;True;2
1621242824000;11525506;0.86119;0.86131;0.86125;0;T;True;2
1621242825000;11525508;0.86118;0.8613;0.86124;1;T;True;2
1621242826000;11525509;0.86118;0.8613;0.86124;0;T;True;2
1621242827000;11525510;0.86118;0.8613;0.86124;0;T;True;2
1621242828000;11525511;0.86118;0.8613;0.86124;0;T;True;2
1621242829000;11525512;0.86118;0.8613;0.86124;0;T;True;2
1621242830000;11525514;0.86119;0.86131;0.86125;1;T;True;2
1621242831000;11525515;0.86119;0.86131;0.86125;0;T;True;2
1621242832000;11525516;0.86119;0.86131;0.86125;0;T;True;2
1621242833000;11525517;0.86119;0.86131;0.86125;0;T;True;2
1621242834000;11525518;0.86119;0.86131;0.86125;0;T;True;2
1621242835000;11525519;0.86119;0.86131;0.86125;0;T;True;2
1621242836000;11525520;0.86119;0.86131;0.86125;0;T;True;2
1621242837000;11525521;0.86119;0.86131;0.86125;0;T;True;2
1621242838000;11525522;0.86119;0.86131;0.86125;0;T;True;2
1621242839000;11525523;0.86119;0.86131;0.86125;0;T;True;2
1621242840000;11525527;0.86118;0.8613;0.86124;3;T;True;2
1621242841000;11525529;0.86117;0.86129;0.86123;1;T;True;2
1621242842000;11525530;0.86117;0.86129;0.86123;0;T;True;2
1621242843000;11525531;0.86117;0.86129;0.86123;0;T;True;2
1621242844000;11525532;0.86117;0.86129;0.86123;0;T;True;2
1621242845000;11525533;0.86117;0.86129;0.86123;0;T;True;2
1621242846000;11525535;0.86116;0.86128;0.86122;1;T;True;2
1621242847000;11525536;0.86116;0.86128;0.86122;0;T;True;2
1621242848000;11525540;0.86115;0.86127;0.86121;3;T;True;2
1621242849000;11525542;0.86115;0.86127;0.86121;1;T;True;2
1621242850000;11525543;0.86115;0.86127;0.86121;0;T;True;2
1621242851000;11525544;0.86115;0.86127;0.86121;0;T;True;2
1621242852000;11525545;0.86115;0.86127;0.86121;0;T;True;2
1621242853000;11525546;0.86115;0.86127;0.86121;0;T;True;2
1621242854000;11525547;0.86115;0.86127;0.86121;0;T;True;2
1621242855000;11525549;0.86115;0.86127;0.86121;1;T;True;2
1621242856000;11525550;0.86115;0.86127;0.86121;0;T;True;2
1621242857000;11525551;0.86115;0.86127;0.86121;0;T;True;2
1621242858000;11525552;0.86115;0.86127;0.86121;0;T;True;2
1621242859000;11525553;0.86115;0.86127;0.86121;0;T;True;2
1621242860000;11525556;0.86113;0.86125;0.86119;2;T;True;2
1621242861000;11525557;0.86113;0.86125;0.86119;0;T;True;2
1621242862000;11525560;0.86111;0.86123;0.86117;2;T;True;2
1621242863000;11525561;0.86111;0.86123;0.86117;0;T;True;2
1621242864000;11525562;0.86111;0.86123;0.86117;0;T;True;2
1621242865000;11525563;0.86111;0.86123;0.86117;0;T;True;2
1621242866000;11525564;0.86111;0.86123;0.86117;0;T;True;2
1621242867000;11525565;0.86111;0.86123;0.86117;0;T;True;2
1621242868000;11525566;0.86111;0.86123;0.86117;0;T;True;2
1621242869000;11525568;0.86111;0.86123;0.86117;1;T;True;2
1621242870000;11525569;0.86111;0.86123;0.86117;0;T;True;2
1621242871000;11525570;0.86111;0.86123;0.86117;0;T;True;2
1621242872000;11525571;0.86111;0.86123;0.86117;0;T;True;2
1621242873000;11525572;0.86111;0.86123;0.86117;0;T;True;2
1621242874000;11525573;0.86111;0.86123;0.86117;0;T;True;2
1621242875000;11525574;0.86111;0.86123;0.86117;0;T;True;2
1621242876000;11525575;0.86111;0.86123;0.86117;0;T;True;2
1621242877000;11525578;0.86111;0.86123;0.86117;2;T;True;2
1621242878000;11525579;0.86111;0.86123;0.86117;0;T;True;2
1621242879000;11525581;0.86112;0.86124;0.86118;1;T;True;2
1621242880000;11525582;0.86112;0.86124;0.86118;0;T;True;2
1621242881000;11525583;0.86112;0.86124;0.86118;0;T;True;2
1621242882000;11525584;0.86112;0.86124;0.86118;0;T;True;2
1621242883000;11525585;0.86112;0.86124;0.86118;0;T;True;2
1621242884000;11525586;0.86112;0.86124;0.86118;0;T;True;2
1621242885000;11525588;0.86111;0.86123;0.86117;1;T;True;2
1621242886000;11525589;0.86111;0.86123;0.86117;0;T;True;2
1621242887000;11525594;0.86117;0.86129;0.86123;4;T;True;2
1621242888000;11525596;0.86117;0.86129;0.86123;1;T;True;2
1621242889000;11525599;0.86118;0.8613;0.86124;2;T;True;2
1621242890000;11525600;0.86118;0.8613;0.86124;0;T;True;2
1621242891000;11525601;0.86118;0.8613;0.86124;0;T;True;2
1621242892000;11525603;0.86119;0.86131;0.86125;1;T;True;2
1621242893000;11525604;0.86119;0.86131;0.86125;0;T;True;2
1621242894000;11525605;0.86119;0.86131;0.86125;0;T;True;2
1621242895000;11525606;0.86119;0.86131;0.86125;0;T;True;2
1621242896000;11525607;0.86119;0.86131;0.86125;0;T;True;2
1621242897000;11525608;0.86119;0.86131;0.86125;0;T;True;2
1621242898000;11525616;0.86122;0.86134;0.86128;7;T;True;2
1621242899000;11525620;0.8612;0.86132;0.86126;3;T;True;2
1621242900000;11525621;0.8612;0.86132;0.86126;0;T;True;2
1621242901000;11525623;0.86121;0.86133;0.86127;1;T;True;2
1621242902000;11525624;0.86121;0.86133;0.86127;0;T;True;2
1621242903000;11525625;0.86121;0.86133;0.86127;0;T;True;2
1621242904000;11525627;0.86121;0.86133;0.86127;1;T;True;2
1621242905000;11525629;0.86121;0.86133;0.86127;1;T;True;2
1621242906000;11525630;0.86121;0.86133;0.86127;0;T;True;2
1621242907000;11525631;0.86121;0.86133;0.86127;0;T;True;2
1621242908000;11525632;0.86121;0.86133;0.86127;0;T;True;2
1621242909000;11525634;0.86121;0.86133;0.86127;1;T;True;2
1621242910000;11525635;0.86121;0.86133;0.86127;0;T;True;2
1621242911000;11525639;0.86121;0.86133;0.86127;3;T;True;2
1621242912000;11525640;0.86121;0.86133;0.86127;0;T;True;2
1621242913000;11525641;0.86121;0.86133;0.86127;0;T;True;2
1621242914000;11525642;0.86121;0.86133;0.86127;0;T;True;2
1621242915000;11525643;0.86121;0.86133;0.86127;0;T;True;2
1621242916000;11525645;0.86121;0.86133;0.86127;1;T;True;2
1621242917000;11525646;0.86121;0.86133;0.86127;0;T;True;2
1621242918000;11525647;0.86121;0.86133;0.86127;0;T;True;2
1621242919000;11525654;0.86114;0.86126;0.8612;6;T;True;2
1621242920000;11525657;0.86113;0.86125;0.86119;2;T;True;2
1621242921000;11525658;0.86113;0.86125;0.86119;0;T;True;2
1621242922000;11525661;0.86113;0.86125;0.86119;2;T;True;2
1621242923000;11525662;0.86113;0.86125;0.86119;0;T;True;2
1621242924000;11525666;0.86112;0.86124;0.86118;3;T;True;2
1621242925000;11525671;0.86113;0.86125;0.86119;4;T;True;2
1621242926000;11525672;0.86113;0.86125;0.86119;0;T;True;2
1621242927000;11525674;0.86112;0.86124;0.86118;1;T;True;2
1621242928000;11525675;0.86112;0.86124;0.86118;0;T;True;2
1621242929000;11525676;0.86112;0.86124;0.86118;0;T;True;2
1621242930000;11525677;0.86112;0.86124;0.86118;0;T;True;2
1621242931000;11525679;0.86113;0.86125;0.86119;1;T;True;2
1621242932000;11525680;0.86113;0.86125;0.86119;0;T;True;2
1621242933000;11525681;0.86113;0.86125;0.86119;0;T;True;2
1621242934000;11525682;0.86113;0.86125;0.86119;0;T;True;2
1621242935000;11525683;0.86113;0.86125;0.86119;0;T;True;2
1621242936000;11525684;0.86113;0.86125;0.86119;0;T;True;2
1621242937000;11525685;0.86113;0.86125;0.86119;0;T;True;2
1621242938000;11525686;0.86113;0.86125;0.86119;0;T;True;2
1621242939000;11525687;0.86113;0.86125;0.86119;0;T;True;2
1621242940000;11525688;0.86113;0.86125;0.86119;0;T;True;2
1621242941000;11525689;0.86113;0.86125;0.86119;0;T;True;2
1621242942000;11525690;0.86113;0.86125;0.86119;0;T;True;2
1621242943000;11525691;0.86113;0.86125;0.86119;0;T;True;2
1621242944000;11525692;0.86113;0.86125;0.86119;0;T;True;2
1621242945000;11525693;0.86113;0.86125;0.86119;0;T;True;2
1621242946000;11525694;0.86113;0.86125;0.86119;0;T;True;2
1621242947000;11525695;0.86113;0.86125;0.86119;0;T;True;2
1621242948000;11525696;0.86113;0.86125;0.86119;0;T;True;2
1621242949000;11525697;0.86113;0.86125;0.86119;0;T;True;2
1621242950000;11525698;0.86113;0.86125;0.86119;0;T;True;2
1621242951000;11525699;0.86113;0.86125;0.86119;0;T;True;2
1621242952000;11525700;0.86113;0.86125;0.86119;0;T;True;2
1621242953000;11525701;0.86113;0.86125;0.86119;0;T;True;2
1621242954000;11525702;0.86113;0.86125;0.86119;0;T;True;2
1621242955000;11525703;0.86113;0.86125;0.86119;0;T;True;2
1621242956000;11525704;0.86113;0.86125;0.86119;0;T;True;2
1621242957000;11525705;0.86113;0.86125;0.86119;0;T;True;2
1621242958000;11525706;0.86113;0.86125;0.86119;0;T;True;2
1621242959000;11525707;0.86113;0.86125;0.86119;0;T;True;2
1621242960000;11525709;0.86113;0.86125;0.86119;1;T;True;2
1621242961000;11525711;0.86113;0.86125;0.86119;1;T;True;2
1621242962000;11525712;0.86113;0.86125;0.86119;0;T;True;2
1621242963000;11525713;0.86113;0.86125;0.86119;0;T;True;2
1621242964000;11525714;0.86113;0.86125;0.86119;0;T;True;2
1621242965000;11525715;0.86113;0.86125;0.86119;0;T;True;2
1621242966000;11525716;0.86113;0.86125;0.86119;0;T;True;2
1621242967000;11525718;0.86113;0.86125;0.86119;1;T;True;2
1621242968000;11525719;0.86113;0.86125;0.86119;0;T;True;2
1621242969000;11525720;0.86113;0.86125;0.86119;0;T;True;2
1621242970000;11525721;0.86113;0.86125;0.86119;0;T;True;2
1621242971000;11525727;0.86116;0.86128;0.86122;5;T;True;2
1621242972000;11525728;0.86116;0.86128;0.86122;0;T;True;2
1621242973000;11525729;0.86116;0.86128;0.86122;0;T;True;2
1621242974000;11525730;0.86116;0.86128;0.86122;0;T;True;2
1621242975000;11525731;0.86116;0.86128;0.86122;0;T;True;2
1621242976000;11525733;0.86113;0.86125;0.86119;1;T;True;2
1621242977000;11525735;0.86113;0.86125;0.86119;1;T;True;2
1621242978000;11525736;0.86113;0.86125;0.86119;0;T;True;2
1621242979000;11525737;0.86113;0.86125;0.86119;0;T;True;2
1621242980000;11525738;0.86113;0.86125;0.86119;0;T;True;2
1621242981000;11525740;0.86114;0.86126;0.8612;1;T;True;2
1621242982000;11525743;0.86114;0.86126;0.8612;2;T;True;2
1621242983000;11525744;0.86114;0.86126;0.8612;0;T;True;2
1621242984000;11525745;0.86114;0.86126;0.8612;0;T;True;2
1621242985000;11525746;0.86114;0.86126;0.8612;0;T;True;2
1621242986000;11525747;0.86114;0.86126;0.8612;0;T;True;2
1621242987000;11525748;0.86114;0.86126;0.8612;0;T;True;2
1621242988000;11525749;0.86114;0.86126;0.8612;0;T;True;2
1621242989000;11525751;0.86113;0.86125;0.86119;1;T;True;2
1621242990000;11525752;0.86113;0.86125;0.86119;0;T;True;2
1621242991000;11525753;0.86113;0.86125;0.86119;0;T;True;2
1621242992000;11525754;0.86113;0.86125;0.86119;0;T;True;2
1621242993000;11525758;0.86109;0.86121;0.86115;3;T;True;2
1621242994000;11525759;0.86109;0.86121;0.86115;0;T;True;2
1621242995000;11525760;0.86109;0.86121;0.86115;0;T;True;2
1621242996000;11525761;0.86109;0.86121;0.86115;0;T;True;2
1621242997000;11525762;0.86109;0.86121;0.86115;0;T;True;2
1621242998000;11525764;0.86109;0.86121;0.86115;1;T;True;2
1621242999000;11525766;0.86109;0.86121;0.86115;1;T;True;2
1621243000000;11525767;0.86109;0.86121;0.86115;0;T;True;2
1621243001000;11525768;0.86109;0.86121;0.86115;0;T;True;2
1621243002000;11525769;0.86109;0.86121;0.86115;0;T;True;2
1621243003000;11525773;0.86107;0.86119;0.86113;3;T;True;2
1621243004000;11525774;0.86107;0.86119;0.86113;0;T;True;2
1621243005000;11525776;0.86105;0.86117;0.86111;1;T;True;2
1621243006000;11525777;0.86105;0.86117;0.86111;0;T;True;2
1621243007000;11525778;0.86105;0.86117;0.86111;0;T;True;2
1621243008000;11525779;0.86105;0.86117;0.86111;0;T;True;2
1621243009000;11525781;0.86106;0.86118;0.86112;1;T;True;2
1621243010000;11525782;0.86106;0.86118;0.86112;0;T;True;2
1621243011000;11525783;0.86106;0.86118;0.86112;0;T;True;2
1621243012000;11525784;0.86106;0.86118;0.86112;0;T;True;2
1621243013000;11525785;0.86106;0.86118;0.86112;0;T;True;2
1621243014000;11525786;0.86106;0.86118;0.86112;0;T;True;2
1621243015000;11525787;0.86106;0.86118;0.86112;0;T;True;2
1621243016000;11525789;0.86105;0.86117;0.86111;1;T;True;2
1621243017000;11525790;0.86105;0.86117;0.86111;0;T;True;2
1621243018000;11525791;0.86105;0.86117;0.86111;0;T;True;2
1621243019000;11525792;0.86105;0.86117;0.86111;0;T;True;2
1621243020000;11525794;0.86105;0.86117;0.86111;1;T;True;2
1621243021000;11525795;0.86105;0.86117;0.86111;0;T;True;2
1621243022000;11525797;0.86105;0.86117;0.86111;1;T;True;2
1621243023000;11525799;0.86107;0.86119;0.86113;1;T;True;2
1621243024000;11525800;0.86107;0.86119;0.86113;0;T;True;2
1621243025000;11525801;0.86107;0.86119;0.86113;0;T;True;2
1621243026000;11525804;0.86105;0.86117;0.86111;2;T;True;2
1621243027000;11525805;0.86105;0.86117;0.86111;0;T;True;2
1621243028000;11525806;0.86105;0.86117;0.86111;0;T;True;2
1621243029000;11525807;0.86105;0.86117;0.86111;0;T;True;2
1621243030000;11525808;0.86105;0.86117;0.86111;0;T;True;2
1621243031000;11525809;0.86105;0.86117;0.86111;0;T;True;2
1621243032000;11525810;0.86105;0.86117;0.86111;0;T;True;2
1621243033000;11525811;0.86105;0.86117;0.86111;0;T;True;2
1621243034000;11525812;0.86105;0.86117;0.86111;0;T;True;2
1621243035000;11525813;0.86105;0.86117;0.86111;0;T;True;2
1621243036000;11525814;0.86105;0.86117;0.86111;0;T;True;2
1621243037000;11525815;0.86105;0.86117;0.86111;0;T;True;2
1621243038000;11525816;0.86105;0.86117;0.86111;0;T;True;2
1621243039000;11525819;0.86107;0.86119;0.86113;2;T;True;2
1621243040000;11525820;0.86107;0.86119;0.86113;0;T;True;2
1621243041000;11525821;0.86107;0.86119;0.86113;0;T;True;2
1621243042000;11525822;0.86107;0.86119;0.86113;0;T;True;2
1621243043000;11525825;0.86111;0.86123;0.86117;2;T;True;2
1621243044000;11525826;0.86111;0.86123;0.86117;0;T;True;2
1621243045000;11525827;0.86111;0.86123;0.86117;0;T;True;2
1621243046000;11525828;0.86111;0.86123;0.86117;0;T;True;2
1621243047000;11525829;0.86111;0.86123;0.86117;0;T;True;2
1621243048000;11525830;0.86111;0.86123;0.86117;0;T;True;2
1621243049000;11525832;0.86111;0.86123;0.86117;1;T;True;2
1621243050000;11525833;0.86111;0.86123;0.86117;0;T;True;2
1621243051000;11525834;0.86111;0.86123;0.86117;0;T;True;2
1621243052000;11525835;0.86111;0.86123;0.86117;0;T;True;2
1621243053000;11525836;0.86111;0.86123;0.86117;0;T;True;2
1621243054000;11525837;0.86111;0.86123;0.86117;0;T;True;2
1621243055000;11525838;0.86111;0.86123;0.86117;0;T;True;2
1621243056000;11525847;0.86117;0.86129;0.86123;8;T;True;2
1621243057000;11525848;0.86117;0.86129;0.86123;0;T;True;2
1621243058000;11525849;0.86117;0.86129;0.86123;0;T;True;2
1621243059000;11525850;0.86117;0.86129;0.86123;0;T;True;2
1621243060000;11525851;0.86117;0.86129;0.86123;0;T;True;2
1621243061000;11525852;0.86117;0.86129;0.86123;0;T;True;2
1621243062000;11525853;0.86117;0.86129;0.86123;0;T;True;2
1621243063000;11525854;0.86117;0.86129;0.86123;0;T;True;2
1621243064000;11525858;0.86118;0.8613;0.86124;3;T;True;2
1621243065000;11525861;0.86121;0.86133;0.86127;2;T;True;2
1621243066000;11525863;0.86121;0.86133;0.86127;1;T;True;2
1621243067000;11525865;0.86122;0.86134;0.86128;1;T;True;2
1621243068000;11525866;0.86122;0.86134;0.86128;0;T;True;2
1621243069000;11525867;0.86122;0.86134;0.86128;0;T;True;2
1621243070000;11525868;0.86122;0.86134;0.86128;0;T;True;2
1621243071000;11525869;0.86122;0.86134;0.86128;0;T;True;2
1621243072000;11525870;0.86122;0.86134;0.86128;0;T;True;2
1621243073000;11525871;0.86122;0.86134;0.86128;0;T;True;2
1621243074000;11525872;0.86122;0.86134;0.86128;0;T;True;2
1621243075000;11525873;0.86122;0.86134;0.86128;0;T;True;2
1621243076000;11525875;0.86123;0.86135;0.86129;1;T;True;2
1621243077000;11525876;0.86123;0.86135;0.86129;0;T;True;2
1621243078000;11525877;0.86123;0.86135;0.86129;0;T;True;2
1621243079000;11525878;0.86123;0.86135;0.86129;0;T;True;2
1621243080000;11525880;0.86122;0.86134;0.86128;1;T;True;2
1621243081000;11525881;0.86122;0.86134;0.86128;0;T;True;2
1621243082000;11525882;0.86122;0.86134;0.86128;0;T;True;2
1621243083000;11525884;0.86123;0.86135;0.86129;1;T;True;2
1621243084000;11525885;0.86123;0.86135;0.86129;0;T;True;2
1621243085000;11525887;0.86122;0.86134;0.86128;1;T;True;2
1621243086000;11525888;0.86122;0.86134;0.86128;0;T;True;2
1621243087000;11525890;0.86123;0.86135;0.86129;1;T;True;2
1621243088000;11525891;0.86123;0.86135;0.86129;0;T;True;2
1621243089000;11525892;0.86123;0.86135;0.86129;0;T;True;2
1621243090000;11525893;0.86123;0.86135;0.86129;0;T;True;2
1621243091000;11525894;0.86123;0.86135;0.86129;0;T;True;2
1621243092000;11525895;0.86123;0.86135;0.86129;0;T;True;2
1621243093000;11525896;0.86123;0.86135;0.86129;0;T;True;2
1621243094000;11525897;0.86123;0.86135;0.86129;0;T;True;2
1621243095000;11525898;0.86123;0.86135;0.86129;0;T;True;2
1621243096000;11525901;0.86123;0.86135;0.86129;2;T;True;2
1621243097000;11525902;0.86123;0.86135;0.86129;0;T;True;2
1621243098000;11525903;0.86123;0.86135;0.86129;0;T;True;2
1621243099000;11525904;0.86123;0.86135;0.86129;0;T;True;2
1621243100000;11525905;0.86123;0.86135;0.86129;0;T;True;2
1621243101000;11525906;0.86123;0.86135;0.86129;0;T;True;2
1621243102000;11525907;0.86123;0.86135;0.86129;0;T;True;2
1621243103000;11525908;0.86123;0.86135;0.86129;0;T;True;2
1621243104000;11525909;0.86123;0.86135;0.86129;0;T;True;2
1621243105000;11525911;0.86124;0.86136;0.8613;1;T;True;2
1621243106000;11525912;0.86124;0.86136;0.8613;0;T;True;2
1621243107000;11525913;0.86124;0.86136;0.8613;0;T;True;2
1621243108000;11525914;0.86124;0.86136;0.8613;0;T;True;2
1621243109000;11525915;0.86124;0.86136;0.8613;0;T;True;2
1621243110000;11525916;0.86124;0.86136;0.8613;0;T;True;2
1621243111000;11525917;0.86124;0.86136;0.8613;0;T;True;2
1621243112000;11525918;0.86124;0.86136;0.8613;0;T;True;2
1621243113000;11525919;0.86124;0.86136;0.8613;0;T;True;2
1621243114000;11525920;0.86124;0.86136;0.8613;0;T;True;2
1621243115000;11525921;0.86124;0.86136;0.8613;0;T;True;2
1621243116000;11525922;0.86124;0.86136;0.8613;0;T;True;2
1621243117000;11525923;0.86124;0.86136;0.8613;0;T;True;2
1621243118000;11525924;0.86124;0.86136;0.8613;0;T;True;2
1621243119000;11525925;0.86124;0.86136;0.8613;0;T;True;2
1621243120000;11525926;0.86124;0.86136;0.8613;0;T;True;2
1621243121000;11525928;0.86125;0.86137;0.86131;1;T;True;2
1621243122000;11525929;0.86125;0.86137;0.86131;0;T;True;2
1621243123000;11525930;0.86125;0.86137;0.86131;0;T;True;2
1621243124000;11525931;0.86125;0.86137;0.86131;0;T;True;2
1621243125000;11525932;0.86125;0.86137;0.86131;0;T;True;2
1621243126000;11525933;0.86125;0.86137;0.86131;0;T;True;2
1621243127000;11525934;0.86125;0.86137;0.86131;0;T;True;2
1621243128000;11525935;0.86125;0.86137;0.86131;0;T;True;2
1621243129000;11525936;0.86125;0.86137;0.86131;0;T;True;2
1621243130000;11525937;0.86125;0.86137;0.86131;0;T;True;2
1621243131000;11525938;0.86125;0.86137;0.86131;0;T;True;2
1621243132000;11525939;0.86125;0.86137;0.86131;0;T;True;2
1621243133000;11525940;0.86125;0.86137;0.86131;0;T;True;2
1621243134000;11525942;0.86123;0.86135;0.86129;1;T;True;2
1621243135000;11525943;0.86123;0.86135;0.86129;0;T;True;2
1621243136000;11525944;0.86123;0.86135;0.86129;0;T;True;2
1621243137000;11525945;0.86123;0.86135;0.86129;0;T;True;2
1621243138000;11525946;0.86123;0.86135;0.86129;0;T;True;2
1621243139000;11525947;0.86123;0.86135;0.86129;0;T;True;2
1621243140000;11525948;0.86123;0.86135;0.86129;0;T;True;2
1621243141000;11525949;0.86123;0.86135;0.86129;0;T;True;2
1621243142000;11525950;0.86123;0.86135;0.86129;0;T;True;2
1621243143000;11525951;0.86123;0.86135;0.86129;0;T;True;2
1621243144000;11525952;0.86123;0.86135;0.86129;0;T;True;2
1621243145000;11525953;0.86123;0.86135;0.86129;0;T;True;2
1621243146000;11525954;0.86123;0.86135;0.86129;0;T;True;2
1621243147000;11525955;0.86123;0.86135;0.86129;0;T;True;2
1621243148000;11525956;0.86123;0.86135;0.86129;0;T;True;2
1621243149000;11525957;0.86123;0.86135;0.86129;0;T;True;2
1621243150000;11525958;0.86123;0.86135;0.86129;0;T;True;2
1621243151000;11525963;0.86126;0.86138;0.86132;4;T;True;2
1621243152000;11525967;0.86123;0.86135;0.86129;3;T;True;2
1621243153000;11525968;0.86123;0.86135;0.86129;0;T;True;2
1621243154000;11525969;0.86123;0.86135;0.86129;0;T;True;2
1621243155000;11525970;0.86123;0.86135;0.86129;0;T;True;2
1621243156000;11525971;0.86123;0.86135;0.86129;0;T;True;2
1621243157000;11525972;0.86123;0.86135;0.86129;0;T;True;2
1621243158000;11525973;0.86123;0.86135;0.86129;0;T;True;2
1621243159000;11525974;0.86123;0.86135;0.86129;0;T;True;2
1621243160000;11525976;0.86124;0.86136;0.8613;1;T;True;2
1621243161000;11525977;0.86124;0.86136;0.8613;0;T;True;2
1621243162000;11525978;0.86124;0.86136;0.8613;0;T;True;2
1621243163000;11525979;0.86124;0.86136;0.8613;0;T;True;2
1621243164000;11525984;0.86125;0.86137;0.86131;4;T;True;2
1621243165000;11525985;0.86125;0.86137;0.86131;0;T;True;2
1621243166000;11525986;0.86125;0.86137;0.86131;0;T;True;2
1621243167000;11525987;0.86125;0.86137;0.86131;0;T;True;2
1621243168000;11525988;0.86125;0.86137;0.86131;0;T;True;2
1621243169000;11525989;0.86125;0.86137;0.86131;0;T;True;2
1621243170000;11525992;0.86125;0.86137;0.86131;2;T;True;2
1621243171000;11525994;0.86125;0.86137;0.86131;1;T;True;2
1621243172000;11525995;0.86125;0.86137;0.86131;0;T;True;2
1621243173000;11525996;0.86125;0.86137;0.86131;0;T;True;2
1621243174000;11525997;0.86125;0.86137;0.86131;0;T;True;2
1621243175000;11525998;0.86125;0.86137;0.86131;0;T;True;2
1621243176000;11525999;0.86125;0.86137;0.86131;0;T;True;2
1621243177000;11526000;0.86125;0.86137;0.86131;0;T;True;2
1621243178000;11526001;0.86125;0.86137;0.86131;0;T;True;2
1621243179000;11526002;0.86125;0.86137;0.86131;0;T;True;2
1621243180000;11526007;0.86121;0.86133;0.86127;4;T;True;2
1621243181000;11526008;0.86121;0.86133;0.86127;0;T;True;2
1621243182000;11526010;0.86121;0.86133;0.86127;1;T;True;2
1621243183000;11526011;0.86121;0.86133;0.86127;0;T;True;2
1621243184000;11526012;0.86121;0.86133;0.86127;0;T;True;2
1621243185000;11526013;0.86121;0.86133;0.86127;0;T;True;2
1621243186000;11526015;0.86121;0.86133;0.86127;1;T;True;2
1621243187000;11526016;0.86121;0.86133;0.86127;0;T;True;2
1621243188000;11526018;0.86122;0.86134;0.86128;1;T;True;2
1621243189000;11526019;0.86122;0.86134;0.86128;0;T;True;2
1621243190000;11526020;0.86122;0.86134;0.86128;0;T;True;2
1621243191000;11526022;0.86123;0.86135;0.86129;1;T;True;2
1621243192000;11526023;0.86123;0.86135;0.86129;0;T;True;2
1621243193000;11526024;0.86123;0.86135;0.86129;0;T;True;2
1621243194000;11526025;0.86123;0.86135;0.86129;0;T;True;2
1621243195000;11526026;0.86123;0.86135;0.86129;0;T;True;2
1621243196000;11526030;0.86122;0.86134;0.86128;3;T;True;2
1621243197000;11526036;0.86125;0.86137;0.86131;5;T;True;2
1621243198000;11526038;0.86125;0.86137;0.86131;1;T;True;2
1621243199000;11526039;0.86125;0.86137;0.86131;0;T;True;2
1621243200000;11526040;0.86125;0.86137;0.86131;0;T;True;2
1621243201000;11526041;0.86125;0.86137;0.86131;0;T;True;2
1621243202000;11526043;0.86126;0.86138;0.86132;1;T;True;2
1621243203000;11526044;0.86126;0.86138;0.86132;0;T;True;2
1621243204000;11526045;0.86126;0.86138;0.86132;0;T;True;2
1621243205000;11526047;0.86125;0.86137;0.86131;1;T;True;2
1621243206000;11526048;0.86125;0.86137;0.86131;0;T;True;2
1621243207000;11526049;0.86125;0.86137;0.86131;0;T;True;2
1621243208000;11526050;0.86125;0.86137;0.86131;0;T;True;2
1621243209000;11526051;0.86125;0.86137;0.86131;0;T;True;2
1621243210000;11526052;0.86125;0.86137;0.86131;0;T;True;2
1621243211000;11526053;0.86125;0.86137;0.86131;0;T;True;2
1621243212000;11526054;0.86125;0.86137;0.86131;0;T;True;2
1621243213000;11526055;0.86125;0.86137;0.86131;0;T;True;2
1621243214000;11526057;0.86127;0.86139;0.86133;1;T;True;2
1621243215000;11526058;0.86127;0.86139;0.86133;0;T;True;2
1621243216000;11526059;0.86127;0.86139;0.86133;0;T;True;2
1621243217000;11526060;0.86127;0.86139;0.86133;0;T;True;2
1621243218000;11526061;0.86127;0.86139;0.86133;0;T;True;2
1621243219000;11526062;0.86127;0.86139;0.86133;0;T;True;2
1621243220000;11526064;0.86128;0.8614;0.86134;1;T;True;2
1621243221000;11526066;0.86129;0.86141;0.86135;1;T;True;2
1621243222000;11526067;0.86129;0.86141;0.86135;0;T;True;2
1621243223000;11526068;0.86129;0.86141;0.86135;0;T;True;2
1621243224000;11526069;0.86129;0.86141;0.86135;0;T;True;2
1621243225000;11526070;0.86129;0.86141;0.86135;0;T;True;2
1621243226000;11526071;0.86129;0.86141;0.86135;0;T;True;2
1621243227000;11526072;0.86129;0.86141;0.86135;0;T;True;2
1621243228000;11526074;0.86127;0.86139;0.86133;1;T;True;2
1621243229000;11526076;0.86127;0.86139;0.86133;1;T;True;2
1621243230000;11526077;0.86127;0.86139;0.86133;0;T;True;2
1621243231000;11526079;0.86127;0.86139;0.86133;1;T;True;2
1621243232000;11526080;0.86127;0.86139;0.86133;0;T;True;2
1621243233000;11526081;0.86127;0.86139;0.86133;0;T;True;2
1621243234000;11526082;0.86127;0.86139;0.86133;0;T;True;2
1621243235000;11526084;0.86128;0.8614;0.86134;1;T;True;2
1621243236000;11526085;0.86128;0.8614;0.86134;0;T;True;2
1621243237000;11526086;0.86128;0.8614;0.86134;0;T;True;2
1621243238000;11526087;0.86128;0.8614;0.86134;0;T;True;2
1621243239000;11526088;0.86128;0.8614;0.86134;0;T;True;2
1621243240000;11526089;0.86128;0.8614;0.86134;0;T;True;2
1621243241000;11526091;0.86129;0.86141;0.86135;1;T;True;2
1621243242000;11526092;0.86129;0.86141;0.86135;0;T;True;2
1621243243000;11526093;0.86129;0.86141;0.86135;0;T;True;2
1621243244000;11526094;0.86129;0.86141;0.86135;0;T;True;2
1621243245000;11526095;0.86129;0.86141;0.86135;0;T;True;2
1621243246000;11526096;0.86129;0.86141;0.86135;0;T;True;2
1621243247000;11526098;0.86129;0.86141;0.86135;1;T;True;2
1621243248000;11526099;0.86129;0.86141;0.86135;0;T;True;2
1621243249000;11526101;0.86129;0.86141;0.86135;1;T;True;2
1621243250000;11526102;0.86129;0.86141;0.86135;0;T;True;2
1621243251000;11526103;0.86129;0.86141;0.86135;0;T;True;2
1621243252000;11526104;0.86129;0.86141;0.86135;0;T;True;2
1621243253000;11526105;0.86129;0.86141;0.86135;0;T;True;2
1621243254000;11526106;0.86129;0.86141;0.86135;0;T;True;2
1621243255000;11526108;0.86128;0.8614;0.86134;1;T;True;2
1621243256000;11526110;0.86127;0.86139;0.86133;1;T;True;2
1621243257000;11526111;0.86127;0.86139;0.86133;0;T;True;2
1621243258000;11526112;0.86127;0.86139;0.86133;0;T;True;2
1621243259000;11526113;0.86127;0.86139;0.86133;0;T;True;2
1621243260000;11526114;0.86127;0.86139;0.86133;0;T;True;2
1621243261000;11526116;0.86127;0.86139;0.86133;1;T;True;2
1621243262000;11526117;0.86127;0.86139;0.86133;0;T;True;2
1621243263000;11526118;0.86127;0.86139;0.86133;0;T;True;2
1621243264000;11526119;0.86127;0.86139;0.86133;0;T;True;2
1621243265000;11526120;0.86127;0.86139;0.86133;0;T;True;2
1621243266000;11526121;0.86127;0.86139;0.86133;0;T;True;2
1621243267000;11526122;0.86127;0.86139;0.86133;0;T;True;2
1621243268000;11526123;0.86127;0.86139;0.86133;0;T;True;2
1621243269000;11526124;0.86127;0.86139;0.86133;0;T;True;2
1621243270000;11526130;0.86124;0.86136;0.8613;5;T;True;2
1621243271000;11526131;0.86124;0.86136;0.8613;0;T;True;2
1621243272000;11526132;0.86124;0.86136;0.8613;0;T;True;2
1621243273000;11526133;0.86124;0.86136;0.8613;0;T;True;2
1621243274000;11526134;0.86124;0.86136;0.8613;0;T;True;2
1621243275000;11526138;0.86124;0.86136;0.8613;3;T;True;2
1621243276000;11526139;0.86124;0.86136;0.8613;0;T;True;2
1621243277000;11526142;0.86123;0.86135;0.86129;2;T;True;2
1621243278000;11526148;0.86123;0.86135;0.86129;5;T;True;2
1621243279000;11526150;0.86123;0.86135;0.86129;1;T;True;2
1621243280000;11526152;0.86124;0.86136;0.8613;1;T;True;2
1621243281000;11526155;0.86125;0.86137;0.86131;2;T;True;2
1621243282000;11526157;0.86125;0.86137;0.86131;1;T;True;2
1621243283000;11526161;0.86125;0.86137;0.86131;3;T;True;2
1621243284000;11526163;0.86124;0.86136;0.8613;1;T;True;2
1621243285000;11526164;0.86124;0.86136;0.8613;0;T;True;2
1621243286000;11526166;0.86125;0.86137;0.86131;1;T;True;2
1621243287000;11526170;0.86125;0.86137;0.86131;3;T;True;2
1621243288000;11526171;0.86125;0.86137;0.86131;0;T;True;2
1621243289000;11526172;0.86125;0.86137;0.86131;0;T;True;2
1621243290000;11526173;0.86125;0.86137;0.86131;0;T;True;2
1621243291000;11526174;0.86125;0.86137;0.86131;0;T;True;2
1621243292000;11526175;0.86125;0.86137;0.86131;0;T;True;2
1621243293000;11526177;0.86125;0.86137;0.86131;1;T;True;2
1621243294000;11526182;0.86128;0.8614;0.86134;4;T;True;2
1621243295000;11526183;0.86128;0.8614;0.86134;0;T;True;2
1621243296000;11526184;0.86128;0.8614;0.86134;0;T;True;2
1621243297000;11526185;0.86128;0.8614;0.86134;0;T;True;2
1621243298000;11526186;0.86128;0.8614;0.86134;0;T;True;2
1621243299000;11526191;0.86125;0.86137;0.86131;4;T;True;2
1621243300000;11526192;0.86125;0.86137;0.86131;0;T;True;2
1621243301000;11526193;0.86125;0.86137;0.86131;0;T;True;2
1621243302000;11526196;0.86125;0.86137;0.86131;2;T;True;2
1621243303000;11526198;0.86125;0.86137;0.86131;1;T;True;2
1621243304000;11526199;0.86125;0.86137;0.86131;0;T;True;2
1621243305000;11526201;0.86124;0.86136;0.8613;1;T;True;2
1621243306000;11526202;0.86124;0.86136;0.8613;0;T;True;2
1621243307000;11526207;0.86123;0.86135;0.86129;4;T;True;2
1621243308000;11526208;0.86123;0.86135;0.86129;0;T;True;2
1621243309000;11526209;0.86123;0.86135;0.86129;0;T;True;2
1621243310000;11526210;0.86123;0.86135;0.86129;0;T;True;2
1621243311000;11526212;0.86124;0.86136;0.8613;1;T;True;2
1621243312000;11526214;0.86123;0.86135;0.86129;1;T;True;2
1621243313000;11526215;0.86123;0.86135;0.86129;0;T;True;2
1621243314000;11526216;0.86123;0.86135;0.86129;0;T;True;2
1621243315000;11526217;0.86123;0.86135;0.86129;0;T;True;2
1621243316000;11526225;0.86128;0.8614;0.86134;7;T;True;2
1621243317000;11526226;0.86128;0.8614;0.86134;0;T;True;2
1621243318000;11526227;0.86128;0.8614;0.86134;0;T;True;2
1621243319000;11526228;0.86128;0.8614;0.86134;0;T;True;2
1621243320000;11526230;0.86129;0.86141;0.86135;1;T;True;2
1621243321000;11526232;0.86129;0.86141;0.86135;1;T;True;2
1621243322000;11526233;0.86129;0.86141;0.86135;0;T;True;2
1621243323000;11526234;0.86129;0.86141;0.86135;0;T;True;2
1621243324000;11526235;0.86129;0.86141;0.86135;0;T;True;2
1621243325000;11526236;0.86129;0.86141;0.86135;0;T;True;2
1621243326000;11526237;0.86129;0.86141;0.86135;0;T;True;2
1621243327000;11526239;0.8613;0.86142;0.86136;1;T;True;2
1621243328000;11526240;0.8613;0.86142;0.86136;0;T;True;2
1621243329000;11526241;0.8613;0.86142;0.86136;0;T;True;2
1621243330000;11526242;0.8613;0.86142;0.86136;0;T;True;2
1621243331000;11526243;0.8613;0.86142;0.86136;0;T;True;2
1621243332000;11526244;0.8613;0.86142;0.86136;0;T;True;2
1621243333000;11526245;0.8613;0.86142;0.86136;0;T;True;2
1621243334000;11526246;0.8613;0.86142;0.86136;0;T;True;2
1621243335000;11526247;0.8613;0.86142;0.86136;0;T;True;2
1621243336000;11526248;0.8613;0.86142;0.86136;0;T;True;2
1621243337000;11526250;0.8613;0.86142;0.86136;1;T;True;2
1621243338000;11526251;0.8613;0.86142;0.86136;0;T;True;2
1621243339000;11526255;0.86132;0.86144;0.86138;3;T;True;2
1621243340000;11526256;0.86132;0.86144;0.86138;0;T;True;2
1621243341000;11526257;0.86132;0.86144;0.86138;0;T;True;2
1621243342000;11526260;0.86133;0.86145;0.86139;2;T;True;2
1621243343000;11526261;0.86133;0.86145;0.86139;0;T;True;2
1621243344000;11526266;0.86129;0.86141;0.86135;4;T;True;2
1621243345000;11526267;0.86129;0.86141;0.86135;0;T;True;2
1621243346000;11526269;0.86127;0.86139;0.86133;1;T;True;2
1621243347000;11526270;0.86127;0.86139;0.86133;0;T;True;2
1621243348000;11526272;0.86127;0.86139;0.86133;1;T;True;2
1621243349000;11526274;0.86127;0.86139;0.86133;1;T;True;2
1621243350000;11526275;0.86127;0.86139;0.86133;0;T;True;2
1621243351000;11526276;0.86127;0.86139;0.86133;0;T;True;2
1621243352000;11526277;0.86127;0.86139;0.86133;0;T;True;2
1621243353000;11526278;0.86127;0.86139;0.86133;0;T;True;2
1621243354000;11526279;0.86127;0.86139;0.86133;0;T;True;2
1621243355000;11526280;0.86127;0.86139;0.86133;0;T;True;2
1621243356000;11526281;0.86127;0.86139;0.86133;0;T;True;2
1621243357000;11526282;0.86127;0.86139;0.86133;0;T;True;2
1621243358000;11526283;0.86127;0.86139;0.86133;0;T;True;2
1621243359000;11526284;0.86127;0.86139;0.86133;0;T;True;2
1621243360000;11526285;0.86127;0.86139;0.86133;0;T;True;2
1621243361000;11526286;0.86127;0.86139;0.86133;0;T;True;2
1621243362000;11526287;0.86127;0.86139;0.86133;0;T;True;2
1621243363000;11526288;0.86127;0.86139;0.86133;0;T;True;2
1621243364000;11526289;0.86127;0.86139;0.86133;0;T;True;2
1621243365000;11526290;0.86127;0.86139;0.86133;0;T;True;2
1621243366000;11526291;0.86127;0.86139;0.86133;0;T;True;2
1621243367000;11526292;0.86127;0.86139;0.86133;0;T;True;2
1621243368000;11526293;0.86127;0.86139;0.86133;0;T;True;2
1621243369000;11526294;0.86127;0.86139;0.86133;0;T;True;2
1621243370000;11526295;0.86127;0.86139;0.86133;0;T;True;2
1621243371000;11526296;0.86127;0.86139;0.86133;0;T;True;2
1621243372000;11526297;0.86127;0.86139;0.86133;0;T;True;2
1621243373000;11526298;0.86127;0.86139;0.86133;0;T;True;2
1621243374000;11526299;0.86127;0.86139;0.86133;0;T;True;2
1621243375000;11526301;0.86128;0.8614;0.86134;1;T;True;2
1621243376000;11526304;0.86127;0.86139;0.86133;2;T;True;2
1621243377000;11526305;0.86127;0.86139;0.86133;0;T;True;2
1621243378000;11526306;0.86127;0.86139;0.86133;0;T;True;2
1621243379000;11526307;0.86127;0.86139;0.86133;0;T;True;2
1621243380000;11526308;0.86127;0.86139;0.86133;0;T;True;2
1621243381000;11526309;0.86127;0.86139;0.86133;0;T;True;2
1621243382000;11526310;0.86127;0.86139;0.86133;0;T;True;2
1621243383000;11526311;0.86127;0.86139;0.86133;0;T;True;2
1621243384000;11526312;0.86127;0.86139;0.86133;0;T;True;2
1621243385000;11526313;0.86127;0.86139;0.86133;0;T;True;2
1621243386000;11526314;0.86127;0.86139;0.86133;0;T;True;2
1621243387000;11526317;0.86128;0.8614;0.86134;2;T;True;2
1621243388000;11526319;0.86129;0.86141;0.86135;1;T;True;2
1621243389000;11526320;0.86129;0.86141;0.86135;0;T;True;2
1621243390000;11526321;0.86129;0.86141;0.86135;0;T;True;2
1621243391000;11526322;0.86129;0.86141;0.86135;0;T;True;2
1621243392000;11526323;0.86129;0.86141;0.86135;0;T;True;2
1621243393000;11526324;0.86129;0.86141;0.86135;0;T;True;2
1621243394000;11526325;0.86129;0.86141;0.86135;0;T;True;2
1621243395000;11526326;0.86129;0.86141;0.86135;0;T;True;2
1621243396000;11526327;0.86129;0.86141;0.86135;0;T;True;2
1621243397000;11526328;0.86129;0.86141;0.86135;0;T;True;2
1621243398000;11526329;0.86129;0.86141;0.86135;0;T;True;2
1621243399000;11526330;0.86129;0.86141;0.86135;0;T;True;2
1621243400000;11526331;0.86129;0.86141;0.86135;0;T;True;2
1621243401000;11526332;0.86129;0.86141;0.86135;0;T;True;2
1621243402000;11526333;0.86129;0.86141;0.86135;0;T;True;2
1621243403000;11526334;0.86129;0.86141;0.86135;0;T;True;2
1621243404000;11526335;0.86129;0.86141;0.86135;0;T;True;2
1621243405000;11526337;0.8613;0.86142;0.86136;1;T;True;2
1621243406000;11526338;0.8613;0.86142;0.86136;0;T;True;2
1621243407000;11526340;0.86131;0.86143;0.86137;1;T;True;2
1621243408000;11526341;0.86131;0.86143;0.86137;0;T;True;2
1621243409000;11526342;0.86131;0.86143;0.86137;0;T;True;2
1621243410000;11526343;0.86131;0.86143;0.86137;0;T;True;2
1621243411000;11526344;0.86131;0.86143;0.86137;0;T;True;2
1621243412000;11526345;0.86131;0.86143;0.86137;0;T;True;2
1621243413000;11526346;0.86131;0.86143;0.86137;0;T;True;2
1621243414000;11526347;0.86131;0.86143;0.86137;0;T;True;2
1621243415000;11526348;0.86131;0.86143;0.86137;0;T;True;2
1621243416000;11526349;0.86131;0.86143;0.86137;0;T;True;2
1621243417000;11526350;0.86131;0.86143;0.86137;0;T;True;2
1621243418000;11526351;0.86131;0.86143;0.86137;0;T;True;2
1621243419000;11526352;0.86131;0.86143;0.86137;0;T;True;2
1621243420000;11526353;0.86131;0.86143;0.86137;0;T;True;2
1621243421000;11526354;0.86131;0.86143;0.86137;0;T;True;2
1621243422000;11526359;0.86129;0.86141;0.86135;4;T;True;2
1621243423000;11526360;0.86129;0.86141;0.86135;0;T;True;2
1621243424000;11526361;0.86129;0.86141;0.86135;0;T;True;2
1621243425000;11526362;0.86129;0.86141;0.86135;0;T;True;2
1621243426000;11526363;0.86129;0.86141;0.86135;0;T;True;2
1621243427000;11526365;0.86129;0.86141;0.86135;1;T;True;2
1621243428000;11526367;0.86129;0.86141;0.86135;1;T;True;2
1621243429000;11526369;0.86129;0.86141;0.86135;1;T;True;2
1621243430000;11526370;0.86129;0.86141;0.86135;0;T;True;2
1621243431000;11526371;0.86129;0.86141;0.86135;0;T;True;2
1621243432000;11526373;0.8613;0.86142;0.86136;1;T;True;2
1621243433000;11526374;0.8613;0.86142;0.86136;0;T;True;2
1621243434000;11526375;0.8613;0.86142;0.86136;0;T;True;2
1621243435000;11526376;0.8613;0.86142;0.86136;0;T;True;2
1621243436000;11526378;0.86131;0.86143;0.86137;1;T;True;2
1621243437000;11526379;0.86131;0.86143;0.86137;0;T;True;2
1621243438000;11526380;0.86131;0.86143;0.86137;0;T;True;2
1621243439000;11526381;0.86131;0.86143;0.86137;0;T;True;2
1621243440000;11526382;0.86131;0.86143;0.86137;0;T;True;2
1621243441000;11526383;0.86131;0.86143;0.86137;0;T;True;2
1621243442000;11526384;0.86131;0.86143;0.86137;0;T;True;2
1621243443000;11526386;0.86131;0.86143;0.86137;1;T;True;2
1621243444000;11526391;0.86129;0.86141;0.86135;4;T;True;2
1621243445000;11526392;0.86129;0.86141;0.86135;0;T;True;2
1621243446000;11526393;0.86129;0.86141;0.86135;0;T;True;2
1621243447000;11526394;0.86129;0.86141;0.86135;0;T;True;2
1621243448000;11526398;0.86131;0.86143;0.86137;3;T;True;2
1621243449000;11526402;0.86131;0.86143;0.86137;3;T;True;2
1621243450000;11526405;0.8613;0.86142;0.86136;2;T;True;2
1621243451000;11526406;0.8613;0.86142;0.86136;0;T;True;2
1621243452000;11526407;0.8613;0.86142;0.86136;0;T;True;2
1621243453000;11526408;0.8613;0.86142;0.86136;0;T;True;2
1621243454000;11526409;0.8613;0.86142;0.86136;0;T;True;2
1621243455000;11526410;0.8613;0.86142;0.86136;0;T;True;2
1621243456000;11526413;0.86131;0.86143;0.86137;2;T;True;2
1621243457000;11526414;0.86131;0.86143;0.86137;0;T;True;2
1621243458000;11526418;0.86133;0.86145;0.86139;3;T;True;2
1621243459000;11526421;0.86135;0.86147;0.86141;2;T;True;2
1621243460000;11526422;0.86135;0.86147;0.86141;0;T;True;2
1621243461000;11526423;0.86135;0.86147;0.86141;0;T;True;2
1621243462000;11526424;0.86135;0.86147;0.86141;0;T;True;2
1621243463000;11526426;0.86134;0.86146;0.8614;1;T;True;2
1621243464000;11526428;0.86133;0.86145;0.86139;1;T;True;2
1621243465000;11526429;0.86133;0.86145;0.86139;0;T;True;2
1621243466000;11526430;0.86133;0.86145;0.86139;0;T;True;2
1621243467000;11526431;0.86133;0.86145;0.86139;0;T;True;2
1621243468000;11526432;0.86133;0.86145;0.86139;0;T;True;2
1621243469000;11526433;0.86133;0.86145;0.86139;0;T;True;2
1621243470000;11526434;0.86133;0.86145;0.86139;0;T;True;2
1621243471000;11526435;0.86133;0.86145;0.86139;0;T;True;2
1621243472000;11526437;0.86134;0.86146;0.8614;1;T;True;2
1621243473000;11526439;0.86135;0.86147;0.86141;1;T;True;2
1621243474000;11526442;0.86137;0.86149;0.86143;2;T;True;2
1621243475000;11526443;0.86137;0.86149;0.86143;0;T;True;2
1621243476000;11526445;0.86137;0.86149;0.86143;1;T;True;2
1621243477000;11526446;0.86137;0.86149;0.86143;0;T;True;2
1621243478000;11526447;0.86137;0.86149;0.86143;0;T;True;2
1621243479000;11526448;0.86137;0.86149;0.86143;0;T;True;2
1621243480000;11526449;0.86137;0.86149;0.86143;0;T;True;2
1621243481000;11526453;0.86135;0.86147;0.86141;3;T;True;2
1621243482000;11526455;0.86133;0.86145;0.86139;1;T;True;2
1621243483000;11526456;0.86133;0.86145;0.86139;0;T;True;2
1621243484000;11526458;0.86132;0.86144;0.86138;1;T;True;2
1621243485000;11526459;0.86132;0.86144;0.86138;0;T;True;2
1621243486000;11526460;0.86132;0.86144;0.86138;0;T;True;2
1621243487000;11526461;0.86132;0.86144;0.86138;0;T;True;2
1621243488000;11526465;0.86132;0.86144;0.86138;3;T;True;2
1621243489000;11526467;0.86131;0.86143;0.86137;1;T;True;2
1621243490000;11526470;0.8613;0.86142;0.86136;2;T;True;2
1621243491000;11526471;0.8613;0.86142;0.86136;0;T;True;2
1621243492000;11526473;0.86129;0.86141;0.86135;1;T;True;2
1621243493000;11526474;0.86129;0.86141;0.86135;0;T;True;2
1621243494000;11526476;0.86127;0.86139;0.86133;1;T;True;2
1621243495000;11526478;0.86126;0.86138;0.86132;1;T;True;2
1621243496000;11526479;0.86126;0.86138;0.86132;0;T;True;2
1621243497000;11526480;0.86126;0.86138;0.86132;0;T;True;2
1621243498000;11526481;0.86126;0.86138;0.86132;0;T;True;2
1621243499000;11526482;0.86126;0.86138;0.86132;0;T;True;2
1621243500000;11526483;0.86126;0.86138;0.86132;0;T;True;2
1621243501000;11526486;0.86127;0.86139;0.86133;2;T;True;2
1621243502000;11526494;0.86137;0.86149;0.86143;7;T;True;2
1621243503000;11526495;0.86137;0.86149;0.86143;0;T;True;2
1621243504000;11526496;0.86137;0.86149;0.86143;0;T;True;2
1621243505000;11526497;0.86137;0.86149;0.86143;0;T;True;2
1621243506000;11526498;0.86137;0.86149;0.86143;0;T;True;2
1621243507000;11526502;0.86136;0.86148;0.86142;3;T;True;2
1621243508000;11526503;0.86136;0.86148;0.86142;0;T;True;2
1621243509000;11526504;0.86136;0.86148;0.86142;0;T;True;2
1621243510000;11526506;0.86137;0.86149;0.86143;1;T;True;2
1621243511000;11526507;0.86137;0.86149;0.86143;0;T;True;2
1621243512000;11526508;0.86137;0.86149;0.86143;0;T;True;2
1621243513000;11526509;0.86137;0.86149;0.86143;0;T;True;2
1621243514000;11526511;0.86136;0.86148;0.86142;1;T;True;2
1621243515000;11526512;0.86136;0.86148;0.86142;0;T;True;2
1621243516000;11526513;0.86136;0.86148;0.86142;0;T;True;2
1621243517000;11526514;0.86136;0.86148;0.86142;0;T;True;2
1621243518000;11526515;0.86136;0.86148;0.86142;0;T;True;2
1621243519000;11526516;0.86136;0.86148;0.86142;0;T;True;2
1621243520000;11526517;0.86136;0.86148;0.86142;0;T;True;2
1621243521000;11526518;0.86136;0.86148;0.86142;0;T;True;2
1621243522000;11526519;0.86136;0.86148;0.86142;0;T;True;2
1621243523000;11526520;0.86136;0.86148;0.86142;0;T;True;2
1621243524000;11526521;0.86136;0.86148;0.86142;0;T;True;2
1621243525000;11526522;0.86136;0.86148;0.86142;0;T;True;2
1621243526000;11526524;0.86136;0.86148;0.86142;1;T;True;2
1621243527000;11526526;0.86136;0.86148;0.86142;1;T;True;2
1621243528000;11526527;0.86136;0.86148;0.86142;0;T;True;2
1621243529000;11526528;0.86136;0.86148;0.86142;0;T;True;2
1621243530000;11526530;0.86134;0.86146;0.8614;1;T;True;2
1621243531000;11526531;0.86134;0.86146;0.8614;0;T;True;2
1621243532000;11526532;0.86134;0.86146;0.8614;0;T;True;2
1621243533000;11526534;0.86135;0.86147;0.86141;1;T;True;2
1621243534000;11526535;0.86135;0.86147;0.86141;0;T;True;2
1621243535000;11526538;0.86135;0.86147;0.86141;2;T;True;2
1621243536000;11526539;0.86135;0.86147;0.86141;0;T;True;2
1621243537000;11526540;0.86135;0.86147;0.86141;0;T;True;2
1621243538000;11526544;0.86133;0.86145;0.86139;3;T;True;2
1621243539000;11526546;0.86133;0.86145;0.86139;1;T;True;2
1621243540000;11526548;0.86132;0.86144;0.86138;1;T;True;2
1621243541000;11526550;0.86133;0.86145;0.86139;1;T;True;2
1621243542000;11526551;0.86133;0.86145;0.86139;0;T;True;2
1621243543000;11526555;0.86137;0.86149;0.86143;3;T;True;2
1621243544000;11526556;0.86137;0.86149;0.86143;0;T;True;2
1621243545000;11526557;0.86137;0.86149;0.86143;0;T;True;2
1621243546000;11526558;0.86137;0.86149;0.86143;0;T;True;2
1621243547000;11526560;0.86137;0.86149;0.86143;1;T;True;2
1621243548000;11526561;0.86137;0.86149;0.86143;0;T;True;2
1621243549000;11526562;0.86137;0.86149;0.86143;0;T;True;2
1621243550000;11526563;0.86137;0.86149;0.86143;0;T;True;2
1621243551000;11526566;0.86139;0.86151;0.86145;2;T;True;2
1621243552000;11526567;0.86139;0.86151;0.86145;0;T;True;2
1621243553000;11526568;0.86139;0.86151;0.86145;0;T;True;2
1621243554000;11526569;0.86139;0.86151;0.86145;0;T;True;2
1621243555000;11526571;0.86138;0.8615;0.86144;1;T;True;2
1621243556000;11526575;0.86137;0.86149;0.86143;3;T;True;2
1621243557000;11526576;0.86137;0.86149;0.86143;0;T;True;2
1621243558000;11526579;0.86139;0.86151;0.86145;2;T;True;2
1621243559000;11526580;0.86139;0.86151;0.86145;0;T;True;2
1621243560000;11526581;0.86139;0.86151;0.86145;0;T;True;2
1621243561000;11526582;0.86139;0.86151;0.86145;0;T;True;2
1621243562000;11526583;0.86139;0.86151;0.86145;0;T;True;2
1621243563000;11526589;0.86134;0.86146;0.8614;5;T;True;2
1621243564000;11526590;0.86134;0.86146;0.8614;0;T;True;2
1621243565000;11526591;0.86134;0.86146;0.8614;0;T;True;2
1621243566000;11526593;0.86135;0.86147;0.86141;1;T;True;2
1621243567000;11526594;0.86135;0.86147;0.86141;0;T;True;2
1621243568000;11526595;0.86135;0.86147;0.86141;0;T;True;2
1621243569000;11526596;0.86135;0.86147;0.86141;0;T;True;2
1621243570000;11526597;0.86135;0.86147;0.86141;0;T;True;2
1621243571000;11526598;0.86135;0.86147;0.86141;0;T;True;2
1621243572000;11526600;0.86134;0.86146;0.8614;1;T;True;2
1621243573000;11526601;0.86134;0.86146;0.8614;0;T;True;2
1621243574000;11526602;0.86134;0.86146;0.8614;0;T;True;2
1621243575000;11526603;0.86134;0.86146;0.8614;0;T;True;2
1621243576000;11526604;0.86134;0.86146;0.8614;0;T;True;2
1621243577000;11526605;0.86134;0.86146;0.8614;0;T;True;2
1621243578000;11526607;0.86135;0.86147;0.86141;1;T;True;2
1621243579000;11526609;0.86134;0.86146;0.8614;1;T;True;2
1621243580000;11526612;0.86134;0.86146;0.8614;2;T;True;2
1621243581000;11526618;0.86135;0.86147;0.86141;5;T;True;2
1621243582000;11526619;0.86135;0.86147;0.86141;0;T;True;2
1621243583000;11526620;0.86135;0.86147;0.86141;0;T;True;2
1621243584000;11526621;0.86135;0.86147;0.86141;0;T;True;2
1621243585000;11526622;0.86135;0.86147;0.86141;0;T;True;2
1621243586000;11526623;0.86135;0.86147;0.86141;0;T;True;2
1621243587000;11526627;0.86136;0.86148;0.86142;3;T;True;2
1621243588000;11526630;0.86137;0.86149;0.86143;2;T;True;2
