ts;n;bid;ask;value;volume;phase;round;active_id
1621225662000;11494476;0.8611;0.86122;0.86116;0;T;True;2
1621225663000;11494478;0.8611;0.86122;0.86116;1;T;True;2
1621225664000;11494479;0.8611;0.86122;0.86116;0;T;True;2
1621225665000;11494480;0.8611;0.86122;0.86116;0;T;True;2
1621225666000;11494481;0.8611;0.86122;0.86116;0;T;True;2
1621225667000;11494483;0.8611;0.86122;0.86116;1;T;True;2
1621225668000;11494484;0.8611;0.86122;0.86116;0;T;True;2
1621225669000;11494485;0.8611;0.86122;0.86116;0;T;True;2
1621225670000;11494486;0.8611;0.86122;0.86116;0;T;True;2
1621225671000;11494487;0.8611;0.86122;0.86116;0;T;True;2
1621225672000;11494488;0.8611;0.86122;0.86116;0;T;True;2
1621225673000;11494489;0.8611;0.86122;0.86116;0;T;True;2
1621225674000;11494490;0.8611;0.86122;0.86116;0;T;True;2
1621225675000;11494491;0.8611;0.86122;0.86116;0;T;True;2
1621225676000;11494492;0.8611;0.86122;0.86116;0;T;True;2
1621225677000;11494493;0.8611;0.86122;0.86116;0;T;True;2
1621225678000;11494494;0.8611;0.86122;0.86116;0;T;True;2
1621225679000;11494495;0.8611;0.86122;0.86116;0;T;True;2
1621225680000;11494496;0.8611;0.86122;0.86116;0;T;True;2
1621225681000;11494497;0.8611;0.86122;0.86116;0;T;True;2
1621225682000;11494498;0.8611;0.86122;0.86116;0;T;True;2
1621225683000;11494499;0.8611;0.86122;0.86116;0;T;True;2
1621225684000;11494500;0.8611;0.86122;0.86116;0;T;True;2
1621225685000;11494501;0.8611;0.86122;0.86116;0;T;True;2
1621225686000;11494502;0.8611;0.86122;0.86116;0;T;True;2
1621225687000;11494503;0.8611;0.86122;0.86116;0;T;True;2
1621225688000;11494505;0.8611;0.86122;0.86116;1;T;True;2
1621225689000;11494507;0.86109;0.86121;0.86115;1;T;True;2
1621225690000;11494509;0.86109;0.86121;0.86115;1;T;True;2
1621225691000;11494510;0.86109;0.86121;0.86115;0;T;True;2
1621225692000;11494514;0.8611;0.86122;0.86116;3;T;True;2
1621225693000;11494515;0.8611;0.86122;0.86116;0;T;True;2
1621225694000;11494520;0.86107;0.86119;0.86113;4;T;True;2
1621225695000;11494523;0.86106;0.86118;0.86112;2;T;True;2
1621225696000;11494524;0.86106;0.86118;0.86112;0;T;True;2
1621225697000;11494528;0.86105;0.86117;0.86111;3;T;True;2
1621225698000;11494529;0.86105;0.86117;0.86111;0;T;True;2
1621225699000;11494530;0.86105;0.86117;0.86111;0;T;True;2
1621225700000;11494532;0.86105;0.86117;0.86111;1;T;True;2
1621225701000;11494533;0.86105;0.86117;0.86111;0;T;True;2
1621225702000;11494534;0.86105;0.86117;0.86111;0;T;True;2
1621225703000;11494536;0.86104;0.86116;0.8611;1;T;True;2
1621225704000;11494537;0.86104;0.86116;0.8611;0;T;True;2
1621225705000;11494538;0.86104;0.86116;0.8611;0;T;True;2
1621225706000;11494539;0.86104;0.86116;0.8611;0;T;True;2
1621225707000;11494541;0.86104;0.86116;0.8611;1;T;True;2
1621225708000;11494543;0.86105;0.86117;0.86111;1;T;True;2
1621225709000;11494545;0.86106;0.86118;0.86112;1;T;True;2
1621225710000;11494547;0.86105;0.86117;0.86111;1;T;True;2
1621225711000;11494548;0.86105;0.86117;0.86111;0;T;True;2
1621225712000;11494549;0.86105;0.86117;0.86111;0;T;True;2
1621225713000;11494550;0.86105;0.86117;0.86111;0;T;True;2
1621225714000;11494551;0.86105;0.86117;0.86111;0;T;True;2
1621225715000;11494552;0.86105;0.86117;0.86111;0;T;True;2
1621225716000;11494553;0.86105;0.86117;0.86111;0;T;True;2
1621225717000;11494554;0.86105;0.86117;0.86111;0;T;True;2
1621225718000;11494555;0.86105;0.86117;0.86111;0;T;True;2
1621225719000;11494557;0.86106;0.86118;0.86112;1;T;True;2
1621225720000;11494558;0.86106;0.86118;0.86112;0;T;True;2
1621225721000;11494560;0.86105;0.86117;0.86111;1;T;True;2
1621225722000;11494561;0.86105;0.86117;0.86111;0;T;True;2
1621225723000;11494562;0.86105;0.86117;0.86111;0;T;True;2
1621225724000;11494563;0.86105;0.86117;0.86111;0;T;True;2
1621225725000;11494564;0.86105;0.86117;0.86111;0;T;True;2
1621225726000;11494565;0.86105;0.86117;0.86111;0;T;True;2
1621225727000;11494566;0.86105;0.86117;0.86111;0;T;True;2
1621225728000;11494567;0.86105;0.86117;0.86111;0;T;True;2
1621225729000;11494568;0.86105;0.86117;0.86111;0;T;True;2
1621225730000;11494569;0.86105;0.86117;0.86111;0;T;True;2
1621225731000;11494570;0.86105;0.86117;0.86111;0;T;True;2
1621225732000;11494571;0.86105;0.86117;0.86111;0;T;True;2
1621225733000;11494573;0.86106;0.86118;0.86112;1;T;True;2
1621225734000;11494574;0.86106;0.86118;0.86112;0;T;True;2
1621225735000;11494578;0.86108;0.8612;0.86114;3;T;True;2
1621225736000;11494579;0.86108;0.8612;0.86114;0;T;True;2
1621225737000;11494580;0.86108;0.8612;0.86114;0;T;True;2
1621225738000;11494583;0.8611;0.86122;0.86116;2;T;True;2
1621225739000;11494584;0.8611;0.86122;0.86116;0;T;True;2
1621225740000;11494585;0.8611;0.86122;0.86116;0;T;True;2
1621225741000;11494587;0.86109;0.86121;0.86115;1;T;True;2
1621225742000;11494588;0.86109;0.86121;0.86115;0;T;True;2
1621225743000;11494589;0.86109;0.86121;0.86115;0;T;True;2
1621225744000;11494592;0.86109;0.86121;0.86115;2;T;True;2
1621225745000;11494593;0.86109;0.86121;0.86115;0;T;True;2
1621225746000;11494594;0.86109;0.86121;0.86115;0;T;True;2
1621225747000;11494595;0.86109;0.86121;0.86115;0;T;True;2
1621225748000;11494596;0.86109;0.86121;0.86115;0;T;True;2
1621225749000;11494597;0.86109;0.86121;0.86115;0;T;True;2
1621225750000;11494598;0.86109;0.86121;0.86115;0;T;True;2
1621225751000;11494600;0.86109;0.86121;0.86115;1;T;True;2
1621225752000;11494602;0.86109;0.86121;0.86115;1;T;True;2
1621225753000;11494603;0.86109;0.86121;0.86115;0;T;True;2
1621225754000;11494604;0.86109;0.86121;0.86115;0;T;True;2
1621225755000;11494605;0.86109;0.86121;0.86115;0;T;True;2
1621225756000;11494606;0.86109;0.86121;0.86115;0;T;True;2
1621225757000;11494607;0.86109;0.86121;0.86115;0;T;True;2
1621225758000;11494608;0.86109;0.86121;0.86115;0;T;True;2
1621225759000;11494609;0.86109;0.86121;0.86115;0;T;True;2
1621225760000;11494610;0.86109;0.86121;0.86115;0;T;True;2
1621225761000;11494611;0.86109;0.86121;0.86115;0;T;True;2
1621225762000;11494612;0.86109;0.86121;0.86115;0;T;True;2
1621225763000;11494613;0.86109;0.86121;0.86115;0;T;True;2
1621225764000;11494614;0.86109;0.86121;0.86115;0;T;True;2
1621225765000;11494615;0.86109;0.86121;0.86115;0;T;True;2
1621225766000;11494618;0.86109;0.86121;0.86115;2;T;True;2
1621225767000;11494619;0.86109;0.86121;0.86115;0;T;True;2
1621225768000;11494620;0.86109;0.86121;0.86115;0;T;True;2
1621225769000;11494621;0.86109;0.86121;0.86115;0;T;True;2
1621225770000;11494623;0.86108;0.8612;0.86114;1;T;True;2
1621225771000;11494624;0.86108;0.8612;0.86114;0;T;True;2
1621225772000;11494625;0.86108;0.8612;0.86114;0;T;True;2
1621225773000;11494626;0.86108;0.8612;0.86114;0;T;True;2
1621225774000;11494627;0.86108;0.8612;0.86114;0;T;True;2
1621225775000;11494628;0.86108;0.8612;0.86114;0;T;True;2
1621225776000;11494629;0.86108;0.8612;0.86114;0;T;True;2
1621225777000;11494630;0.86108;0.8612;0.86114;0;T;True;2
1621225778000;11494631;0.86108;0.8612;0.86114;0;T;True;2
1621225779000;11494632;0.86108;0.8612;0.86114;0;T;True;2
1621225780000;11494633;0.86108;0.8612;0.86114;0;T;True;2
1621225781000;11494634;0.86108;0.8612;0.86114;0;T;True;2
1621225782000;11494635;0.86108;0.8612;0.86114;0;T;True;2
1621225783000;11494636;0.86108;0.8612;0.86114;0;T;True;2
1621225784000;11494638;0.86109;0.86121;0.86115;1;T;True;2
1621225785000;11494639;0.86109;0.86121;0.86115;0;T;True;2
1621225786000;11494640;0.86109;0.86121;0.86115;0;T;True;2
1621225787000;11494641;0.86109;0.86121;0.86115;0;T;True;2
1621225788000;11494642;0.86109;0.86121;0.86115;0;T;True;2
1621225789000;11494644;0.86109;0.86121;0.86115;1;T;True;2
1621225790000;11494645;0.86109;0.86121;0.86115;0;T;True;2
1621225791000;11494646;0.86109;0.86121;0.86115;0;T;True;2
1621225792000;11494647;0.86109;0.86121;0.86115;0;T;True;2
1621225793000;11494648;0.86109;0.86121;0.86115;0;T;True;2
1621225794000;11494649;0.86109;0.86121;0.86115;0;T;True;2
1621225795000;11494650;0.86109;0.86121;0.86115;0;T;True;2
1621225796000;11494651;0.86109;0.86121;0.86115;0;T;True;2
1621225797000;11494652;0.86109;0.86121;0.86115;0;T;True;2
1621225798000;11494653;0.86109;0.86121;0.86115;0;T;True;2
1621225799000;11494656;0.86107;0.86119;0.86113;2;T;True;2
1621225800000;11494661;0.86101;0.86113;0.86107;4;T;True;2
1621225801000;11494662;0.86101;0.86113;0.86107;0;T;True;2
1621225802000;11494663;0.86101;0.86113;0.86107;0;T;True;2
1621225803000;11494664;0.86101;0.86113;0.86107;0;T;True;2
1621225804000;11494665;0.86101;0.86113;0.86107;0;T;True;2
1621225805000;11494666;0.86101;0.86113;0.86107;0;T;True;2
1621225806000;11494667;0.86101;0.86113;0.86107;0;T;True;2
1621225807000;11494668;0.86101;0.86113;0.86107;0;T;True;2
1621225808000;11494669;0.86101;0.86113;0.86107;0;T;True;2
1621225809000;11494670;0.86101;0.86113;0.86107;0;T;True;2
1621225810000;11494671;0.86101;0.86113;0.86107;0;T;True;2
1621225811000;11494672;0.86101;0.86113;0.86107;0;T;True;2
1621225812000;11494673;0.86101;0.86113;0.86107;0;T;True;2
1621225813000;11494674;0.86101;0.86113;0.86107;0;T;True;2
1621225814000;11494675;0.86101;0.86113;0.86107;0;T;True;2
1621225815000;11494677;0.86102;0.86114;0.86108;1;T;True;2
1621225816000;11494678;0.86102;0.86114;0.86108;0;T;True;2
1621225817000;11494680;0.86102;0.86114;0.86108;1;T;True;2
1621225818000;11494681;0.86102;0.86114;0.86108;0;T;True;2
1621225819000;11494682;0.86102;0.86114;0.86108;0;T;True;2
1621225820000;11494683;0.86102;0.86114;0.86108;0;T;True;2
1621225821000;11494689;0.86105;0.86117;0.86111;5;T;True;2
1621225822000;11494690;0.86105;0.86117;0.86111;0;T;True;2
1621225823000;11494691;0.86105;0.86117;0.86111;0;T;True;2
1621225824000;11494694;0.86103;0.86115;0.86109;2;T;True;2
1621225825000;11494695;0.86103;0.86115;0.86109;0;T;True;2
1621225826000;11494696;0.86103;0.86115;0.86109;0;T;True;2
1621225827000;11494697;0.86103;0.86115;0.86109;0;T;True;2
1621225828000;11494698;0.86103;0.86115;0.86109;0;T;True;2
1621225829000;11494699;0.86103;0.86115;0.86109;0;T;True;2
1621225830000;11494700;0.86103;0.86115;0.86109;0;T;True;2
1621225831000;11494701;0.86103;0.86115;0.86109;0;T;True;2
1621225832000;11494702;0.86103;0.86115;0.86109;0;T;True;2
1621225833000;11494703;0.86103;0.86115;0.86109;0;T;True;2
1621225834000;11494704;0.86103;0.86115;0.86109;0;T;True;2
1621225835000;11494705;0.86103;0.86115;0.86109;0;T;True;2
1621225836000;11494706;0.86103;0.86115;0.86109;0;T;True;2
1621225837000;11494707;0.86103;0.86115;0.86109;0;T;True;2
1621225838000;11494710;0.86105;0.86117;0.86111;2;T;True;2
1621225839000;11494711;0.86105;0.86117;0.86111;0;T;True;2
1621225840000;11494712;0.86105;0.86117;0.86111;0;T;True;2
1621225841000;11494713;0.86105;0.86117;0.86111;0;T;True;2
1621225842000;11494714;0.86105;0.86117;0.86111;0;T;True;2
1621225843000;11494715;0.86105;0.86117;0.86111;0;T;True;2
1621225844000;11494716;0.86105;0.86117;0.86111;0;T;True;2
1621225845000;11494722;0.86101;0.86113;0.86107;5;T;True;2
1621225846000;11494725;0.86101;0.86113;0.86107;2;T;True;2
1621225847000;11494726;0.86101;0.86113;0.86107;0;T;True;2
1621225848000;11494727;0.86101;0.86113;0.86107;0;T;True;2
1621225849000;11494728;0.86101;0.86113;0.86107;0;T;True;2
1621225850000;11494729;0.86101;0.86113;0.86107;0;T;True;2
1621225851000;11494730;0.86101;0.86113;0.86107;0;T;True;2
1621225852000;11494731;0.86101;0.86113;0.86107;0;T;True;2
1621225853000;11494732;0.86101;0.86113;0.86107;0;T;True;2
1621225854000;11494733;0.86101;0.86113;0.86107;0;T;True;2
1621225855000;11494734;0.86101;0.86113;0.86107;0;T;True;2
1621225856000;11494735;0.86101;0.86113;0.86107;0;T;True;2
1621225857000;11494736;0.86101;0.86113;0.86107;0;T;True;2
1621225858000;11494737;0.86101;0.86113;0.86107;0;T;True;2
1621225859000;11494738;0.86101;0.86113;0.86107;0;T;True;2
1621225860000;11494739;0.86101;0.86113;0.86107;0;T;True;2
1621225861000;11494740;0.86101;0.86113;0.86107;0;T;True;2
1621225862000;11494741;0.86101;0.86113;0.86107;0;T;True;2
1621225863000;11494742;0.86101;0.86113;0.86107;0;T;True;2
1621225864000;11494743;0.86101;0.86113;0.86107;0;T;True;2
1621225865000;11494744;0.86101;0.86113;0.86107;0;T;True;2
1621225866000;11494745;0.86101;0.86113;0.86107;0;T;True;2
1621225867000;11494746;0.86101;0.86113;0.86107;0;T;True;2
1621225868000;11494747;0.86101;0.86113;0.86107;0;T;True;2
1621225869000;11494748;0.86101;0.86113;0.86107;0;T;True;2
1621225870000;11494751;0.86101;0.86113;0.86107;2;T;True;2
1621225871000;11494752;0.86101;0.86113;0.86107;0;T;True;2
1621225872000;11494755;0.86101;0.86113;0.86107;2;T;True;2
1621225873000;11494757;0.86101;0.86113;0.86107;1;T;True;2
1621225874000;11494758;0.86101;0.86113;0.86107;0;T;True;2
1621225875000;11494760;0.861;0.86112;0.86106;1;T;True;2
1621225876000;11494766;0.86098;0.8611;0.86104;5;T;True;2
1621225877000;11494767;0.86098;0.8611;0.86104;0;T;True;2
1621225878000;11494768;0.86098;0.8611;0.86104;0;T;True;2
1621225879000;11494770;0.86099;0.86111;0.86105;1;T;True;2
1621225880000;11494771;0.86099;0.86111;0.86105;0;T;True;2
1621225881000;11494772;0.86099;0.86111;0.86105;0;T;True;2
1621225882000;11494773;0.86099;0.86111;0.86105;0;T;True;2
1621225883000;11494774;0.86099;0.86111;0.86105;0;T;True;2
1621225884000;11494775;0.86099;0.86111;0.86105;0;T;True;2
1621225885000;11494776;0.86099;0.86111;0.86105;0;T;True;2
1621225886000;11494777;0.86099;0.86111;0.86105;0;T;True;2
1621225887000;11494778;0.86099;0.86111;0.86105;0;T;True;2
1621225888000;11494779;0.86099;0.86111;0.86105;0;T;True;2
1621225889000;11494780;0.86099;0.86111;0.86105;0;T;True;2
1621225890000;11494781;0.86099;0.86111;0.86105;0;T;True;2
1621225891000;11494782;0.86099;0.86111;0.86105;0;T;True;2
1621225892000;11494786;0.861;0.86112;0.86106;3;T;True;2
1621225893000;11494788;0.86101;0.86113;0.86107;1;T;True;2
1621225894000;11494789;0.86101;0.86113;0.86107;0;T;True;2
1621225895000;11494790;0.86101;0.86113;0.86107;0;T;True;2
1621225896000;11494791;0.86101;0.86113;0.86107;0;T;True;2
1621225897000;11494792;0.86101;0.86113;0.86107;0;T;True;2
1621225898000;11494793;0.86101;0.86113;0.86107;0;T;True;2
1621225899000;11494794;0.86101;0.86113;0.86107;0;T;True;2
1621225900000;11494795;0.86101;0.86113;0.86107;0;T;True;2
1621225901000;11494796;0.86101;0.86113;0.86107;0;T;True;2
1621225902000;11494798;0.86102;0.86114;0.86108;1;T;True;2
1621225903000;11494801;0.86103;0.86115;0.86109;2;T;True;2
1621225904000;11494802;0.86103;0.86115;0.86109;0;T;True;2
1621225905000;11494808;0.861;0.86112;0.86106;5;T;True;2
1621225906000;11494809;0.861;0.86112;0.86106;0;T;True;2
1621225907000;11494814;0.86105;0.86117;0.86111;4;T;True;2
1621225908000;11494815;0.86105;0.86117;0.86111;0;T;True;2
1621225909000;11494817;0.86105;0.86117;0.86111;1;T;True;2
1621225910000;11494818;0.86105;0.86117;0.86111;0;T;True;2
1621225911000;11494819;0.86105;0.86117;0.86111;0;T;True;2
1621225912000;11494822;0.86106;0.86118;0.86112;2;T;True;2
1621225913000;11494824;0.86107;0.86119;0.86113;1;T;True;2
1621225914000;11494826;0.86105;0.86117;0.86111;1;T;True;2
1621225915000;11494827;0.86105;0.86117;0.86111;0;T;True;2
1621225916000;11494828;0.86105;0.86117;0.86111;0;T;True;2
1621225917000;11494829;0.86105;0.86117;0.86111;0;T;True;2
1621225918000;11494830;0.86105;0.86117;0.86111;0;T;True;2
1621225919000;11494833;0.86105;0.86117;0.86111;2;T;True;2
1621225920000;11494835;0.86107;0.86119;0.86113;1;T;True;2
1621225921000;11494836;0.86107;0.86119;0.86113;0;T;True;2
1621225922000;11494837;0.86107;0.86119;0.86113;0;T;True;2
1621225923000;11494838;0.86107;0.86119;0.86113;0;T;True;2
1621225924000;11494839;0.86107;0.86119;0.86113;0;T;True;2
1621225925000;11494840;0.86107;0.86119;0.86113;0;T;True;2
1621225926000;11494841;0.86107;0.86119;0.86113;0;T;True;2
1621225927000;11494842;0.86107;0.86119;0.86113;0;T;True;2
1621225928000;11494843;0.86107;0.86119;0.86113;0;T;True;2
1621225929000;11494845;0.86109;0.86121;0.86115;1;T;True;2
1621225930000;11494846;0.86109;0.86121;0.86115;0;T;True;2
1621225931000;11494847;0.86109;0.86121;0.86115;0;T;True;2
1621225932000;11494848;0.86109;0.86121;0.86115;0;T;True;2
1621225933000;11494849;0.86109;0.86121;0.86115;0;T;True;2
1621225934000;11494850;0.86109;0.86121;0.86115;0;T;True;2
1621225935000;11494854;0.86105;0.86117;0.86111;3;T;True;2
1621225936000;11494855;0.86105;0.86117;0.86111;0;T;True;2
1621225937000;11494856;0.86105;0.86117;0.86111;0;T;True;2
1621225938000;11494857;0.86105;0.86117;0.86111;0;T;True;2
1621225939000;11494858;0.86105;0.86117;0.86111;0;T;True;2
1621225940000;11494860;0.86104;0.86116;0.8611;1;T;True;2
1621225941000;11494861;0.86104;0.86116;0.8611;0;T;True;2
1621225942000;11494862;0.86104;0.86116;0.8611;0;T;True;2
1621225943000;11494863;0.86104;0.86116;0.8611;0;T;True;2
1621225944000;11494864;0.86104;0.86116;0.8611;0;T;True;2
1621225945000;11494865;0.86104;0.86116;0.8611;0;T;True;2
1621225946000;11494867;0.86102;0.86114;0.86108;1;T;True;2
1621225947000;11494868;0.86102;0.86114;0.86108;0;T;True;2
1621225948000;11494869;0.86102;0.86114;0.86108;0;T;True;2
1621225949000;11494870;0.86102;0.86114;0.86108;0;T;True;2
1621225950000;11494871;0.86102;0.86114;0.86108;0;T;True;2
1621225951000;11494872;0.86102;0.86114;0.86108;0;T;True;2
1621225952000;11494873;0.86102;0.86114;0.86108;0;T;True;2
1621225953000;11494874;0.86102;0.86114;0.86108;0;T;True;2
1621225954000;11494875;0.86102;0.86114;0.86108;0;T;True;2
1621225955000;11494876;0.86102;0.86114;0.86108;0;T;True;2
1621225956000;11494878;0.86103;0.86115;0.86109;1;T;True;2
1621225957000;11494879;0.86103;0.86115;0.86109;0;T;True;2
1621225958000;11494880;0.86103;0.86115;0.86109;0;T;True;2
1621225959000;11494881;0.86103;0.86115;0.86109;0;T;True;2
1621225960000;11494883;0.86104;0.86116;0.8611;1;T;True;2
1621225961000;11494884;0.86104;0.86116;0.8611;0;T;True;2
1621225962000;11494885;0.86104;0.86116;0.8611;0;T;True;2
1621225963000;11494887;0.86103;0.86115;0.86109;1;T;True;2
1621225964000;11494888;0.86103;0.86115;0.86109;0;T;True;2
1621225965000;11494892;0.86103;0.86115;0.86109;3;T;True;2
1621225966000;11494900;0.86107;0.86119;0.86113;7;T;True;2
1621225967000;11494902;0.86107;0.86119;0.86113;1;T;True;2
1621225968000;11494903;0.86107;0.86119;0.86113;0;T;True;2
1621225969000;11494904;0.86107;0.86119;0.86113;0;T;True;2
1621225970000;11494905;0.86107;0.86119;0.86113;0;T;True;2
1621225971000;11494907;0.86107;0.86119;0.86113;1;T;True;2
1621225972000;11494915;0.86105;0.86117;0.86111;7;T;True;2
1621225973000;11494917;0.86105;0.86117;0.86111;1;T;True;2
1621225974000;11494920;0.86103;0.86115;0.86109;2;T;True;2
1621225975000;11494921;0.86103;0.86115;0.86109;0;T;True;2
1621225976000;11494922;0.86103;0.86115;0.86109;0;T;True;2
1621225977000;11494923;0.86103;0.86115;0.86109;0;T;True;2
1621225978000;11494928;0.86104;0.86116;0.8611;4;T;True;2
1621225979000;11494929;0.86104;0.86116;0.8611;0;T;True;2
1621225980000;11494930;0.86104;0.86116;0.8611;0;T;True;2
1621225981000;11494931;0.86104;0.86116;0.8611;0;T;True;2
1621225982000;11494932;0.86104;0.86116;0.8611;0;T;True;2
1621225983000;11494934;0.86103;0.86115;0.86109;1;T;True;2
1621225984000;11494935;0.86103;0.86115;0.86109;0;T;True;2
1621225985000;11494936;0.86103;0.86115;0.86109;0;T;True;2
1621225986000;11494938;0.86103;0.86115;0.86109;1;T;True;2
1621225987000;11494939;0.86103;0.86115;0.86109;0;T;True;2
1621225988000;11494940;0.86103;0.86115;0.86109;0;T;True;2
1621225989000;11494941;0.86103;0.86115;0.86109;0;T;True;2
1621225990000;11494942;0.86103;0.86115;0.86109;0;T;True;2
1621225991000;11494943;0.86103;0.86115;0.86109;0;T;True;2
1621225992000;11494944;0.86103;0.86115;0.86109;0;T;True;2
1621225993000;11494945;0.86103;0.86115;0.86109;0;T;True;2
1621225994000;11494946;0.86103;0.86115;0.86109;0;T;True;2
1621225995000;11494947;0.86103;0.86115;0.86109;0;T;True;2
1621225996000;11494948;0.86103;0.86115;0.86109;0;T;True;2
1621225997000;11494949;0.86103;0.86115;0.86109;0;T;True;2
1621225998000;11494950;0.86103;0.86115;0.86109;0;T;True;2
1621225999000;11494951;0.86103;0.86115;0.86109;0;T;True;2
1621226000000;11494952;0.86103;0.86115;0.86109;0;T;True;2
1621226001000;11494953;0.86103;0.86115;0.86109;0;T;True;2
1621226002000;11494957;0.861;0.86112;0.86106;3;T;True;2
1621226003000;11494958;0.861;0.86112;0.86106;0;T;True;2
1621226004000;11494960;0.86099;0.86111;0.86105;1;T;True;2
1621226005000;11494961;0.86099;0.86111;0.86105;0;T;True;2
1621226006000;11494962;0.86099;0.86111;0.86105;0;T;True;2
1621226007000;11494963;0.86099;0.86111;0.86105;0;T;True;2
1621226008000;11494964;0.86099;0.86111;0.86105;0;T;True;2
1621226009000;11494965;0.86099;0.86111;0.86105;0;T;True;2
1621226010000;11494966;0.86099;0.86111;0.86105;0;T;True;2
1621226011000;11494967;0.86099;0.86111;0.86105;0;T;True;2
1621226012000;11494968;0.86099;0.86111;0.86105;0;T;True;2
1621226013000;11494969;0.86099;0.86111;0.86105;0;T;True;2
1621226014000;11494970;0.86099;0.86111;0.86105;0;T;True;2
1621226015000;11494971;0.86099;0.86111;0.86105;0;T;True;2
1621226016000;11494972;0.86099;0.86111;0.86105;0;T;True;2
1621226017000;11494973;0.86099;0.86111;0.86105;0;T;True;2
1621226018000;11494974;0.86099;0.86111;0.86105;0;T;True;2
1621226019000;11494975;0.86099;0.86111;0.86105;0;T;True;2
1621226020000;11494976;0.86099;0.86111;0.86105;0;T;True;2
1621226021000;11494977;0.86099;0.86111;0.86105;0;T;True;2
1621226022000;11494978;0.86099;0.86111;0.86105;0;T;True;2
1621226023000;11494979;0.86099;0.86111;0.86105;0;T;True;2
1621226024000;11494980;0.86099;0.86111;0.86105;0;T;True;2
1621226025000;11494981;0.86099;0.86111;0.86105;0;T;True;2
1621226026000;11494982;0.86099;0.86111;0.86105;0;T;True;2
1621226027000;11494983;0.86099;0.86111;0.86105;0;T;True;2
1621226028000;11494984;0.86099;0.86111;0.86105;0;T;True;2
1621226029000;11494985;0.86099;0.86111;0.86105;0;T;True;2
1621226030000;11494986;0.86099;0.86111;0.86105;0;T;True;2
1621226031000;11494987;0.86099;0.86111;0.86105;0;T;True;2
1621226032000;11494988;0.86099;0.86111;0.86105;0;T;True;2
1621226033000;11494989;0.86099;0.86111;0.86105;0;T;True;2
1621226034000;11494990;0.86099;0.86111;0.86105;0;T;True;2
1621226035000;11494991;0.86099;0.86111;0.86105;0;T;True;2
1621226036000;11494993;0.861;0.86112;0.86106;1;T;True;2
1621226037000;11494994;0.861;0.86112;0.86106;0;T;True;2
1621226038000;11494996;0.86099;0.86111;0.86105;1;T;True;2
1621226039000;11494999;0.86099;0.86111;0.86105;2;T;True;2
1621226040000;11495001;0.861;0.86112;0.86106;1;T;True;2
1621226041000;11495003;0.86099;0.86111;0.86105;1;T;True;2
1621226042000;11495005;0.86101;0.86113;0.86107;1;T;True;2
1621226043000;11495006;0.86101;0.86113;0.86107;0;T;True;2
1621226044000;11495008;0.861;0.86112;0.86106;1;T;True;2
1621226045000;11495009;0.861;0.86112;0.86106;0;T;True;2
1621226046000;11495011;0.861;0.86112;0.86106;1;T;True;2
1621226047000;11495012;0.861;0.86112;0.86106;0;T;True;2
1621226048000;11495013;0.861;0.86112;0.86106;0;T;True;2
1621226049000;11495014;0.861;0.86112;0.86106;0;T;True;2
1621226050000;11495015;0.861;0.86112;0.86106;0;T;True;2
1621226051000;11495016;0.861;0.86112;0.86106;0;T;True;2
1621226052000;11495017;0.861;0.86112;0.86106;0;T;True;2
1621226053000;11495018;0.861;0.86112;0.86106;0;T;True;2
1621226054000;11495019;0.861;0.86112;0.86106;0;T;True;2
1621226055000;11495020;0.861;0.86112;0.86106;0;T;True;2
1621226056000;11495021;0.861;0.86112;0.86106;0;T;True;2
1621226057000;11495023;0.86099;0.86111;0.86105;1;T;True;2
1621226058000;11495024;0.86099;0.86111;0.86105;0;T;True;2
1621226059000;11495025;0.86099;0.86111;0.86105;0;T;True;2
1621226060000;11495026;0.86099;0.86111;0.86105;0;T;True;2
1621226061000;11495027;0.86099;0.86111;0.86105;0;T;True;2
1621226062000;11495029;0.861;0.86112;0.86106;1;T;True;2
1621226063000;11495030;0.861;0.86112;0.86106;0;T;True;2
1621226064000;11495031;0.861;0.86112;0.86106;0;T;True;2
1621226065000;11495032;0.861;0.86112;0.86106;0;T;True;2
1621226066000;11495033;0.861;0.86112;0.86106;0;T;True;2
1621226067000;11495034;0.861;0.86112;0.86106;0;T;True;2
1621226068000;11495035;0.861;0.86112;0.86106;0;T;True;2
1621226069000;11495036;0.861;0.86112;0.86106;0;T;True;2
1621226070000;11495037;0.861;0.86112;0.86106;0;T;True;2
1621226071000;11495038;0.861;0.86112;0.86106;0;T;True;2
1621226072000;11495039;0.861;0.86112;0.86106;0;T;True;2
1621226073000;11495040;0.861;0.86112;0.86106;0;T;True;2
1621226074000;11495041;0.861;0.86112;0.86106;0;T;True;2
1621226075000;11495042;0.861;0.86112;0.86106;0;T;True;2
1621226076000;11495043;0.861;0.86112;0.86106;0;T;True;2
1621226077000;11495044;0.861;0.86112;0.86106;0;T;True;2
1621226078000;11495045;0.861;0.86112;0.86106;0;T;True;2
1621226079000;11495046;0.861;0.86112;0.86106;0;T;True;2
1621226080000;11495047;0.861;0.86112;0.86106;0;T;True;2
1621226081000;11495048;0.861;0.86112;0.86106;0;T;True;2
1621226082000;11495049;0.861;0.86112;0.86106;0;T;True;2
1621226083000;11495050;0.861;0.86112;0.86106;0;T;True;2
1621226084000;11495051;0.861;0.86112;0.86106;0;T;True;2
1621226085000;11495052;0.861;0.86112;0.86106;0;T;True;2
1621226086000;11495053;0.861;0.86112;0.86106;0;T;True;2
1621226087000;11495056;0.86099;0.86111;0.86105;2;T;True;2
1621226088000;11495057;0.86099;0.86111;0.86105;0;T;True;2
1621226089000;11495061;0.86098;0.8611;0.86104;3;T;True;2
1621226090000;11495062;0.86098;0.8611;0.86104;0;T;True;2
1621226091000;11495063;0.86098;0.8611;0.86104;0;T;True;2
1621226092000;11495064;0.86098;0.8611;0.86104;0;T;True;2
1621226093000;11495065;0.86098;0.8611;0.86104;0;T;True;2
1621226094000;11495066;0.86098;0.8611;0.86104;0;T;True;2
1621226095000;11495068;0.86097;0.86109;0.86103;1;T;True;2
1621226096000;11495070;0.86097;0.86109;0.86103;1;T;True;2
1621226097000;11495072;0.86097;0.86109;0.86103;1;T;True;2
1621226098000;11495073;0.86097;0.86109;0.86103;0;T;True;2
1621226099000;11495074;0.86097;0.86109;0.86103;0;T;True;2
1621226100000;11495076;0.86097;0.86109;0.86103;1;T;True;2
1621226101000;11495078;0.86098;0.8611;0.86104;1;T;True;2
1621226102000;11495079;0.86098;0.8611;0.86104;0;T;True;2
1621226103000;11495080;0.86098;0.8611;0.86104;0;T;True;2
1621226104000;11495083;0.86098;0.8611;0.86104;2;T;True;2
1621226105000;11495084;0.86098;0.8611;0.86104;0;T;True;2
1621226106000;11495085;0.86098;0.8611;0.86104;0;T;True;2
1621226107000;11495086;0.86098;0.8611;0.86104;0;T;True;2
1621226108000;11495087;0.86098;0.8611;0.86104;0;T;True;2
1621226109000;11495090;0.86099;0.86111;0.86105;2;T;True;2
1621226110000;11495092;0.86099;0.86111;0.86105;1;T;True;2
1621226111000;11495094;0.86099;0.86111;0.86105;1;T;True;2
1621226112000;11495095;0.86099;0.86111;0.86105;0;T;True;2
1621226113000;11495096;0.86099;0.86111;0.86105;0;T;True;2
1621226114000;11495098;0.86099;0.86111;0.86105;1;T;True;2
1621226115000;11495099;0.86099;0.86111;0.86105;0;T;True;2
1621226116000;11495100;0.86099;0.86111;0.86105;0;T;True;2
1621226117000;11495101;0.86099;0.86111;0.86105;0;T;True;2
1621226118000;11495102;0.86099;0.86111;0.86105;0;T;True;2
1621226119000;11495103;0.86099;0.86111;0.86105;0;T;True;2
1621226120000;11495104;0.86099;0.86111;0.86105;0;T;True;2
1621226121000;11495105;0.86099;0.86111;0.86105;0;T;True;2
1621226122000;11495107;0.861;0.86112;0.86106;1;T;True;2
1621226123000;11495109;0.86099;0.86111;0.86105;1;T;True;2
1621226124000;11495110;0.86099;0.86111;0.86105;0;T;True;2
1621226125000;11495111;0.86099;0.86111;0.86105;0;T;True;2
1621226126000;11495112;0.86099;0.86111;0.86105;0;T;True;2
1621226127000;11495113;0.86099;0.86111;0.86105;0;T;True;2
1621226128000;11495114;0.86099;0.86111;0.86105;0;T;True;2
1621226129000;11495115;0.86099;0.86111;0.86105;0;T;True;2
1621226130000;11495116;0.86099;0.86111;0.86105;0;T;True;2
1621226131000;11495117;0.86099;0.86111;0.86105;0;T;True;2
1621226132000;11495118;0.86099;0.86111;0.86105;0;T;True;2
1621226133000;11495119;0.86099;0.86111;0.86105;0;T;True;2
1621226134000;11495120;0.86099;0.86111;0.86105;0;T;True;2
1621226135000;11495121;0.86099;0.86111;0.86105;0;T;True;2
1621226136000;11495122;0.86099;0.86111;0.86105;0;T;True;2
1621226137000;11495123;0.86099;0.86111;0.86105;0;T;True;2
1621226138000;11495124;0.86099;0.86111;0.86105;0;T;True;2
1621226139000;11495125;0.86099;0.86111;0.86105;0;T;True;2
1621226140000;11495126;0.86099;0.86111;0.86105;0;T;True;2
1621226141000;11495128;0.86099;0.86111;0.86105;1;T;True;2
1621226142000;11495129;0.86099;0.86111;0.86105;0;T;True;2
1621226143000;11495130;0.86099;0.86111;0.86105;0;T;True;2
1621226144000;11495131;0.86099;0.86111;0.86105;0;T;True;2
1621226145000;11495132;0.86099;0.86111;0.86105;0;T;True;2
1621226146000;11495133;0.86099;0.86111;0.86105;0;T;True;2
1621226147000;11495134;0.86099;0.86111;0.86105;0;T;True;2
1621226148000;11495135;0.86099;0.86111;0.86105;0;T;True;2
1621226149000;11495136;0.86099;0.86111;0.86105;0;T;True;2
1621226150000;11495137;0.86099;0.86111;0.86105;0;T;True;2
1621226151000;11495139;0.861;0.86112;0.86106;1;T;True;2
1621226152000;11495140;0.861;0.86112;0.86106;0;T;True;2
1621226153000;11495141;0.861;0.86112;0.86106;0;T;True;2
1621226154000;11495143;0.86101;0.86113;0.86107;1;T;True;2
1621226155000;11495144;0.86101;0.86113;0.86107;0;T;True;2
1621226156000;11495145;0.86101;0.86113;0.86107;0;T;True;2
1621226157000;11495146;0.86101;0.86113;0.86107;0;T;True;2
1621226158000;11495147;0.86101;0.86113;0.86107;0;T;True;2
1621226159000;11495148;0.86101;0.86113;0.86107;0;T;True;2
1621226160000;11495149;0.86101;0.86113;0.86107;0;T;True;2
1621226161000;11495150;0.86101;0.86113;0.86107;0;T;True;2
1621226162000;11495151;0.86101;0.86113;0.86107;0;T;True;2
1621226163000;11495152;0.86101;0.86113;0.86107;0;T;True;2
1621226164000;11495153;0.86101;0.86113;0.86107;0;T;True;2
1621226165000;11495154;0.86101;0.86113;0.86107;0;T;True;2
1621226166000;11495156;0.86099;0.86111;0.86105;1;T;True;2
1621226167000;11495157;0.86099;0.86111;0.86105;0;T;True;2
1621226168000;11495158;0.86099;0.86111;0.86105;0;T;True;2
1621226169000;11495159;0.86099;0.86111;0.86105;0;T;True;2
1621226170000;11495160;0.86099;0.86111;0.86105;0;T;True;2
1621226171000;11495162;0.861;0.86112;0.86106;1;T;True;2
1621226172000;11495164;0.86099;0.86111;0.86105;1;T;True;2
1621226173000;11495165;0.86099;0.86111;0.86105;0;T;True;2
1621226174000;11495167;0.86099;0.86111;0.86105;1;T;True;2
1621226175000;11495168;0.86099;0.86111;0.86105;0;T;True;2
1621226176000;11495169;0.86099;0.86111;0.86105;0;T;True;2
1621226177000;11495170;0.86099;0.86111;0.86105;0;T;True;2
1621226178000;11495171;0.86099;0.86111;0.86105;0;T;True;2
1621226179000;11495172;0.86099;0.86111;0.86105;0;T;True;2
1621226180000;11495173;0.86099;0.86111;0.86105;0;T;True;2
1621226181000;11495174;0.86099;0.86111;0.86105;0;T;True;2
1621226182000;11495175;0.86099;0.86111;0.86105;0;T;True;2
1621226183000;11495176;0.86099;0.86111;0.86105;0;T;True;2
1621226184000;11495177;0.86099;0.86111;0.86105;0;T;True;2
1621226185000;11495181;0.86099;0.86111;0.86105;3;T;True;2
1621226186000;11495183;0.86099;0.86111;0.86105;1;T;True;2
1621226187000;11495184;0.86099;0.86111;0.86105;0;T;True;2
1621226188000;11495185;0.86099;0.86111;0.86105;0;T;True;2
1621226189000;11495186;0.86099;0.86111;0.86105;0;T;True;2
1621226190000;11495187;0.86099;0.86111;0.86105;0;T;True;2
1621226191000;11495189;0.86099;0.86111;0.86105;1;T;True;2
1621226192000;11495191;0.86099;0.86111;0.86105;1;T;True;2
1621226193000;11495192;0.86099;0.86111;0.86105;0;T;True;2
1621226194000;11495193;0.86099;0.86111;0.86105;0;T;True;2
1621226195000;11495194;0.86099;0.86111;0.86105;0;T;True;2
1621226196000;11495195;0.86099;0.86111;0.86105;0;T;True;2
1621226197000;11495196;0.86099;0.86111;0.86105;0;T;True;2
1621226198000;11495197;0.86099;0.86111;0.86105;0;T;True;2
1621226199000;11495198;0.86099;0.86111;0.86105;0;T;True;2
1621226200000;11495199;0.86099;0.86111;0.86105;0;T;True;2
1621226201000;11495200;0.86099;0.86111;0.86105;0;T;True;2
1621226202000;11495201;0.86099;0.86111;0.86105;0;T;True;2
1621226203000;11495202;0.86099;0.86111;0.86105;0;T;True;2
1621226204000;11495203;0.86099;0.86111;0.86105;0;T;True;2
1621226205000;11495204;0.86099;0.86111;0.86105;0;T;True;2
1621226206000;11495205;0.86099;0.86111;0.86105;0;T;True;2
1621226207000;11495206;0.86099;0.86111;0.86105;0;T;True;2
1621226208000;11495207;0.86099;0.86111;0.86105;0;T;True;2
1621226209000;11495208;0.86099;0.86111;0.86105;0;T;True;2
1621226210000;11495209;0.86099;0.86111;0.86105;0;T;True;2
1621226211000;11495210;0.86099;0.86111;0.86105;0;T;True;2
1621226212000;11495211;0.86099;0.86111;0.86105;0;T;True;2
1621226213000;11495212;0.86099;0.86111;0.86105;0;T;True;2
1621226214000;11495213;0.86099;0.86111;0.86105;0;T;True;2
1621226215000;11495214;0.86099;0.86111;0.86105;0;T;True;2
1621226216000;11495217;0.86099;0.86111;0.86105;2;T;True;2
1621226217000;11495218;0.86099;0.86111;0.86105;0;T;True;2
1621226218000;11495221;0.861;0.86112;0.86106;2;T;True;2
1621226219000;11495222;0.861;0.86112;0.86106;0;T;True;2
1621226220000;11495223;0.861;0.86112;0.86106;0;T;True;2
1621226221000;11495224;0.861;0.86112;0.86106;0;T;True;2
1621226222000;11495225;0.861;0.86112;0.86106;0;T;True;2
1621226223000;11495226;0.861;0.86112;0.86106;0;T;True;2
1621226224000;11495227;0.861;0.86112;0.86106;0;T;True;2
1621226225000;11495228;0.861;0.86112;0.86106;0;T;True;2
1621226226000;11495229;0.861;0.86112;0.86106;0;T;True;2
1621226227000;11495230;0.861;0.86112;0.86106;0;T;True;2
1621226228000;11495231;0.861;0.86112;0.86106;0;T;True;2
1621226229000;11495234;0.861;0.86112;0.86106;2;T;True;2
1621226230000;11495235;0.861;0.86112;0.86106;0;T;True;2
1621226231000;11495236;0.861;0.86112;0.86106;0;T;True;2
1621226232000;11495237;0.861;0.86112;0.86106;0;T;True;2
1621226233000;11495238;0.861;0.86112;0.86106;0;T;True;2
1621226234000;11495239;0.861;0.86112;0.86106;0;T;True;2
1621226235000;11495243;0.86101;0.86113;0.86107;3;T;True;2
1621226236000;11495244;0.86101;0.86113;0.86107;0;T;True;2
1621226237000;11495245;0.86101;0.86113;0.86107;0;T;True;2
1621226238000;11495246;0.86101;0.86113;0.86107;0;T;True;2
1621226239000;11495247;0.86101;0.86113;0.86107;0;T;True;2
1621226240000;11495248;0.86101;0.86113;0.86107;0;T;True;2
1621226241000;11495249;0.86101;0.86113;0.86107;0;T;True;2
1621226242000;11495250;0.86101;0.86113;0.86107;0;T;True;2
1621226243000;11495251;0.86101;0.86113;0.86107;0;T;True;2
1621226244000;11495252;0.86101;0.86113;0.86107;0;T;True;2
1621226245000;11495253;0.86101;0.86113;0.86107;0;T;True;2
1621226246000;11495254;0.86101;0.86113;0.86107;0;T;True;2
1621226247000;11495255;0.86101;0.86113;0.86107;0;T;True;2
1621226248000;11495256;0.86101;0.86113;0.86107;0;T;True;2
1621226249000;11495257;0.86101;0.86113;0.86107;0;T;True;2
1621226250000;11495258;0.86101;0.86113;0.86107;0;T;True;2
1621226251000;11495259;0.86101;0.86113;0.86107;0;T;True;2
1621226252000;11495260;0.86101;0.86113;0.86107;0;T;True;2
1621226253000;11495261;0.86101;0.86113;0.86107;0;T;True;2
1621226254000;11495262;0.86101;0.86113;0.86107;0;T;True;2
1621226255000;11495263;0.86101;0.86113;0.86107;0;T;True;2
1621226256000;11495264;0.86101;0.86113;0.86107;0;T;True;2
1621226257000;11495265;0.86101;0.86113;0.86107;0;T;True;2
1621226258000;11495266;0.86101;0.86113;0.86107;0;T;True;2
1621226259000;11495267;0.86101;0.86113;0.86107;0;T;True;2
1621226260000;11495268;0.86101;0.86113;0.86107;0;T;True;2
1621226261000;11495269;0.86101;0.86113;0.86107;0;T;True;2
1621226262000;11495270;0.86101;0.86113;0.86107;0;T;True;2
1621226263000;11495271;0.86101;0.86113;0.86107;0;T;True;2
1621226264000;11495272;0.86101;0.86113;0.86107;0;T;True;2
1621226265000;11495273;0.86101;0.86113;0.86107;0;T;True;2
1621226266000;11495274;0.86101;0.86113;0.86107;0;T;True;2
1621226267000;11495276;0.86101;0.86113;0.86107;1;T;True;2
1621226268000;11495277;0.86101;0.86113;0.86107;0;T;True;2
1621226269000;11495278;0.86101;0.86113;0.86107;0;T;True;2
1621226270000;11495279;0.86101;0.86113;0.86107;0;T;True;2
1621226271000;11495280;0.86101;0.86113;0.86107;0;T;True;2
1621226272000;11495281;0.86101;0.86113;0.86107;0;T;True;2
1621226273000;11495283;0.86101;0.86113;0.86107;1;T;True;2
1621226274000;11495284;0.86101;0.86113;0.86107;0;T;True;2
1621226275000;11495285;0.86101;0.86113;0.86107;0;T;True;2
1621226276000;11495286;0.86101;0.86113;0.86107;0;T;True;2
1621226277000;11495288;0.86101;0.86113;0.86107;1;T;True;2
1621226278000;11495289;0.86101;0.86113;0.86107;0;T;True;2
1621226279000;11495290;0.86101;0.86113;0.86107;0;T;True;2
1621226280000;11495291;0.86101;0.86113;0.86107;0;T;True;2
1621226281000;11495292;0.86101;0.86113;0.86107;0;T;True;2
1621226282000;11495293;0.86101;0.86113;0.86107;0;T;True;2
1621226283000;11495294;0.86101;0.86113;0.86107;0;T;True;2
1621226284000;11495295;0.86101;0.86113;0.86107;0;T;True;2
1621226285000;11495297;0.86101;0.86113;0.86107;1;T;True;2
1621226286000;11495298;0.86101;0.86113;0.86107;0;T;True;2
1621226287000;11495299;0.86101;0.86113;0.86107;0;T;True;2
1621226288000;11495300;0.86101;0.86113;0.86107;0;T;True;2
1621226289000;11495301;0.86101;0.86113;0.86107;0;T;True;2
1621226290000;11495302;0.86101;0.86113;0.86107;0;T;True;2
1621226291000;11495303;0.86101;0.86113;0.86107;0;T;True;2
1621226292000;11495304;0.86101;0.86113;0.86107;0;T;True;2
1621226293000;11495307;0.86101;0.86113;0.86107;2;T;True;2
1621226294000;11495308;0.86101;0.86113;0.86107;0;T;True;2
1621226295000;11495309;0.86101;0.86113;0.86107;0;T;True;2
1621226296000;11495311;0.86101;0.86113;0.86107;1;T;True;2
1621226297000;11495312;0.86101;0.86113;0.86107;0;T;True;2
1621226298000;11495318;0.86103;0.86115;0.86109;5;T;True;2
1621226299000;11495321;0.86103;0.86115;0.86109;2;T;True;2
1621226300000;11495323;0.86102;0.86114;0.86108;1;T;True;2
1621226301000;11495324;0.86102;0.86114;0.86108;0;T;True;2
1621226302000;11495325;0.86102;0.86114;0.86108;0;T;True;2
1621226303000;11495326;0.86102;0.86114;0.86108;0;T;True;2
1621226304000;11495328;0.86103;0.86115;0.86109;1;T;True;2
1621226305000;11495330;0.86103;0.86115;0.86109;1;T;True;2
1621226306000;11495331;0.86103;0.86115;0.86109;0;T;True;2
1621226307000;11495332;0.86103;0.86115;0.86109;0;T;True;2
1621226308000;11495333;0.86103;0.86115;0.86109;0;T;True;2
1621226309000;11495334;0.86103;0.86115;0.86109;0;T;True;2
1621226310000;11495335;0.86103;0.86115;0.86109;0;T;True;2
1621226311000;11495336;0.86103;0.86115;0.86109;0;T;True;2
1621226312000;11495337;0.86103;0.86115;0.86109;0;T;True;2
1621226313000;11495340;0.86105;0.86117;0.86111;2;T;True;2
1621226314000;11495341;0.86105;0.86117;0.86111;0;T;True;2
1621226315000;11495342;0.86105;0.86117;0.86111;0;T;True;2
1621226316000;11495343;0.86105;0.86117;0.86111;0;T;True;2
1621226317000;11495344;0.86105;0.86117;0.86111;0;T;True;2
1621226318000;11495346;0.86103;0.86115;0.86109;1;T;True;2
1621226319000;11495347;0.86103;0.86115;0.86109;0;T;True;2
1621226320000;11495348;0.86103;0.86115;0.86109;0;T;True;2
1621226321000;11495349;0.86103;0.86115;0.86109;0;T;True;2
1621226322000;11495350;0.86103;0.86115;0.86109;0;T;True;2
1621226323000;11495351;0.86103;0.86115;0.86109;0;T;True;2
1621226324000;11495352;0.86103;0.86115;0.86109;0;T;True;2
1621226325000;11495353;0.86103;0.86115;0.86109;0;T;True;2
1621226326000;11495356;0.86105;0.86117;0.86111;2;T;True;2
1621226327000;11495357;0.86105;0.86117;0.86111;0;T;True;2
1621226328000;11495359;0.86105;0.86117;0.86111;1;T;True;2
1621226329000;11495360;0.86105;0.86117;0.86111;0;T;True;2
1621226330000;11495361;0.86105;0.86117;0.86111;0;T;True;2
1621226331000;11495362;0.86105;0.86117;0.86111;0;T;True;2
1621226332000;11495364;0.86105;0.86117;0.86111;1;T;True;2
1621226333000;11495365;0.86105;0.86117;0.86111;0;T;True;2
1621226334000;11495366;0.86105;0.86117;0.86111;0;T;True;2
1621226335000;11495367;0.86105;0.86117;0.86111;0;T;True;2
1621226336000;11495368;0.86105;0.86117;0.86111;0;T;True;2
1621226337000;11495370;0.86106;0.86118;0.86112;1;T;True;2
1621226338000;11495371;0.86106;0.86118;0.86112;0;T;True;2
1621226339000;11495373;0.86107;0.86119;0.86113;1;T;True;2
1621226340000;11495374;0.86107;0.86119;0.86113;0;T;True;2
1621226341000;11495375;0.86107;0.86119;0.86113;0;T;True;2
1621226342000;11495376;0.86107;0.86119;0.86113;0;T;True;2
1621226343000;11495377;0.86107;0.86119;0.86113;0;T;True;2
1621226344000;11495378;0.86107;0.86119;0.86113;0;T;True;2
1621226345000;11495380;0.86106;0.86118;0.86112;1;T;True;2
1621226346000;11495381;0.86106;0.86118;0.86112;0;T;True;2
1621226347000;11495382;0.86106;0.86118;0.86112;0;T;True;2
1621226348000;11495383;0.86106;0.86118;0.86112;0;T;True;2
1621226349000;11495384;0.86106;0.86118;0.86112;0;T;True;2
1621226350000;11495387;0.86105;0.86117;0.86111;2;T;True;2
1621226351000;11495388;0.86105;0.86117;0.86111;0;T;True;2
1621226352000;11495389;0.86105;0.86117;0.86111;0;T;True;2
1621226353000;11495391;0.86105;0.86117;0.86111;1;T;True;2
1621226354000;11495392;0.86105;0.86117;0.86111;0;T;True;2
1621226355000;11495393;0.86105;0.86117;0.86111;0;T;True;2
1621226356000;11495394;0.86105;0.86117;0.86111;0;T;True;2
1621226357000;11495395;0.86105;0.86117;0.86111;0;T;True;2
1621226358000;11495396;0.86105;0.86117;0.86111;0;T;True;2
1621226359000;11495398;0.86105;0.86117;0.86111;1;T;True;2
1621226360000;11495399;0.86105;0.86117;0.86111;0;T;True;2
1621226361000;11495400;0.86105;0.86117;0.86111;0;T;True;2
1621226362000;11495402;0.86105;0.86117;0.86111;1;T;True;2
1621226363000;11495403;0.86105;0.86117;0.86111;0;T;True;2
1621226364000;11495404;0.86105;0.86117;0.86111;0;T;True;2
1621226365000;11495405;0.86105;0.86117;0.86111;0;T;True;2
1621226366000;11495406;0.86105;0.86117;0.86111;0;T;True;2
1621226367000;11495410;0.86106;0.86118;0.86112;3;T;True;2
1621226368000;11495413;0.86108;0.8612;0.86114;2;T;True;2
1621226369000;11495418;0.86111;0.86123;0.86117;4;T;True;2
1621226370000;11495420;0.86111;0.86123;0.86117;1;T;True;2
1621226371000;11495425;0.86113;0.86125;0.86119;4;T;True;2
1621226372000;11495426;0.86113;0.86125;0.86119;0;T;True;2
1621226373000;11495427;0.86113;0.86125;0.86119;0;T;True;2
1621226374000;11495428;0.86113;0.86125;0.86119;0;T;True;2
1621226375000;11495431;0.86115;0.86127;0.86121;2;T;True;2
1621226376000;11495432;0.86115;0.86127;0.86121;0;T;True;2
1621226377000;11495434;0.86115;0.86127;0.86121;1;T;True;2
1621226378000;11495437;0.86117;0.86129;0.86123;2;T;True;2
1621226379000;11495439;0.86116;0.86128;0.86122;1;T;True;2
1621226380000;11495440;0.86116;0.86128;0.86122;0;T;True;2
1621226381000;11495443;0.86116;0.86128;0.86122;2;T;True;2
1621226382000;11495444;0.86116;0.86128;0.86122;0;T;True;2
1621226383000;11495445;0.86116;0.86128;0.86122;0;T;True;2
1621226384000;11495446;0.86116;0.86128;0.86122;0;T;True;2
1621226385000;11495448;0.86117;0.86129;0.86123;1;T;True;2
1621226386000;11495449;0.86117;0.86129;0.86123;0;T;True;2
1621226387000;11495454;0.86117;0.86129;0.86123;4;T;True;2
1621226388000;11495455;0.86117;0.86129;0.86123;0;T;True;2
1621226389000;11495456;0.86117;0.86129;0.86123;0;T;True;2
1621226390000;11495457;0.86117;0.86129;0.86123;0;T;True;2
1621226391000;11495458;0.86117;0.86129;0.86123;0;T;True;2
1621226392000;11495460;0.86118;0.8613;0.86124;1;T;True;2
1621226393000;11495461;0.86118;0.8613;0.86124;0;T;True;2
1621226394000;11495463;0.86117;0.86129;0.86123;1;T;True;2
1621226395000;11495464;0.86117;0.86129;0.86123;0;T;True;2
1621226396000;11495465;0.86117;0.86129;0.86123;0;T;True;2
1621226397000;11495466;0.86117;0.86129;0.86123;0;T;True;2
1621226398000;11495467;0.86117;0.86129;0.86123;0;T;True;2
1621226399000;11495468;0.86117;0.86129;0.86123;0;T;True;2
1621226400000;11495469;0.86117;0.86129;0.86123;0;T;True;2
1621226401000;11495472;0.86117;0.86129;0.86123;2;T;True;2
1621226402000;11495473;0.86117;0.86129;0.86123;0;T;True;2
1621226403000;11495474;0.86117;0.86129;0.86123;0;T;True;2
1621226404000;11495475;0.86117;0.86129;0.86123;0;T;True;2
1621226405000;11495477;0.86116;0.86128;0.86122;1;T;True;2
1621226406000;11495478;0.86116;0.86128;0.86122;0;T;True;2
1621226407000;11495479;0.86116;0.86128;0.86122;0;T;True;2
1621226408000;11495480;0.86116;0.86128;0.86122;0;T;True;2
1621226409000;11495481;0.86116;0.86128;0.86122;0;T;True;2
1621226410000;11495482;0.86116;0.86128;0.86122;0;T;True;2
1621226411000;11495483;0.86116;0.86128;0.86122;0;T;True;2
1621226412000;11495484;0.86116;0.86128;0.86122;0;T;True;2
1621226413000;11495485;0.86116;0.86128;0.86122;0;T;True;2
1621226414000;11495486;0.86116;0.86128;0.86122;0;T;True;2
1621226415000;11495487;0.86116;0.86128;0.86122;0;T;True;2
1621226416000;11495488;0.86116;0.86128;0.86122;0;T;True;2
1621226417000;11495489;0.86116;0.86128;0.86122;0;T;True;2
1621226418000;11495490;0.86116;0.86128;0.86122;0;T;True;2
1621226419000;11495491;0.86116;0.86128;0.86122;0;T;True;2
1621226420000;11495493;0.86115;0.86127;0.86121;1;T;True;2
1621226421000;11495495;0.86115;0.86127;0.86121;1;T;True;2
1621226422000;11495496;0.86115;0.86127;0.86121;0;T;True;2
1621226423000;11495497;0.86115;0.86127;0.86121;0;T;True;2
1621226424000;11495498;0.86115;0.86127;0.86121;0;T;True;2
1621226425000;11495500;0.86115;0.86127;0.86121;1;T;True;2
1621226426000;11495501;0.86115;0.86127;0.86121;0;T;True;2
1621226427000;11495502;0.86115;0.86127;0.86121;0;T;True;2
1621226428000;11495504;0.86115;0.86127;0.86121;1;T;True;2
1621226429000;11495505;0.86115;0.86127;0.86121;0;T;True;2
1621226430000;11495506;0.86115;0.86127;0.86121;0;T;True;2
1621226431000;11495507;0.86115;0.86127;0.86121;0;T;True;2
1621226432000;11495508;0.86115;0.86127;0.86121;0;T;True;2
1621226433000;11495510;0.86113;0.86125;0.86119;1;T;True;2
1621226434000;11495511;0.86113;0.86125;0.86119;0;T;True;2
1621226435000;11495512;0.86113;0.86125;0.86119;0;T;True;2
1621226436000;11495513;0.86113;0.86125;0.86119;0;T;True;2
1621226437000;11495514;0.86113;0.86125;0.86119;0;T;True;2
1621226438000;11495515;0.86113;0.86125;0.86119;0;T;True;2
1621226439000;11495516;0.86113;0.86125;0.86119;0;T;True;2
1621226440000;11495517;0.86113;0.86125;0.86119;0;T;True;2
1621226441000;11495519;0.86114;0.86126;0.8612;1;T;True;2
1621226442000;11495521;0.86113;0.86125;0.86119;1;T;True;2
1621226443000;11495523;0.86116;0.86128;0.86122;1;T;True;2
1621226444000;11495524;0.86116;0.86128;0.86122;0;T;True;2
1621226445000;11495525;0.86116;0.86128;0.86122;0;T;True;2
1621226446000;11495526;0.86116;0.86128;0.86122;0;T;True;2
1621226447000;11495527;0.86116;0.86128;0.86122;0;T;True;2
1621226448000;11495529;0.86117;0.86129;0.86123;1;T;True;2
1621226449000;11495530;0.86117;0.86129;0.86123;0;T;True;2
1621226450000;11495531;0.86117;0.86129;0.86123;0;T;True;2
1621226451000;11495533;0.86119;0.86131;0.86125;1;T;True;2
1621226452000;11495535;0.8612;0.86132;0.86126;1;T;True;2
1621226453000;11495537;0.86121;0.86133;0.86127;1;T;True;2
1621226454000;11495538;0.86121;0.86133;0.86127;0;T;True;2
1621226455000;11495539;0.86121;0.86133;0.86127;0;T;True;2
1621226456000;11495540;0.86121;0.86133;0.86127;0;T;True;2
1621226457000;11495541;0.86121;0.86133;0.86127;0;T;True;2
1621226458000;11495542;0.86121;0.86133;0.86127;0;T;True;2
1621226459000;11495543;0.86121;0.86133;0.86127;0;T;True;2
1621226460000;11495544;0.86121;0.86133;0.86127;0;T;True;2
1621226461000;11495545;0.86121;0.86133;0.86127;0;T;True;2
1621226462000;11495546;0.86121;0.86133;0.86127;0;T;True;2
1621226463000;11495548;0.86119;0.86131;0.86125;1;T;True;2
1621226464000;11495549;0.86119;0.86131;0.86125;0;T;True;2
1621226465000;11495550;0.86119;0.86131;0.86125;0;T;True;2
1621226466000;11495552;0.86119;0.86131;0.86125;1;T;True;2
1621226467000;11495555;0.86117;0.86129;0.86123;2;T;True;2
1621226468000;11495556;0.86117;0.86129;0.86123;0;T;True;2
1621226469000;11495558;0.86115;0.86127;0.86121;1;T;True;2
1621226470000;11495559;0.86115;0.86127;0.86121;0;T;True;2
1621226471000;11495560;0.86115;0.86127;0.86121;0;T;True;2
1621226472000;11495561;0.86115;0.86127;0.86121;0;T;True;2
1621226473000;11495562;0.86115;0.86127;0.86121;0;T;True;2
1621226474000;11495563;0.86115;0.86127;0.86121;0;T;True;2
1621226475000;11495564;0.86115;0.86127;0.86121;0;T;True;2
1621226476000;11495566;0.86115;0.86127;0.86121;1;T;True;2
1621226477000;11495567;0.86115;0.86127;0.86121;0;T;True;2
1621226478000;11495568;0.86115;0.86127;0.86121;0;T;True;2
1621226479000;11495569;0.86115;0.86127;0.86121;0;T;True;2
1621226480000;11495570;0.86115;0.86127;0.86121;0;T;True;2
1621226481000;11495571;0.86115;0.86127;0.86121;0;T;True;2
1621226482000;11495572;0.86115;0.86127;0.86121;0;T;True;2
1621226483000;11495575;0.86115;0.86127;0.86121;2;T;True;2
1621226484000;11495576;0.86115;0.86127;0.86121;0;T;True;2
1621226485000;11495577;0.86115;0.86127;0.86121;0;T;True;2
1621226486000;11495578;0.86115;0.86127;0.86121;0;T;True;2
1621226487000;11495579;0.86115;0.86127;0.86121;0;T;True;2
1621226488000;11495580;0.86115;0.86127;0.86121;0;T;True;2
1621226489000;11495581;0.86115;0.86127;0.86121;0;T;True;2
1621226490000;11495582;0.86115;0.86127;0.86121;0;T;True;2
1621226491000;11495583;0.86115;0.86127;0.86121;0;T;True;2
1621226492000;11495584;0.86115;0.86127;0.86121;0;T;True;2
1621226493000;11495587;0.86115;0.86127;0.86121;2;T;True;2
1621226494000;11495590;0.86116;0.86128;0.86122;2;T;True;2
1621226495000;11495591;0.86116;0.86128;0.86122;0;T;True;2
1621226496000;11495592;0.86116;0.86128;0.86122;0;T;True;2
1621226497000;11495594;0.86116;0.86128;0.86122;1;T;True;2
1621226498000;11495595;0.86116;0.86128;0.86122;0;T;True;2
1621226499000;11495596;0.86116;0.86128;0.86122;0;T;True;2
1621226500000;11495598;0.86115;0.86127;0.86121;1;T;True;2
1621226501000;11495600;0.86115;0.86127;0.86121;1;T;True;2
1621226502000;11495602;0.86115;0.86127;0.86121;1;T;True;2
1621226503000;11495603;0.86115;0.86127;0.86121;0;T;True;2
1621226504000;11495605;0.86115;0.86127;0.86121;1;T;True;2
1621226505000;11495606;0.86115;0.86127;0.86121;0;T;True;2
1621226506000;11495607;0.86115;0.86127;0.86121;0;T;True;2
1621226507000;11495608;0.86115;0.86127;0.86121;0;T;True;2
1621226508000;11495609;0.86115;0.86127;0.86121;0;T;True;2
1621226509000;11495611;0.86115;0.86127;0.86121;1;T;True;2
1621226510000;11495612;0.86115;0.86127;0.86121;0;T;True;2
1621226511000;11495613;0.86115;0.86127;0.86121;0;T;True;2
1621226512000;11495616;0.86115;0.86127;0.86121;2;T;True;2
1621226513000;11495617;0.86115;0.86127;0.86121;0;T;True;2
1621226514000;11495620;0.86114;0.86126;0.8612;2;T;True;2
1621226515000;11495621;0.86114;0.86126;0.8612;0;T;True;2
1621226516000;11495623;0.86113;0.86125;0.86119;1;T;True;2
1621226517000;11495624;0.86113;0.86125;0.86119;0;T;True;2
1621226518000;11495626;0.86114;0.86126;0.8612;1;T;True;2
1621226519000;11495627;0.86114;0.86126;0.8612;0;T;True;2
1621226520000;11495628;0.86114;0.86126;0.8612;0;T;True;2
1621226521000;11495630;0.86113;0.86125;0.86119;1;T;True;2
1621226522000;11495631;0.86113;0.86125;0.86119;0;T;True;2
1621226523000;11495632;0.86113;0.86125;0.86119;0;T;True;2
1621226524000;11495633;0.86113;0.86125;0.86119;0;T;True;2
1621226525000;11495634;0.86113;0.86125;0.86119;0;T;True;2
1621226526000;11495636;0.86114;0.86126;0.8612;1;T;True;2
1621226527000;11495637;0.86114;0.86126;0.8612;0;T;True;2
1621226528000;11495638;0.86114;0.86126;0.8612;0;T;True;2
1621226529000;11495640;0.86113;0.86125;0.86119;1;T;True;2
1621226530000;11495641;0.86113;0.86125;0.86119;0;T;True;2
1621226531000;11495642;0.86113;0.86125;0.86119;0;T;True;2
1621226532000;11495643;0.86113;0.86125;0.86119;0;T;True;2
1621226533000;11495645;0.86114;0.86126;0.8612;1;T;True;2
1621226534000;11495646;0.86114;0.86126;0.8612;0;T;True;2
1621226535000;11495647;0.86114;0.86126;0.8612;0;T;True;2
1621226536000;11495648;0.86114;0.86126;0.8612;0;T;True;2
1621226537000;11495649;0.86114;0.86126;0.8612;0;T;True;2
1621226538000;11495650;0.86114;0.86126;0.8612;0;T;True;2
1621226539000;11495651;0.86114;0.86126;0.8612;0;T;True;2
1621226540000;11495652;0.86114;0.86126;0.8612;0;T;True;2
1621226541000;11495653;0.86114;0.86126;0.8612;0;T;True;2
1621226542000;11495654;0.86114;0.86126;0.8612;0;T;True;2
1621226543000;11495655;0.86114;0.86126;0.8612;0;T;True;2
1621226544000;11495656;0.86114;0.86126;0.8612;0;T;True;2
1621226545000;11495657;0.86114;0.86126;0.8612;0;T;True;2
1621226546000;11495658;0.86114;0.86126;0.8612;0;T;True;2
1621226547000;11495659;0.86114;0.86126;0.8612;0;T;True;2
1621226548000;11495660;0.86114;0.86126;0.8612;0;T;True;2
1621226549000;11495661;0.86114;0.86126;0.8612;0;T;True;2
1621226550000;11495662;0.86114;0.86126;0.8612;0;T;True;2
1621226551000;11495666;0.86112;0.86124;0.86118;3;T;True;2
1621226552000;11495668;0.86112;0.86124;0.86118;1;T;True;2
1621226553000;11495670;0.86111;0.86123;0.86117;1;T;True;2
1621226554000;11495672;0.86112;0.86124;0.86118;1;T;True;2
1621226555000;11495674;0.86112;0.86124;0.86118;1;T;True;2
1621226556000;11495675;0.86112;0.86124;0.86118;0;T;True;2
1621226557000;11495676;0.86112;0.86124;0.86118;0;T;True;2
1621226558000;11495680;0.86111;0.86123;0.86117;3;T;True;2
1621226559000;11495681;0.86111;0.86123;0.86117;0;T;True;2
1621226560000;11495682;0.86111;0.86123;0.86117;0;T;True;2
1621226561000;11495683;0.86111;0.86123;0.86117;0;T;True;2
1621226562000;11495684;0.86111;0.86123;0.86117;0;T;True;2
1621226563000;11495685;0.86111;0.86123;0.86117;0;T;True;2
1621226564000;11495686;0.86111;0.86123;0.86117;0;T;True;2
1621226565000;11495687;0.86111;0.86123;0.86117;0;T;True;2
1621226566000;11495688;0.86111;0.86123;0.86117;0;T;True;2
1621226567000;11495689;0.86111;0.86123;0.86117;0;T;True;2
1621226568000;11495691;0.86111;0.86123;0.86117;1;T;True;2
1621226569000;11495692;0.86111;0.86123;0.86117;0;T;True;2
1621226570000;11495693;0.86111;0.86123;0.86117;0;T;True;2
1621226571000;11495694;0.86111;0.86123;0.86117;0;T;True;2
1621226572000;11495695;0.86111;0.86123;0.86117;0;T;True;2
1621226573000;11495697;0.86111;0.86123;0.86117;1;T;True;2
1621226574000;11495699;0.86111;0.86123;0.86117;1;T;True;2
1621226575000;11495700;0.86111;0.86123;0.86117;0;T;True;2
1621226576000;11495701;0.86111;0.86123;0.86117;0;T;True;2
1621226577000;11495702;0.86111;0.86123;0.86117;0;T;True;2
1621226578000;11495703;0.86111;0.86123;0.86117;0;T;True;2
1621226579000;11495704;0.86111;0.86123;0.86117;0;T;True;2
1621226580000;11495706;0.86112;0.86124;0.86118;1;T;True;2
1621226581000;11495709;0.86112;0.86124;0.86118;2;T;True;2
1621226582000;11495710;0.86112;0.86124;0.86118;0;T;True;2
1621226583000;11495711;0.86112;0.86124;0.86118;0;T;True;2
1621226584000;11495712;0.86112;0.86124;0.86118;0;T;True;2
1621226585000;11495713;0.86112;0.86124;0.86118;0;T;True;2
1621226586000;11495714;0.86112;0.86124;0.86118;0;T;True;2
1621226587000;11495717;0.86113;0.86125;0.86119;2;T;True;2
1621226588000;11495719;0.86113;0.86125;0.86119;1;T;True;2
1621226589000;11495721;0.86113;0.86125;0.86119;1;T;True;2
1621226590000;11495722;0.86113;0.86125;0.86119;0;T;True;2
1621226591000;11495723;0.86113;0.86125;0.86119;0;T;True;2
1621226592000;11495724;0.86113;0.86125;0.86119;0;T;True;2
1621226593000;11495725;0.86113;0.86125;0.86119;0;T;True;2
1621226594000;11495726;0.86113;0.86125;0.86119;0;T;True;2
1621226595000;11495727;0.86113;0.86125;0.86119;0;T;True;2
1621226596000;11495728;0.86113;0.86125;0.86119;0;T;True;2
1621226597000;11495729;0.86113;0.86125;0.86119;0;T;True;2
1621226598000;11495730;0.86113;0.86125;0.86119;0;T;True;2
1621226599000;11495732;0.86114;0.86126;0.8612;1;T;True;2
1621226600000;11495734;0.86113;0.86125;0.86119;1;T;True;2
1621226601000;11495735;0.86113;0.86125;0.86119;0;T;True;2
1621226602000;11495737;0.86112;0.86124;0.86118;1;T;True;2
1621226603000;11495738;0.86112;0.86124;0.86118;0;T;True;2
1621226604000;11495740;0.86113;0.86125;0.86119;1;T;True;2
1621226605000;11495741;0.86113;0.86125;0.86119;0;T;True;2
1621226606000;11495742;0.86113;0.86125;0.86119;0;T;True;2
1621226607000;11495743;0.86113;0.86125;0.86119;0;T;True;2
1621226608000;11495744;0.86113;0.86125;0.86119;0;T;True;2
1621226609000;11495745;0.86113;0.86125;0.86119;0;T;True;2
1621226610000;11495746;0.86113;0.86125;0.86119;0;T;True;2
1621226611000;11495747;0.86113;0.86125;0.86119;0;T;True;2
1621226612000;11495748;0.86113;0.86125;0.86119;0;T;True;2
1621226613000;11495751;0.86113;0.86125;0.86119;2;T;True;2
1621226614000;11495752;0.86113;0.86125;0.86119;0;T;True;2
1621226615000;11495753;0.86113;0.86125;0.86119;0;T;True;2
1621226616000;11495754;0.86113;0.86125;0.86119;0;T;True;2
1621226617000;11495755;0.86113;0.86125;0.86119;0;T;True;2
1621226618000;11495756;0.86113;0.86125;0.86119;0;T;True;2
1621226619000;11495757;0.86113;0.86125;0.86119;0;T;True;2
1621226620000;11495758;0.86113;0.86125;0.86119;0;T;True;2
1621226621000;11495759;0.86113;0.86125;0.86119;0;T;True;2
1621226622000;11495765;0.86108;0.8612;0.86114;5;T;True;2
1621226623000;11495767;0.86107;0.86119;0.86113;1;T;True;2
1621226624000;11495769;0.86107;0.86119;0.86113;1;T;True;2
1621226625000;11495770;0.86107;0.86119;0.86113;0;T;True;2
1621226626000;11495771;0.86107;0.86119;0.86113;0;T;True;2
1621226627000;11495772;0.86107;0.86119;0.86113;0;T;True;2
1621226628000;11495774;0.86107;0.86119;0.86113;1;T;True;2
1621226629000;11495775;0.86107;0.86119;0.86113;0;T;True;2
1621226630000;11495776;0.86107;0.86119;0.86113;0;T;True;2
1621226631000;11495777;0.86107;0.86119;0.86113;0;T;True;2
1621226632000;11495778;0.86107;0.86119;0.86113;0;T;True;2
1621226633000;11495779;0.86107;0.86119;0.86113;0;T;True;2
1621226634000;11495780;0.86107;0.86119;0.86113;0;T;True;2
1621226635000;11495781;0.86107;0.86119;0.86113;0;T;True;2
1621226636000;11495782;0.86107;0.86119;0.86113;0;T;True;2
1621226637000;11495785;0.86107;0.86119;0.86113;2;T;True;2
1621226638000;11495786;0.86107;0.86119;0.86113;0;T;True;2
1621226639000;11495788;0.86106;0.86118;0.86112;1;T;True;2
1621226640000;11495789;0.86106;0.86118;0.86112;0;T;True;2
1621226641000;11495791;0.86107;0.86119;0.86113;1;T;True;2
1621226642000;11495792;0.86107;0.86119;0.86113;0;T;True;2
1621226643000;11495793;0.86107;0.86119;0.86113;0;T;True;2
1621226644000;11495794;0.86107;0.86119;0.86113;0;T;True;2
1621226645000;11495795;0.86107;0.86119;0.86113;0;T;True;2
1621226646000;11495796;0.86107;0.86119;0.86113;0;T;True;2
1621226647000;11495797;0.86107;0.86119;0.86113;0;T;True;2
1621226648000;11495798;0.86107;0.86119;0.86113;0;T;True;2
1621226649000;11495799;0.86107;0.86119;0.86113;0;T;True;2
1621226650000;11495800;0.86107;0.86119;0.86113;0;T;True;2
1621226651000;11495801;0.86107;0.86119;0.86113;0;T;True;2
1621226652000;11495802;0.86107;0.86119;0.86113;0;T;True;2
1621226653000;11495803;0.86107;0.86119;0.86113;0;T;True;2
1621226654000;11495804;0.86107;0.86119;0.86113;0;T;True;2
1621226655000;11495805;0.86107;0.86119;0.86113;0;T;True;2
1621226656000;11495806;0.86107;0.86119;0.86113;0;T;True;2
1621226657000;11495807;0.86107;0.86119;0.86113;0;T;True;2
1621226658000;11495808;0.86107;0.86119;0.86113;0;T;True;2
1621226659000;11495809;0.86107;0.86119;0.86113;0;T;True;2
1621226660000;11495810;0.86107;0.86119;0.86113;0;T;True;2
1621226661000;11495811;0.86107;0.86119;0.86113;0;T;True;2
1621226662000;11495814;0.86107;0.86119;0.86113;2;T;True;2
1621226663000;11495816;0.86106;0.86118;0.86112;1;T;True;2
1621226664000;11495817;0.86106;0.86118;0.86112;0;T;True;2
1621226665000;11495819;0.86106;0.86118;0.86112;1;T;True;2
1621226666000;11495821;0.86107;0.86119;0.86113;1;T;True;2
1621226667000;11495823;0.86107;0.86119;0.86113;1;T;True;2
1621226668000;11495824;0.86107;0.86119;0.86113;0;T;True;2
1621226669000;11495826;0.86107;0.86119;0.86113;1;T;True;2
1621226670000;11495828;0.86107;0.86119;0.86113;1;T;True;2
1621226671000;11495829;0.86107;0.86119;0.86113;0;T;True;2
1621226672000;11495830;0.86107;0.86119;0.86113;0;T;True;2
1621226673000;11495831;0.86107;0.86119;0.86113;0;T;True;2
1621226674000;11495832;0.86107;0.86119;0.86113;0;T;True;2
1621226675000;11495833;0.86107;0.86119;0.86113;0;T;True;2
1621226676000;11495835;0.86107;0.86119;0.86113;1;T;True;2
1621226677000;11495836;0.86107;0.86119;0.86113;0;T;True;2
1621226678000;11495837;0.86107;0.86119;0.86113;0;T;True;2
1621226679000;11495839;0.86107;0.86119;0.86113;1;T;True;2
1621226680000;11495841;0.86107;0.86119;0.86113;1;T;True;2
1621226681000;11495842;0.86107;0.86119;0.86113;0;T;True;2
1621226682000;11495843;0.86107;0.86119;0.86113;0;T;True;2
1621226683000;11495844;0.86107;0.86119;0.86113;0;T;True;2
1621226684000;11495848;0.86109;0.86121;0.86115;3;T;True;2
1621226685000;11495854;0.86113;0.86125;0.86119;5;T;True;2
1621226686000;11495855;0.86113;0.86125;0.86119;0;T;True;2
1621226687000;11495863;0.86109;0.86121;0.86115;7;T;True;2
1621226688000;11495870;0.86108;0.8612;0.86114;6;T;True;2
1621226689000;11495874;0.86111;0.86123;0.86117;3;T;True;2
1621226690000;11495875;0.86111;0.86123;0.86117;0;T;True;2
1621226691000;11495876;0.86111;0.86123;0.86117;0;T;True;2
1621226692000;11495877;0.86111;0.86123;0.86117;0;T;True;2
1621226693000;11495878;0.86111;0.86123;0.86117;0;T;True;2
1621226694000;11495879;0.86111;0.86123;0.86117;0;T;True;2
1621226695000;11495880;0.86111;0.86123;0.86117;0;T;True;2
1621226696000;11495881;0.86111;0.86123;0.86117;0;T;True;2
1621226697000;11495882;0.86111;0.86123;0.86117;0;T;True;2
1621226698000;11495883;0.86111;0.86123;0.86117;0;T;True;2
1621226699000;11495884;0.86111;0.86123;0.86117;0;T;True;2
1621226700000;11495885;0.86111;0.86123;0.86117;0;T;True;2
1621226701000;11495886;0.86111;0.86123;0.86117;0;T;True;2
1621226702000;11495887;0.86111;0.86123;0.86117;0;T;True;2
1621226703000;11495888;0.86111;0.86123;0.86117;0;T;True;2
1621226704000;11495889;0.86111;0.86123;0.86117;0;T;True;2
1621226705000;11495890;0.86111;0.86123;0.86117;0;T;True;2
1621226706000;11495891;0.86111;0.86123;0.86117;0;T;True;2
1621226707000;11495892;0.86111;0.86123;0.86117;0;T;True;2
1621226708000;11495893;0.86111;0.86123;0.86117;0;T;True;2
1621226709000;11495894;0.86111;0.86123;0.86117;0;T;True;2
1621226710000;11495895;0.86111;0.86123;0.86117;0;T;True;2
1621226711000;11495896;0.86111;0.86123;0.86117;0;T;True;2
1621226712000;11495897;0.86111;0.86123;0.86117;0;T;True;2
1621226713000;11495898;0.86111;0.86123;0.86117;0;T;True;2
1621226714000;11495899;0.86111;0.86123;0.86117;0;T;True;2
1621226715000;11495900;0.86111;0.86123;0.86117;0;T;True;2
1621226716000;11495901;0.86111;0.86123;0.86117;0;T;True;2
1621226717000;11495902;0.86111;0.86123;0.86117;0;T;True;2
1621226718000;11495903;0.86111;0.86123;0.86117;0;T;True;2
1621226719000;11495904;0.86111;0.86123;0.86117;0;T;True;2
1621226720000;11495905;0.86111;0.86123;0.86117;0;T;True;2
1621226721000;11495906;0.86111;0.86123;0.86117;0;T;True;2
1621226722000;11495907;0.86111;0.86123;0.86117;0;T;True;2
1621226723000;11495908;0.86111;0.86123;0.86117;0;T;True;2
1621226724000;11495909;0.86111;0.86123;0.86117;0;T;True;2
1621226725000;11495910;0.86111;0.86123;0.86117;0;T;True;2
1621226726000;11495911;0.86111;0.86123;0.86117;0;T;True;2
1621226727000;11495912;0.86111;0.86123;0.86117;0;T;True;2
1621226728000;11495913;0.86111;0.86123;0.86117;0;T;True;2
1621226729000;11495914;0.86111;0.86123;0.86117;0;T;True;2
1621226730000;11495915;0.86111;0.86123;0.86117;0;T;True;2
1621226731000;11495916;0.86111;0.86123;0.86117;0;T;True;2
1621226732000;11495917;0.86111;0.86123;0.86117;0;T;True;2
1621226733000;11495919;0.86112;0.86124;0.86118;1;T;True;2
1621226734000;11495920;0.86112;0.86124;0.86118;0;T;True;2
1621226735000;11495921;0.86112;0.86124;0.86118;0;T;True;2
1621226736000;11495922;0.86112;0.86124;0.86118;0;T;True;2
1621226737000;11495923;0.86112;0.86124;0.86118;0;T;True;2
1621226738000;11495924;0.86112;0.86124;0.86118;0;T;True;2
1621226739000;11495925;0.86112;0.86124;0.86118;0;T;True;2
1621226740000;11495926;0.86112;0.86124;0.86118;0;T;True;2
1621226741000;11495927;0.86112;0.86124;0.86118;0;T;True;2
1621226742000;11495928;0.86112;0.86124;0.86118;0;T;True;2
1621226743000;11495929;0.86112;0.86124;0.86118;0;T;True;2
1621226744000;11495930;0.86112;0.86124;0.86118;0;T;True;2
1621226745000;11495931;0.86112;0.86124;0.86118;0;T;True;2
1621226746000;11495932;0.86112;0.86124;0.86118;0;T;True;2
1621226747000;11495933;0.86112;0.86124;0.86118;0;T;True;2
1621226748000;11495934;0.86112;0.86124;0.86118;0;T;True;2
1621226749000;11495935;0.86112;0.86124;0.86118;0;T;True;2
1621226750000;11495936;0.86112;0.86124;0.86118;0;T;True;2
1621226751000;11495937;0.86112;0.86124;0.86118;0;T;True;2
1621226752000;11495938;0.86112;0.86124;0.86118;0;T;True;2
1621226753000;11495939;0.86112;0.86124;0.86118;0;T;True;2
1621226754000;11495940;0.86112;0.86124;0.86118;0;T;True;2
1621226755000;11495941;0.86112;0.86124;0.86118;0;T;True;2
1621226756000;11495942;0.86112;0.86124;0.86118;0;T;True;2
1621226757000;11495943;0.86112;0.86124;0.86118;0;T;True;2
1621226758000;11495944;0.86112;0.86124;0.86118;0;T;True;2
1621226759000;11495945;0.86112;0.86124;0.86118;0;T;True;2
1621226760000;11495946;0.86112;0.86124;0.86118;0;T;True;2
1621226761000;11495947;0.86112;0.86124;0.86118;0;T;True;2
1621226762000;11495948;0.86112;0.86124;0.86118;0;T;True;2
1621226763000;11495949;0.86112;0.86124;0.86118;0;T;True;2
1621226764000;11495950;0.86112;0.86124;0.86118;0;T;True;2
1621226765000;11495951;0.86112;0.86124;0.86118;0;T;True;2
1621226766000;11495952;0.86112;0.86124;0.86118;0;T;True;2
1621226767000;11495953;0.86112;0.86124;0.86118;0;T;True;2
1621226768000;11495954;0.86112;0.86124;0.86118;0;T;True;2
1621226769000;11495955;0.86112;0.86124;0.86118;0;T;True;2
1621226770000;11495957;0.86111;0.86123;0.86117;1;T;True;2
1621226771000;11495958;0.86111;0.86123;0.86117;0;T;True;2
1621226772000;11495959;0.86111;0.86123;0.86117;0;T;True;2
1621226773000;11495960;0.86111;0.86123;0.86117;0;T;True;2
1621226774000;11495961;0.86111;0.86123;0.86117;0;T;True;2
1621226775000;11495962;0.86111;0.86123;0.86117;0;T;True;2
1621226776000;11495963;0.86111;0.86123;0.86117;0;T;True;2
1621226777000;11495964;0.86111;0.86123;0.86117;0;T;True;2
1621226778000;11495965;0.86111;0.86123;0.86117;0;T;True;2
1621226779000;11495966;0.86111;0.86123;0.86117;0;T;True;2
1621226780000;11495967;0.86111;0.86123;0.86117;0;T;True;2
1621226781000;11495968;0.86111;0.86123;0.86117;0;T;True;2
1621226782000;11495969;0.86111;0.86123;0.86117;0;T;True;2
1621226783000;11495970;0.86111;0.86123;0.86117;0;T;True;2
1621226784000;11495971;0.86111;0.86123;0.86117;0;T;True;2
1621226785000;11495972;0.86111;0.86123;0.86117;0;T;True;2
1621226786000;11495973;0.86111;0.86123;0.86117;0;T;True;2
1621226787000;11495974;0.86111;0.86123;0.86117;0;T;True;2
1621226788000;11495975;0.86111;0.86123;0.86117;0;T;True;2
1621226789000;11495976;0.86111;0.86123;0.86117;0;T;True;2
1621226790000;11495977;0.86111;0.86123;0.86117;0;T;True;2
1621226791000;11495978;0.86111;0.86123;0.86117;0;T;True;2
1621226792000;11495979;0.86111;0.86123;0.86117;0;T;True;2
1621226793000;11495980;0.86111;0.86123;0.86117;0;T;True;2
1621226794000;11495981;0.86111;0.86123;0.86117;0;T;True;2
1621226795000;11495982;0.86111;0.86123;0.86117;0;T;True;2
1621226796000;11495983;0.86111;0.86123;0.86117;0;T;True;2
1621226797000;11495984;0.86111;0.86123;0.86117;0;T;True;2
1621226798000;11495985;0.86111;0.86123;0.86117;0;T;True;2
1621226799000;11495986;0.86111;0.86123;0.86117;0;T;True;2
1621226800000;11495987;0.86111;0.86123;0.86117;0;T;True;2
1621226801000;11495988;0.86111;0.86123;0.86117;0;T;True;2
1621226802000;11495989;0.86111;0.86123;0.86117;0;T;True;2
1621226803000;11495992;0.86113;0.86125;0.86119;2;T;True;2
1621226804000;11495993;0.86113;0.86125;0.86119;0;T;True;2
1621226805000;11495994;0.86113;0.86125;0.86119;0;T;True;2
1621226806000;11495995;0.86113;0.86125;0.86119;0;T;True;2
1621226807000;11495996;0.86113;0.86125;0.86119;0;T;True;2
1621226808000;11495997;0.86113;0.86125;0.86119;0;T;True;2
1621226809000;11495998;0.86113;0.86125;0.86119;0;T;True;2
1621226810000;11495999;0.86113;0.86125;0.86119;0;T;True;2
1621226811000;11496000;0.86113;0.86125;0.86119;0;T;True;2
1621226812000;11496001;0.86113;0.86125;0.86119;0;T;True;2
1621226813000;11496002;0.86113;0.86125;0.86119;0;T;True;2
1621226814000;11496003;0.86113;0.86125;0.86119;0;T;True;2
1621226815000;11496004;0.86113;0.86125;0.86119;0;T;True;2
1621226816000;11496005;0.86113;0.86125;0.86119;0;T;True;2
1621226817000;11496008;0.86113;0.86125;0.86119;2;T;True;2
1621226818000;11496009;0.86113;0.86125;0.86119;0;T;True;2
1621226819000;11496010;0.86113;0.86125;0.86119;0;T;True;2
1621226820000;11496011;0.86113;0.86125;0.86119;0;T;True;2
1621226821000;11496012;0.86113;0.86125;0.86119;0;T;True;2
1621226822000;11496013;0.86113;0.86125;0.86119;0;T;True;2
1621226823000;11496014;0.86113;0.86125;0.86119;0;T;True;2
1621226824000;11496015;0.86113;0.86125;0.86119;0;T;True;2
1621226825000;11496016;0.86113;0.86125;0.86119;0;T;True;2
1621226826000;11496017;0.86113;0.86125;0.86119;0;T;True;2
1621226827000;11496018;0.86113;0.86125;0.86119;0;T;True;2
1621226828000;11496019;0.86113;0.86125;0.86119;0;T;True;2
1621226829000;11496020;0.86113;0.86125;0.86119;0;T;True;2
1621226830000;11496021;0.86113;0.86125;0.86119;0;T;True;2
1621226831000;11496022;0.86113;0.86125;0.86119;0;T;True;2
1621226832000;11496023;0.86113;0.86125;0.86119;0;T;True;2
1621226833000;11496024;0.86113;0.86125;0.86119;0;T;True;2
1621226834000;11496025;0.86113;0.86125;0.86119;0;T;True;2
1621226835000;11496026;0.86113;0.86125;0.86119;0;T;True;2
1621226836000;11496027;0.86113;0.86125;0.86119;0;T;True;2
1621226837000;11496028;0.86113;0.86125;0.86119;0;T;True;2
1621226838000;11496029;0.86113;0.86125;0.86119;0;T;True;2
1621226839000;11496030;0.86113;0.86125;0.86119;0;T;True;2
1621226840000;11496031;0.86113;0.86125;0.86119;0;T;True;2
1621226841000;11496032;0.86113;0.86125;0.86119;0;T;True;2
1621226842000;11496033;0.86113;0.86125;0.86119;0;T;True;2
1621226843000;11496034;0.86113;0.86125;0.86119;0;T;True;2
1621226844000;11496036;0.86113;0.86125;0.86119;1;T;True;2
1621226845000;11496037;0.86113;0.86125;0.86119;0;T;True;2
1621226846000;11496039;0.86115;0.86127;0.86121;1;T;True;2
1621226847000;11496040;0.86115;0.86127;0.86121;0;T;True;2
1621226848000;11496041;0.86115;0.86127;0.86121;0;T;True;2
1621226849000;11496042;0.86115;0.86127;0.86121;0;T;True;2
1621226850000;11496043;0.86115;0.86127;0.86121;0;T;True;2
1621226851000;11496044;0.86115;0.86127;0.86121;0;T;True;2
1621226852000;11496045;0.86115;0.86127;0.86121;0;T;True;2
1621226853000;11496046;0.86115;0.86127;0.86121;0;T;True;2
1621226854000;11496047;0.86115;0.86127;0.86121;0;T;True;2
1621226855000;11496048;0.86115;0.86127;0.86121;0;T;True;2
1621226856000;11496049;0.86115;0.86127;0.86121;0;T;True;2
1621226857000;11496050;0.86115;0.86127;0.86121;0;T;True;2
1621226858000;11496051;0.86115;0.86127;0.86121;0;T;True;2
1621226859000;11496052;0.86115;0.86127;0.86121;0;T;True;2
1621226860000;11496053;0.86115;0.86127;0.86121;0;T;True;2
1621226861000;11496054;0.86115;0.86127;0.86121;0;T;True;2
1621226862000;11496055;0.86115;0.86127;0.86121;0;T;True;2
1621226863000;11496056;0.86115;0.86127;0.86121;0;T;True;2
1621226864000;11496057;0.86115;0.86127;0.86121;0;T;True;2
1621226865000;11496058;0.86115;0.86127;0.86121;0;T;True;2
1621226866000;11496059;0.86115;0.86127;0.86121;0;T;True;2
1621226867000;11496061;0.86115;0.86127;0.86121;1;T;True;2
1621226868000;11496062;0.86115;0.86127;0.86121;0;T;True;2
1621226869000;11496063;0.86115;0.86127;0.86121;0;T;True;2
1621226870000;11496064;0.86115;0.86127;0.86121;0;T;True;2
1621226871000;11496065;0.86115;0.86127;0.86121;0;T;True;2
1621226872000;11496066;0.86115;0.86127;0.86121;0;T;True;2
1621226873000;11496067;0.86115;0.86127;0.86121;0;T;True;2
1621226874000;11496068;0.86115;0.86127;0.86121;0;T;True;2
1621226875000;11496069;0.86115;0.86127;0.86121;0;T;True;2
1621226876000;11496070;0.86115;0.86127;0.86121;0;T;True;2
1621226877000;11496073;0.86117;0.86129;0.86123;2;T;True;2
1621226878000;11496074;0.86117;0.86129;0.86123;0;T;True;2
1621226879000;11496075;0.86117;0.86129;0.86123;0;T;True;2
1621226880000;11496077;0.86117;0.86129;0.86123;1;T;True;2
1621226881000;11496078;0.86117;0.86129;0.86123;0;T;True;2
1621226882000;11496080;0.86118;0.8613;0.86124;1;T;True;2
1621226883000;11496081;0.86118;0.8613;0.86124;0;T;True;2
1621226884000;11496082;0.86118;0.8613;0.86124;0;T;True;2
1621226885000;11496083;0.86118;0.8613;0.86124;0;T;True;2
1621226886000;11496084;0.86118;0.8613;0.86124;0;T;True;2
1621226887000;11496086;0.86119;0.86131;0.86125;1;T;True;2
1621226888000;11496087;0.86119;0.86131;0.86125;0;T;True;2
1621226889000;11496088;0.86119;0.86131;0.86125;0;T;True;2
1621226890000;11496089;0.86119;0.86131;0.86125;0;T;True;2
1621226891000;11496090;0.86119;0.86131;0.86125;0;T;True;2
1621226892000;11496091;0.86119;0.86131;0.86125;0;T;True;2
1621226893000;11496092;0.86119;0.86131;0.86125;0;T;True;2
1621226894000;11496093;0.86119;0.86131;0.86125;0;T;True;2
1621226895000;11496094;0.86119;0.86131;0.86125;0;T;True;2
1621226896000;11496095;0.86119;0.86131;0.86125;0;T;True;2
1621226897000;11496096;0.86119;0.86131;0.86125;0;T;True;2
1621226898000;11496097;0.86119;0.86131;0.86125;0;T;True;2
1621226899000;11496098;0.86119;0.86131;0.86125;0;T;True;2
1621226900000;11496099;0.86119;0.86131;0.86125;0;T;True;2
1621226901000;11496100;0.86119;0.86131;0.86125;0;T;True;2
1621226902000;11496101;0.86119;0.86131;0.86125;0;T;True;2
1621226903000;11496102;0.86119;0.86131;0.86125;0;T;True;2
1621226904000;11496103;0.86119;0.86131;0.86125;0;T;True;2
1621226905000;11496104;0.86119;0.86131;0.86125;0;T;True;2
1621226906000;11496105;0.86119;0.86131;0.86125;0;T;True;2
1621226907000;11496106;0.86119;0.86131;0.86125;0;T;True;2
1621226908000;11496107;0.86119;0.86131;0.86125;0;T;True;2
1621226909000;11496108;0.86119;0.86131;0.86125;0;T;True;2
1621226910000;11496109;0.86119;0.86131;0.86125;0;T;True;2
1621226911000;11496110;0.86119;0.86131;0.86125;0;T;True;2
1621226912000;11496111;0.86119;0.86131;0.86125;0;T;True;2
1621226913000;11496112;0.86119;0.86131;0.86125;0;T;True;2
1621226914000;11496113;0.86119;0.86131;0.86125;0;T;True;2
1621226915000;11496114;0.86119;0.86131;0.86125;0;T;True;2
1621226916000;11496115;0.86119;0.86131;0.86125;0;T;True;2
1621226917000;11496116;0.86119;0.86131;0.86125;0;T;True;2
1621226918000;11496117;0.86119;0.86131;0.86125;0;T;True;2
1621226919000;11496118;0.86119;0.86131;0.86125;0;T;True;2
1621226920000;11496121;0.86118;0.8613;0.86124;2;T;True;2
1621226921000;11496124;0.86117;0.86129;0.86123;2;T;True;2
1621226922000;11496126;0.86118;0.8613;0.86124;1;T;True;2
1621226923000;11496127;0.86118;0.8613;0.86124;0;T;True;2
1621226924000;11496128;0.86118;0.8613;0.86124;0;T;True;2
1621226925000;11496129;0.86118;0.8613;0.86124;0;T;True;2
1621226926000;11496130;0.86118;0.8613;0.86124;0;T;True;2
1621226927000;11496131;0.86118;0.8613;0.86124;0;T;True;2
1621226928000;11496132;0.86118;0.8613;0.86124;0;T;True;2
1621226929000;11496133;0.86118;0.8613;0.86124;0;T;True;2
1621226930000;11496134;0.86118;0.8613;0.86124;0;T;True;2
1621226931000;11496135;0.86118;0.8613;0.86124;0;T;True;2
1621226932000;11496136;0.86118;0.8613;0.86124;0;T;True;2
1621226933000;11496138;0.86119;0.86131;0.86125;1;T;True;2
1621226934000;11496139;0.86119;0.86131;0.86125;0;T;True;2
1621226935000;11496141;0.86119;0.86131;0.86125;1;T;True;2
1621226936000;11496143;0.86119;0.86131;0.86125;1;T;True;2
1621226937000;11496144;0.86119;0.86131;0.86125;0;T;True;2
1621226938000;11496145;0.86119;0.86131;0.86125;0;T;True;2
1621226939000;11496146;0.86119;0.86131;0.86125;0;T;True;2
1621226940000;11496151;0.86119;0.86131;0.86125;4;T;True;2
1621226941000;11496153;0.86119;0.86131;0.86125;1;T;True;2
1621226942000;11496155;0.86119;0.86131;0.86125;1;T;True;2
1621226943000;11496157;0.86118;0.8613;0.86124;1;T;True;2
1621226944000;11496158;0.86118;0.8613;0.86124;0;T;True;2
1621226945000;11496159;0.86118;0.8613;0.86124;0;T;True;2
1621226946000;11496160;0.86118;0.8613;0.86124;0;T;True;2
1621226947000;11496161;0.86118;0.8613;0.86124;0;T;True;2
1621226948000;11496162;0.86118;0.8613;0.86124;0;T;True;2
1621226949000;11496165;0.86118;0.8613;0.86124;2;T;True;2
1621226950000;11496166;0.86118;0.8613;0.86124;0;T;True;2
1621226951000;11496168;0.86119;0.86131;0.86125;1;T;True;2
1621226952000;11496169;0.86119;0.86131;0.86125;0;T;True;2
1621226953000;11496171;0.86119;0.86131;0.86125;1;T;True;2
1621226954000;11496172;0.86119;0.86131;0.86125;0;T;True;2
1621226955000;11496173;0.86119;0.86131;0.86125;0;T;True;2
1621226956000;11496174;0.86119;0.86131;0.86125;0;T;True;2
1621226957000;11496175;0.86119;0.86131;0.86125;0;T;True;2
1621226958000;11496176;0.86119;0.86131;0.86125;0;T;True;2
1621226959000;11496177;0.86119;0.86131;0.86125;0;T;True;2
1621226960000;11496178;0.86119;0.86131;0.86125;0;T;True;2
1621226961000;11496179;0.86119;0.86131;0.86125;0;T;True;2
1621226962000;11496180;0.86119;0.86131;0.86125;0;T;True;2
1621226963000;11496181;0.86119;0.86131;0.86125;0;T;True;2
1621226964000;11496182;0.86119;0.86131;0.86125;0;T;True;2
1621226965000;11496183;0.86119;0.86131;0.86125;0;T;True;2
1621226966000;11496184;0.86119;0.86131;0.86125;0;T;True;2
1621226967000;11496185;0.86119;0.86131;0.86125;0;T;True;2
1621226968000;11496186;0.86119;0.86131;0.86125;0;T;True;2
1621226969000;11496187;0.86119;0.86131;0.86125;0;T;True;2
1621226970000;11496188;0.86119;0.86131;0.86125;0;T;True;2
1621226971000;11496189;0.86119;0.86131;0.86125;0;T;True;2
1621226972000;11496190;0.86119;0.86131;0.86125;0;T;True;2
1621226973000;11496191;0.86119;0.86131;0.86125;0;T;True;2
1621226974000;11496192;0.86119;0.86131;0.86125;0;T;True;2
1621226975000;11496193;0.86119;0.86131;0.86125;0;T;True;2
1621226976000;11496194;0.86119;0.86131;0.86125;0;T;True;2
1621226977000;11496195;0.86119;0.86131;0.86125;0;T;True;2
1621226978000;11496196;0.86119;0.86131;0.86125;0;T;True;2
1621226979000;11496197;0.86119;0.86131;0.86125;0;T;True;2
1621226980000;11496198;0.86119;0.86131;0.86125;0;T;True;2
1621226981000;11496199;0.86119;0.86131;0.86125;0;T;True;2
1621226982000;11496200;0.86119;0.86131;0.86125;0;T;True;2
1621226983000;11496201;0.86119;0.86131;0.86125;0;T;True;2
1621226984000;11496202;0.86119;0.86131;0.86125;0;T;True;2
1621226985000;11496203;0.86119;0.86131;0.86125;0;T;True;2
1621226986000;11496204;0.86119;0.86131;0.86125;0;T;True;2
1621226987000;11496205;0.86119;0.86131;0.86125;0;T;True;2
1621226988000;11496206;0.86119;0.86131;0.86125;0;T;True;2
1621226989000;11496207;0.86119;0.86131;0.86125;0;T;True;2
1621226990000;11496208;0.86119;0.86131;0.86125;0;T;True;2
1621226991000;11496209;0.86119;0.86131;0.86125;0;T;True;2
1621226992000;11496211;0.86119;0.86131;0.86125;1;T;True;2
1621226993000;11496212;0.86119;0.86131;0.86125;0;T;True;2
1621226994000;11496213;0.86119;0.86131;0.86125;0;T;True;2
1621226995000;11496214;0.86119;0.86131;0.86125;0;T;True;2
1621226996000;11496215;0.86119;0.86131;0.86125;0;T;True;2
1621226997000;11496216;0.86119;0.86131;0.86125;0;T;True;2
1621226998000;11496217;0.86119;0.86131;0.86125;0;T;True;2
1621226999000;11496218;0.86119;0.86131;0.86125;0;T;True;2
1621227000000;11496219;0.86119;0.86131;0.86125;0;T;True;2
1621227001000;11496220;0.86119;0.86131;0.86125;0;T;True;2
1621227002000;11496221;0.86119;0.86131;0.86125;0;T;True;2
1621227003000;11496222;0.86119;0.86131;0.86125;0;T;True;2
1621227004000;11496223;0.86119;0.86131;0.86125;0;T;True;2
1621227005000;11496224;0.86119;0.86131;0.86125;0;T;True;2
1621227006000;11496225;0.86119;0.86131;0.86125;0;T;True;2
1621227007000;11496226;0.86119;0.86131;0.86125;0;T;True;2
1621227008000;11496228;0.86118;0.8613;0.86124;1;T;True;2
1621227009000;11496229;0.86118;0.8613;0.86124;0;T;True;2
1621227010000;11496230;0.86118;0.8613;0.86124;0;T;True;2
1621227011000;11496231;0.86118;0.8613;0.86124;0;T;True;2
1621227012000;11496232;0.86118;0.8613;0.86124;0;T;True;2
1621227013000;11496233;0.86118;0.8613;0.86124;0;T;True;2
1621227014000;11496234;0.86118;0.8613;0.86124;0;T;True;2
1621227015000;11496235;0.86118;0.8613;0.86124;0;T;True;2
1621227016000;11496236;0.86118;0.8613;0.86124;0;T;True;2
1621227017000;11496237;0.86118;0.8613;0.86124;0;T;True;2
1621227018000;11496238;0.86118;0.8613;0.86124;0;T;True;2
1621227019000;11496239;0.86118;0.8613;0.86124;0;T;True;2
1621227020000;11496240;0.86118;0.8613;0.86124;0;T;True;2
1621227021000;11496242;0.86117;0.86129;0.86123;1;T;True;2
1621227022000;11496243;0.86117;0.86129;0.86123;0;T;True;2
1621227023000;11496244;0.86117;0.86129;0.86123;0;T;True;2
1621227024000;11496245;0.86117;0.86129;0.86123;0;T;True;2
1621227025000;11496246;0.86117;0.86129;0.86123;0;T;True;2
1621227026000;11496247;0.86117;0.86129;0.86123;0;T;True;2
1621227027000;11496248;0.86117;0.86129;0.86123;0;T;True;2
1621227028000;11496249;0.86117;0.86129;0.86123;0;T;True;2
1621227029000;11496250;0.86117;0.86129;0.86123;0;T;True;2
1621227030000;11496251;0.86117;0.86129;0.86123;0;T;True;2
1621227031000;11496252;0.86117;0.86129;0.86123;0;T;True;2
1621227032000;11496253;0.86117;0.86129;0.86123;0;T;True;2
1621227033000;11496254;0.86117;0.86129;0.86123;0;T;True;2
1621227034000;11496255;0.86117;0.86129;0.86123;0;T;True;2
1621227035000;11496257;0.86118;0.8613;0.86124;1;T;True;2
1621227036000;11496258;0.86118;0.8613;0.86124;0;T;True;2
1621227037000;11496259;0.86118;0.8613;0.86124;0;T;True;2
1621227038000;11496260;0.86118;0.8613;0.86124;0;T;True;2
1621227039000;11496261;0.86118;0.8613;0.86124;0;T;True;2
1621227040000;11496262;0.86118;0.8613;0.86124;0;T;True;2
1621227041000;11496263;0.86118;0.8613;0.86124;0;T;True;2
1621227042000;11496264;0.86118;0.8613;0.86124;0;T;True;2
1621227043000;11496265;0.86118;0.8613;0.86124;0;T;True;2
1621227044000;11496266;0.86118;0.8613;0.86124;0;T;True;2
1621227045000;11496268;0.86119;0.86131;0.86125;1;T;True;2
1621227046000;11496269;0.86119;0.86131;0.86125;0;T;True;2
1621227047000;11496271;0.86117;0.86129;0.86123;1;T;True;2
1621227048000;11496272;0.86117;0.86129;0.86123;0;T;True;2
1621227049000;11496273;0.86117;0.86129;0.86123;0;T;True;2
1621227050000;11496274;0.86117;0.86129;0.86123;0;T;True;2
1621227051000;11496275;0.86117;0.86129;0.86123;0;T;True;2
1621227052000;11496276;0.86117;0.86129;0.86123;0;T;True;2
1621227053000;11496277;0.86117;0.86129;0.86123;0;T;True;2
1621227054000;11496278;0.86117;0.86129;0.86123;0;T;True;2
1621227055000;11496279;0.86117;0.86129;0.86123;0;T;True;2
1621227056000;11496280;0.86117;0.86129;0.86123;0;T;True;2
1621227057000;11496281;0.86117;0.86129;0.86123;0;T;True;2
1621227058000;11496282;0.86117;0.86129;0.86123;0;T;True;2
1621227059000;11496283;0.86117;0.86129;0.86123;0;T;True;2
1621227060000;11496284;0.86117;0.86129;0.86123;0;T;True;2
1621227061000;11496285;0.86117;0.86129;0.86123;0;T;True;2
1621227062000;11496286;0.86117;0.86129;0.86123;0;T;True;2
1621227063000;11496287;0.86117;0.86129;0.86123;0;T;True;2
1621227064000;11496288;0.86117;0.86129;0.86123;0;T;True;2
1621227065000;11496289;0.86117;0.86129;0.86123;0;T;True;2
1621227066000;11496290;0.86117;0.86129;0.86123;0;T;True;2
1621227067000;11496291;0.86117;0.86129;0.86123;0;T;True;2
1621227068000;11496292;0.86117;0.86129;0.86123;0;T;True;2
1621227069000;11496293;0.86117;0.86129;0.86123;0;T;True;2
1621227070000;11496294;0.86117;0.86129;0.86123;0;T;True;2
1621227071000;11496295;0.86117;0.86129;0.86123;0;T;True;2
1621227072000;11496296;0.86117;0.86129;0.86123;0;T;True;2
1621227073000;11496298;0.86118;0.8613;0.86124;1;T;True;2
1621227074000;11496299;0.86118;0.8613;0.86124;0;T;True;2
1621227075000;11496300;0.86118;0.8613;0.86124;0;T;True;2
1621227076000;11496301;0.86118;0.8613;0.86124;0;T;True;2
1621227077000;11496302;0.86118;0.8613;0.86124;0;T;True;2
1621227078000;11496303;0.86118;0.8613;0.86124;0;T;True;2
1621227079000;11496304;0.86118;0.8613;0.86124;0;T;True;2
1621227080000;11496305;0.86118;0.8613;0.86124;0;T;True;2
1621227081000;11496306;0.86118;0.8613;0.86124;0;T;True;2
1621227082000;11496307;0.86118;0.8613;0.86124;0;T;True;2
1621227083000;11496308;0.86118;0.8613;0.86124;0;T;True;2
1621227084000;11496309;0.86118;0.8613;0.86124;0;T;True;2
1621227085000;11496310;0.86118;0.8613;0.86124;0;T;True;2
1621227086000;11496311;0.86118;0.8613;0.86124;0;T;True;2
1621227087000;11496312;0.86118;0.8613;0.86124;0;T;True;2
1621227088000;11496313;0.86118;0.8613;0.86124;0;T;True;2
1621227089000;11496314;0.86118;0.8613;0.86124;0;T;True;2
1621227090000;11496315;0.86118;0.8613;0.86124;0;T;True;2
1621227091000;11496316;0.86118;0.8613;0.86124;0;T;True;2
1621227092000;11496317;0.86118;0.8613;0.86124;0;T;True;2
1621227093000;11496318;0.86118;0.8613;0.86124;0;T;True;2
1621227094000;11496319;0.86118;0.8613;0.86124;0;T;True;2
1621227095000;11496320;0.86118;0.8613;0.86124;0;T;True;2
1621227096000;11496321;0.86118;0.8613;0.86124;0;T;True;2
1621227097000;11496322;0.86118;0.8613;0.86124;0;T;True;2
1621227098000;11496323;0.86118;0.8613;0.86124;0;T;True;2
1621227099000;11496328;0.86115;0.86127;0.86121;4;T;True;2
1621227100000;11496329;0.86115;0.86127;0.86121;0;T;True;2
1621227101000;11496330;0.86115;0.86127;0.86121;0;T;True;2
1621227102000;11496331;0.86115;0.86127;0.86121;0;T;True;2
1621227103000;11496332;0.86115;0.86127;0.86121;0;T;True;2
1621227104000;11496336;0.86117;0.86129;0.86123;3;T;True;2
1621227105000;11496337;0.86117;0.86129;0.86123;0;T;True;2
1621227106000;11496338;0.86117;0.86129;0.86123;0;T;True;2
1621227107000;11496339;0.86117;0.86129;0.86123;0;T;True;2
1621227108000;11496340;0.86117;0.86129;0.86123;0;T;True;2
1621227109000;11496342;0.86117;0.86129;0.86123;1;T;True;2
1621227110000;11496343;0.86117;0.86129;0.86123;0;T;True;2
1621227111000;11496344;0.86117;0.86129;0.86123;0;T;True;2
1621227112000;11496345;0.86117;0.86129;0.86123;0;T;True;2
1621227113000;11496346;0.86117;0.86129;0.86123;0;T;True;2
1621227114000;11496347;0.86117;0.86129;0.86123;0;T;True;2
1621227115000;11496348;0.86117;0.86129;0.86123;0;T;True;2
1621227116000;11496349;0.86117;0.86129;0.86123;0;T;True;2
1621227117000;11496350;0.86117;0.86129;0.86123;0;T;True;2
1621227118000;11496351;0.86117;0.86129;0.86123;0;T;True;2
1621227119000;11496352;0.86117;0.86129;0.86123;0;T;True;2
1621227120000;11496353;0.86117;0.86129;0.86123;0;T;True;2
1621227121000;11496356;0.86117;0.86129;0.86123;2;T;True;2
1621227122000;11496357;0.86117;0.86129;0.86123;0;T;True;2
1621227123000;11496358;0.86117;0.86129;0.86123;0;T;True;2
1621227124000;11496359;0.86117;0.86129;0.86123;0;T;True;2
1621227125000;11496360;0.86117;0.86129;0.86123;0;T;True;2
1621227126000;11496361;0.86117;0.86129;0.86123;0;T;True;2
1621227127000;11496362;0.86117;0.86129;0.86123;0;T;True;2
1621227128000;11496363;0.86117;0.86129;0.86123;0;T;True;2
1621227129000;11496364;0.86117;0.86129;0.86123;0;T;True;2
1621227130000;11496365;0.86117;0.86129;0.86123;0;T;True;2
1621227131000;11496366;0.86117;0.86129;0.86123;0;T;True;2
1621227132000;11496367;0.86117;0.86129;0.86123;0;T;True;2
1621227133000;11496368;0.86117;0.86129;0.86123;0;T;True;2
1621227134000;11496369;0.86117;0.86129;0.86123;0;T;True;2
1621227135000;11496370;0.86117;0.86129;0.86123;0;T;True;2
1621227136000;11496371;0.86117;0.86129;0.86123;0;T;True;2
1621227137000;11496372;0.86117;0.86129;0.86123;0;T;True;2
1621227138000;11496373;0.86117;0.86129;0.86123;0;T;True;2
1621227139000;11496374;0.86117;0.86129;0.86123;0;T;True;2
1621227140000;11496375;0.86117;0.86129;0.86123;0;T;True;2
1621227141000;11496376;0.86117;0.86129;0.86123;0;T;True;2
1621227142000;11496377;0.86117;0.86129;0.86123;0;T;True;2
1621227143000;11496378;0.86117;0.86129;0.86123;0;T;True;2
1621227144000;11496379;0.86117;0.86129;0.86123;0;T;True;2
1621227145000;11496380;0.86117;0.86129;0.86123;0;T;True;2
1621227146000;11496381;0.86117;0.86129;0.86123;0;T;True;2
1621227147000;11496382;0.86117;0.86129;0.86123;0;T;True;2
1621227148000;11496383;0.86117;0.86129;0.86123;0;T;True;2
1621227149000;11496384;0.86117;0.86129;0.86123;0;T;True;2
1621227150000;11496385;0.86117;0.86129;0.86123;0;T;True;2
1621227151000;11496386;0.86117;0.86129;0.86123;0;T;True;2
1621227152000;11496387;0.86117;0.86129;0.86123;0;T;True;2
1621227153000;11496388;0.86117;0.86129;0.86123;0;T;True;2
1621227154000;11496389;0.86117;0.86129;0.86123;0;T;True;2
1621227155000;11496390;0.86117;0.86129;0.86123;0;T;True;2
1621227156000;11496391;0.86117;0.86129;0.86123;0;T;True;2
1621227157000;11496392;0.86117;0.86129;0.86123;0;T;True;2
1621227158000;11496393;0.86117;0.86129;0.86123;0;T;True;2
1621227159000;11496394;0.86117;0.86129;0.86123;0;T;True;2
1621227160000;11496395;0.86117;0.86129;0.86123;0;T;True;2
1621227161000;11496396;0.86117;0.86129;0.86123;0;T;True;2
1621227162000;11496397;0.86117;0.86129;0.86123;0;T;True;2
1621227163000;11496398;0.86117;0.86129;0.86123;0;T;True;2
1621227164000;11496399;0.86117;0.86129;0.86123;0;T;True;2
1621227165000;11496400;0.86117;0.86129;0.86123;0;T;True;2
1621227166000;11496401;0.86117;0.86129;0.86123;0;T;True;2
1621227167000;11496402;0.86117;0.86129;0.86123;0;T;True;2
1621227168000;11496404;0.86116;0.86128;0.86122;1;T;True;2
1621227169000;11496405;0.86116;0.86128;0.86122;0;T;True;2
1621227170000;11496406;0.86116;0.86128;0.86122;0;T;True;2
1621227171000;11496407;0.86116;0.86128;0.86122;0;T;True;2
1621227172000;11496410;0.86119;0.86131;0.86125;2;T;True;2
1621227173000;11496412;0.86118;0.8613;0.86124;1;T;True;2
1621227174000;11496413;0.86118;0.8613;0.86124;0;T;True;2
1621227175000;11496414;0.86118;0.8613;0.86124;0;T;True;2
1621227176000;11496416;0.86117;0.86129;0.86123;1;T;True;2
1621227177000;11496417;0.86117;0.86129;0.86123;0;T;True;2
1621227178000;11496418;0.86117;0.86129;0.86123;0;T;True;2
1621227179000;11496419;0.86117;0.86129;0.86123;0;T;True;2
1621227180000;11496420;0.86117;0.86129;0.86123;0;T;True;2
1621227181000;11496421;0.86117;0.86129;0.86123;0;T;True;2
1621227182000;11496422;0.86117;0.86129;0.86123;0;T;True;2
1621227183000;11496423;0.86117;0.86129;0.86123;0;T;True;2
1621227184000;11496424;0.86117;0.86129;0.86123;0;T;True;2
1621227185000;11496425;0.86117;0.86129;0.86123;0;T;True;2
1621227186000;11496426;0.86117;0.86129;0.86123;0;T;True;2
1621227187000;11496427;0.86117;0.86129;0.86123;0;T;True;2
1621227188000;11496428;0.86117;0.86129;0.86123;0;T;True;2
1621227189000;11496429;0.86117;0.86129;0.86123;0;T;True;2
1621227190000;11496430;0.86117;0.86129;0.86123;0;T;True;2
1621227191000;11496431;0.86117;0.86129;0.86123;0;T;True;2
1621227192000;11496432;0.86117;0.86129;0.86123;0;T;True;2
1621227193000;11496433;0.86117;0.86129;0.86123;0;T;True;2
1621227194000;11496434;0.86117;0.86129;0.86123;0;T;True;2
1621227195000;11496435;0.86117;0.86129;0.86123;0;T;True;2
1621227196000;11496436;0.86117;0.86129;0.86123;0;T;True;2
1621227197000;11496437;0.86117;0.86129;0.86123;0;T;True;2
1621227198000;11496438;0.86117;0.86129;0.86123;0;T;True;2
1621227199000;11496439;0.86117;0.86129;0.86123;0;T;True;2
1621227200000;11496440;0.86117;0.86129;0.86123;0;T;True;2
1621227201000;11496441;0.86117;0.86129;0.86123;0;T;True;2
1621227202000;11496442;0.86117;0.86129;0.86123;0;T;True;2
1621227203000;11496443;0.86117;0.86129;0.86123;0;T;True;2
1621227204000;11496444;0.86117;0.86129;0.86123;0;T;True;2
1621227205000;11496445;0.86117;0.86129;0.86123;0;T;True;2
1621227206000;11496446;0.86117;0.86129;0.86123;0;T;True;2
1621227207000;11496447;0.86117;0.86129;0.86123;0;T;True;2
1621227208000;11496448;0.86117;0.86129;0.86123;0;T;True;2
1621227209000;11496449;0.86117;0.86129;0.86123;0;T;True;2
1621227210000;11496450;0.86117;0.86129;0.86123;0;T;True;2
1621227211000;11496451;0.86117;0.86129;0.86123;0;T;True;2
1621227212000;11496452;0.86117;0.86129;0.86123;0;T;True;2
1621227213000;11496453;0.86117;0.86129;0.86123;0;T;True;2
1621227214000;11496454;0.86117;0.86129;0.86123;0;T;True;2
1621227215000;11496455;0.86117;0.86129;0.86123;0;T;True;2
1621227216000;11496456;0.86117;0.86129;0.86123;0;T;True;2
1621227217000;11496457;0.86117;0.86129;0.86123;0;T;True;2
1621227218000;11496458;0.86117;0.86129;0.86123;0;T;True;2
1621227219000;11496459;0.86117;0.86129;0.86123;0;T;True;2
1621227220000;11496460;0.86117;0.86129;0.86123;0;T;True;2
1621227221000;11496461;0.86117;0.86129;0.86123;0;T;True;2
1621227222000;11496462;0.86117;0.86129;0.86123;0;T;True;2
1621227223000;11496465;0.86115;0.86127;0.86121;2;T;True;2
1621227224000;11496466;0.86115;0.86127;0.86121;0;T;True;2
1621227225000;11496467;0.86115;0.86127;0.86121;0;T;True;2
1621227226000;11496468;0.86115;0.86127;0.86121;0;T;True;2
1621227227000;11496469;0.86115;0.86127;0.86121;0;T;True;2
1621227228000;11496470;0.86115;0.86127;0.86121;0;T;True;2
1621227229000;11496471;0.86115;0.86127;0.86121;0;T;True;2
1621227230000;11496472;0.86115;0.86127;0.86121;0;T;True;2
1621227231000;11496473;0.86115;0.86127;0.86121;0;T;True;2
1621227232000;11496474;0.86115;0.86127;0.86121;0;T;True;2
1621227233000;11496475;0.86115;0.86127;0.86121;0;T;True;2
1621227234000;11496476;0.86115;0.86127;0.86121;0;T;True;2
1621227235000;11496477;0.86115;0.86127;0.86121;0;T;True;2
1621227236000;11496478;0.86115;0.86127;0.86121;0;T;True;2
1621227237000;11496479;0.86115;0.86127;0.86121;0;T;True;2
1621227238000;11496480;0.86115;0.86127;0.86121;0;T;True;2
1621227239000;11496481;0.86115;0.86127;0.86121;0;T;True;2
1621227240000;11496483;0.86115;0.86127;0.86121;1;T;True;2
1621227241000;11496485;0.86115;0.86127;0.86121;1;T;True;2
1621227242000;11496486;0.86115;0.86127;0.86121;0;T;True;2
1621227243000;11496487;0.86115;0.86127;0.86121;0;T;True;2
1621227244000;11496488;0.86115;0.86127;0.86121;0;T;True;2
1621227245000;11496489;0.86115;0.86127;0.86121;0;T;True;2
1621227246000;11496490;0.86115;0.86127;0.86121;0;T;True;2
1621227247000;11496492;0.86117;0.86129;0.86123;1;T;True;2
1621227248000;11496493;0.86117;0.86129;0.86123;0;T;True;2
1621227249000;11496494;0.86117;0.86129;0.86123;0;T;True;2
1621227250000;11496495;0.86117;0.86129;0.86123;0;T;True;2
1621227251000;11496496;0.86117;0.86129;0.86123;0;T;True;2
1621227252000;11496497;0.86117;0.86129;0.86123;0;T;True;2
1621227253000;11496498;0.86117;0.86129;0.86123;0;T;True;2
1621227254000;11496499;0.86117;0.86129;0.86123;0;T;True;2
1621227255000;11496501;0.86116;0.86128;0.86122;1;T;True;2
1621227256000;11496508;0.86113;0.86125;0.86119;6;T;True;2
1621227257000;11496510;0.86112;0.86124;0.86118;1;T;True;2
1621227258000;11496515;0.86113;0.86125;0.86119;4;T;True;2
1621227259000;11496518;0.86113;0.86125;0.86119;2;T;True;2
1621227260000;11496520;0.86113;0.86125;0.86119;1;T;True;2
1621227261000;11496523;0.86113;0.86125;0.86119;2;T;True;2
1621227262000;11496529;0.86114;0.86126;0.8612;5;T;True;2
1621227263000;11496538;0.86113;0.86125;0.86119;8;T;True;2
1621227264000;11496539;0.86113;0.86125;0.86119;0;T;True;2
1621227265000;11496540;0.86113;0.86125;0.86119;0;T;True;2
1621227266000;11496541;0.86113;0.86125;0.86119;0;T;True;2
1621227267000;11496542;0.86113;0.86125;0.86119;0;T;True;2
1621227268000;11496544;0.86112;0.86124;0.86118;1;T;True;2
1621227269000;11496545;0.86112;0.86124;0.86118;0;T;True;2
1621227270000;11496548;0.86113;0.86125;0.86119;2;T;True;2
1621227271000;11496550;0.86114;0.86126;0.8612;1;T;True;2
1621227272000;11496551;0.86114;0.86126;0.8612;0;T;True;2
1621227273000;11496552;0.86114;0.86126;0.8612;0;T;True;2
1621227274000;11496553;0.86114;0.86126;0.8612;0;T;True;2
1621227275000;11496554;0.86114;0.86126;0.8612;0;T;True;2
1621227276000;11496555;0.86114;0.86126;0.8612;0;T;True;2
1621227277000;11496556;0.86114;0.86126;0.8612;0;T;True;2
1621227278000;11496557;0.86114;0.86126;0.8612;0;T;True;2
1621227279000;11496558;0.86114;0.86126;0.8612;0;T;True;2
1621227280000;11496559;0.86114;0.86126;0.8612;0;T;True;2
1621227281000;11496560;0.86114;0.86126;0.8612;0;T;True;2
1621227282000;11496561;0.86114;0.86126;0.8612;0;T;True;2
1621227283000;11496562;0.86114;0.86126;0.8612;0;T;True;2
1621227284000;11496563;0.86114;0.86126;0.8612;0;T;True;2
1621227285000;11496564;0.86114;0.86126;0.8612;0;T;True;2
1621227286000;11496566;0.86114;0.86126;0.8612;1;T;True;2
1621227287000;11496567;0.86114;0.86126;0.8612;0;T;True;2
1621227288000;11496568;0.86114;0.86126;0.8612;0;T;True;2
1621227289000;11496570;0.86113;0.86125;0.86119;1;T;True;2
1621227290000;11496571;0.86113;0.86125;0.86119;0;T;True;2
1621227291000;11496572;0.86113;0.86125;0.86119;0;T;True;2
1621227292000;11496573;0.86113;0.86125;0.86119;0;T;True;2
1621227293000;11496574;0.86113;0.86125;0.86119;0;T;True;2
1621227294000;11496575;0.86113;0.86125;0.86119;0;T;True;2
1621227295000;11496576;0.86113;0.86125;0.86119;0;T;True;2
1621227296000;11496577;0.86113;0.86125;0.86119;0;T;True;2
1621227297000;11496578;0.86113;0.86125;0.86119;0;T;True;2
1621227298000;11496579;0.86113;0.86125;0.86119;0;T;True;2
1621227299000;11496580;0.86113;0.86125;0.86119;0;T;True;2
1621227300000;11496581;0.86113;0.86125;0.86119;0;T;True;2
1621227301000;11496582;0.86113;0.86125;0.86119;0;T;True;2
1621227302000;11496586;0.86113;0.86125;0.86119;3;T;True;2
1621227303000;11496587;0.86113;0.86125;0.86119;0;T;True;2
1621227304000;11496588;0.86113;0.86125;0.86119;0;T;True;2
1621227305000;11496589;0.86113;0.86125;0.86119;0;T;True;2
1621227306000;11496590;0.86113;0.86125;0.86119;0;T;True;2
1621227307000;11496592;0.86113;0.86125;0.86119;1;T;True;2
1621227308000;11496593;0.86113;0.86125;0.86119;0;T;True;2
1621227309000;11496594;0.86113;0.86125;0.86119;0;T;True;2
1621227310000;11496595;0.86113;0.86125;0.86119;0;T;True;2
1621227311000;11496596;0.86113;0.86125;0.86119;0;T;True;2
1621227312000;11496597;0.86113;0.86125;0.86119;0;T;True;2
1621227313000;11496598;0.86113;0.86125;0.86119;0;T;True;2
1621227314000;11496599;0.86113;0.86125;0.86119;0;T;True;2
1621227315000;11496600;0.86113;0.86125;0.86119;0;T;True;2
1621227316000;11496601;0.86113;0.86125;0.86119;0;T;True;2
1621227317000;11496602;0.86113;0.86125;0.86119;0;T;True;2
1621227318000;11496603;0.86113;0.86125;0.86119;0;T;True;2
1621227319000;11496604;0.86113;0.86125;0.86119;0;T;True;2
1621227320000;11496605;0.86113;0.86125;0.86119;0;T;True;2
1621227321000;11496606;0.86113;0.86125;0.86119;0;T;True;2
1621227322000;11496607;0.86113;0.86125;0.86119;0;T;True;2
1621227323000;11496608;0.86113;0.86125;0.86119;0;T;True;2
1621227324000;11496609;0.86113;0.86125;0.86119;0;T;True;2
1621227325000;11496610;0.86113;0.86125;0.86119;0;T;True;2
1621227326000;11496612;0.86113;0.86125;0.86119;1;T;True;2
1621227327000;11496613;0.86113;0.86125;0.86119;0;T;True;2
1621227328000;11496616;0.86113;0.86125;0.86119;2;T;True;2
1621227329000;11496617;0.86113;0.86125;0.86119;0;T;True;2
1621227330000;11496618;0.86113;0.86125;0.86119;0;T;True;2
1621227331000;11496619;0.86113;0.86125;0.86119;0;T;True;2
1621227332000;11496620;0.86113;0.86125;0.86119;0;T;True;2
1621227333000;11496621;0.86113;0.86125;0.86119;0;T;True;2
1621227334000;11496624;0.86112;0.86124;0.86118;2;T;True;2
1621227335000;11496626;0.86112;0.86124;0.86118;1;T;True;2
1621227336000;11496627;0.86112;0.86124;0.86118;0;T;True;2
1621227337000;11496628;0.86112;0.86124;0.86118;0;T;True;2
1621227338000;11496629;0.86112;0.86124;0.86118;0;T;True;2
1621227339000;11496630;0.86112;0.86124;0.86118;0;T;True;2
1621227340000;11496631;0.86112;0.86124;0.86118;0;T;True;2
1621227341000;11496636;0.86111;0.86123;0.86117;4;T;True;2
1621227342000;11496642;0.86111;0.86123;0.86117;5;T;True;2
1621227343000;11496655;0.86111;0.86123;0.86117;12;T;True;2
1621227344000;11496670;0.86111;0.86123;0.86117;14;T;True;2
1621227345000;11496671;0.86111;0.86123;0.86117;0;T;True;2
1621227346000;11496674;0.8611;0.86122;0.86116;2;T;True;2
1621227347000;11496675;0.8611;0.86122;0.86116;0;T;True;2
1621227348000;11496677;0.86111;0.86123;0.86117;1;T;True;2
1621227349000;11496678;0.86111;0.86123;0.86117;0;T;True;2
1621227350000;11496679;0.86111;0.86123;0.86117;0;T;True;2
1621227351000;11496680;0.86111;0.86123;0.86117;0;T;True;2
1621227352000;11496682;0.8611;0.86122;0.86116;1;T;True;2
1621227353000;11496686;0.86115;0.86127;0.86121;3;T;True;2
1621227354000;11496687;0.86115;0.86127;0.86121;0;T;True;2
1621227355000;11496688;0.86115;0.86127;0.86121;0;T;True;2
1621227356000;11496689;0.86115;0.86127;0.86121;0;T;True;2
1621227357000;11496690;0.86115;0.86127;0.86121;0;T;True;2
1621227358000;11496691;0.86115;0.86127;0.86121;0;T;True;2
1621227359000;11496692;0.86115;0.86127;0.86121;0;T;True;2
1621227360000;11496693;0.86115;0.86127;0.86121;0;T;True;2
1621227361000;11496698;0.86113;0.86125;0.86119;4;T;True;2
1621227362000;11496702;0.86113;0.86125;0.86119;3;T;True;2
1621227363000;11496705;0.86113;0.86125;0.86119;2;T;True;2
1621227364000;11496706;0.86113;0.86125;0.86119;0;T;True;2
1621227365000;11496707;0.86113;0.86125;0.86119;0;T;True;2
1621227366000;11496709;0.86112;0.86124;0.86118;1;T;True;2
1621227367000;11496711;0.86113;0.86125;0.86119;1;T;True;2
1621227368000;11496713;0.86112;0.86124;0.86118;1;T;True;2
1621227369000;11496714;0.86112;0.86124;0.86118;0;T;True;2
1621227370000;11496715;0.86112;0.86124;0.86118;0;T;True;2
1621227371000;11496718;0.86112;0.86124;0.86118;2;T;True;2
1621227372000;11496719;0.86112;0.86124;0.86118;0;T;True;2
1621227373000;11496720;0.86112;0.86124;0.86118;0;T;True;2
1621227374000;11496721;0.86112;0.86124;0.86118;0;T;True;2
1621227375000;11496722;0.86112;0.86124;0.86118;0;T;True;2
1621227376000;11496723;0.86112;0.86124;0.86118;0;T;True;2
1621227377000;11496727;0.86111;0.86123;0.86117;3;T;True;2
1621227378000;11496728;0.86111;0.86123;0.86117;0;T;True;2
1621227379000;11496729;0.86111;0.86123;0.86117;0;T;True;2
1621227380000;11496730;0.86111;0.86123;0.86117;0;T;True;2
1621227381000;11496731;0.86111;0.86123;0.86117;0;T;True;2
1621227382000;11496732;0.86111;0.86123;0.86117;0;T;True;2
1621227383000;11496733;0.86111;0.86123;0.86117;0;T;True;2
1621227384000;11496734;0.86111;0.86123;0.86117;0;T;True;2
1621227385000;11496735;0.86111;0.86123;0.86117;0;T;True;2
1621227386000;11496736;0.86111;0.86123;0.86117;0;T;True;2
1621227387000;11496737;0.86111;0.86123;0.86117;0;T;True;2
1621227388000;11496738;0.86111;0.86123;0.86117;0;T;True;2
1621227389000;11496739;0.86111;0.86123;0.86117;0;T;True;2
1621227390000;11496741;0.86111;0.86123;0.86117;1;T;True;2
