ts;n;bid;ask;value;volume;phase;round;active_id
1621263462000;11568647;0.86012;0.86024;0.86018;1;T;True;2
1621263463000;11568653;0.86017;0.86029;0.86023;5;T;True;2
1621263464000;11568657;0.86017;0.86029;0.86023;3;T;True;2
1621263465000;11568663;0.86013;0.86025;0.86019;5;T;True;2
1621263466000;11568667;0.86015;0.86027;0.86021;3;T;True;2
1621263467000;11568670;0.86017;0.86029;0.86023;2;T;True;2
1621263468000;11568674;0.86015;0.86027;0.86021;3;T;True;2
1621263469000;11568680;0.86013;0.86025;0.86019;5;T;True;2
1621263470000;11568686;0.86013;0.86025;0.86019;5;T;True;2
1621263471000;11568696;0.86015;0.86027;0.86021;9;T;True;2
1621263472000;11568702;0.86015;0.86027;0.86021;5;T;True;2
1621263473000;11568705;0.86013;0.86025;0.86019;2;T;True;2
1621263474000;11568706;0.86013;0.86025;0.86019;0;T;True;2
1621263475000;11568711;0.86013;0.86025;0.86019;4;T;True;2
1621263476000;11568712;0.86013;0.86025;0.86019;0;T;True;2
1621263477000;11568713;0.86013;0.86025;0.86019;0;T;True;2
1621263478000;11568717;0.86013;0.86025;0.86019;3;T;True;2
1621263479000;11568725;0.86023;0.86035;0.86029;7;T;True;2
1621263480000;11568727;0.86023;0.86035;0.86029;1;T;True;2
1621263481000;11568734;0.86021;0.86033;0.86027;6;T;True;2
1621263482000;11568742;0.86019;0.86031;0.86025;7;T;True;2
1621263483000;11568747;0.8602;0.86032;0.86026;4;T;True;2
1621263484000;11568760;0.86019;0.86031;0.86025;12;T;True;2
1621263485000;11568767;0.86019;0.86031;0.86025;6;T;True;2
1621263486000;11568773;0.86018;0.8603;0.86024;5;T;True;2
1621263487000;11568777;0.86018;0.8603;0.86024;3;T;True;2
1621263488000;11568780;0.86018;0.8603;0.86024;2;T;True;2
1621263489000;11568784;0.86017;0.86029;0.86023;3;T;True;2
1621263490000;11568785;0.86017;0.86029;0.86023;0;T;True;2
1621263491000;11568787;0.86016;0.86028;0.86022;1;T;True;2
1621263492000;11568798;0.86015;0.86027;0.86021;10;T;True;2
1621263493000;11568809;0.86013;0.86025;0.86019;10;T;True;2
1621263494000;11568814;0.86011;0.86023;0.86017;4;T;True;2
1621263495000;11568819;0.86013;0.86025;0.86019;4;T;True;2
1621263496000;11568827;0.86014;0.86026;0.8602;7;T;True;2
1621263497000;11568829;0.86014;0.86026;0.8602;1;T;True;2
1621263498000;11568833;0.86015;0.86027;0.86021;3;T;True;2
1621263499000;11568841;0.8602;0.86032;0.86026;7;T;True;2
1621263500000;11568846;0.86019;0.86031;0.86025;4;T;True;2
1621263501000;11568849;0.86019;0.86031;0.86025;2;T;True;2
1621263502000;11568856;0.86019;0.86031;0.86025;6;T;True;2
1621263503000;11568858;0.86019;0.86031;0.86025;1;T;True;2
1621263504000;11568865;0.86016;0.86028;0.86022;6;T;True;2
1621263505000;11568867;0.86017;0.86029;0.86023;1;T;True;2
1621263506000;11568869;0.86018;0.8603;0.86024;1;T;True;2
1621263507000;11568876;0.86012;0.86024;0.86018;6;T;True;2
1621263508000;11568889;0.86009;0.86021;0.86015;12;T;True;2
1621263509000;11568897;0.86011;0.86023;0.86017;7;T;True;2
1621263510000;11568905;0.86013;0.86025;0.86019;7;T;True;2
1621263511000;11568914;0.86013;0.86025;0.86019;8;T;True;2
1621263512000;11568921;0.86009;0.86021;0.86015;6;T;True;2
1621263513000;11568930;0.86007;0.86019;0.86013;8;T;True;2
1621263514000;11568940;0.86007;0.86019;0.86013;9;T;True;2
1621263515000;11568947;0.8601;0.86022;0.86016;6;T;True;2
1621263516000;11568951;0.86011;0.86023;0.86017;3;T;True;2
1621263517000;11568962;0.86015;0.86027;0.86021;10;T;True;2
1621263518000;11568967;0.86012;0.86024;0.86018;4;T;True;2
1621263519000;11568975;0.86011;0.86023;0.86017;7;T;True;2
1621263520000;11568989;0.86017;0.86029;0.86023;13;T;True;2
1621263521000;11568992;0.86015;0.86027;0.86021;2;T;True;2
1621263522000;11568995;0.86013;0.86025;0.86019;2;T;True;2
1621263523000;11568996;0.86013;0.86025;0.86019;0;T;True;2
1621263524000;11569011;0.86022;0.86034;0.86028;14;T;True;2
1621263525000;11569012;0.86022;0.86034;0.86028;0;T;True;2
1621263526000;11569018;0.8602;0.86032;0.86026;5;T;True;2
1621263527000;11569024;0.86019;0.86031;0.86025;5;T;True;2
1621263528000;11569035;0.86015;0.86027;0.86021;10;T;True;2
1621263529000;11569046;0.86019;0.86031;0.86025;10;T;True;2
1621263530000;11569050;0.86019;0.86031;0.86025;3;T;True;2
1621263531000;11569055;0.86019;0.86031;0.86025;4;T;True;2
1621263532000;11569059;0.86017;0.86029;0.86023;3;T;True;2
1621263533000;11569060;0.86017;0.86029;0.86023;0;T;True;2
1621263534000;11569065;0.86016;0.86028;0.86022;4;T;True;2
1621263535000;11569067;0.86017;0.86029;0.86023;1;T;True;2
1621263536000;11569071;0.86016;0.86028;0.86022;3;T;True;2
1621263537000;11569077;0.86013;0.86025;0.86019;5;T;True;2
1621263538000;11569080;0.86013;0.86025;0.86019;2;T;True;2
1621263539000;11569085;0.86014;0.86026;0.8602;4;T;True;2
1621263540000;11569089;0.86015;0.86027;0.86021;3;T;True;2
1621263541000;11569102;0.86017;0.86029;0.86023;12;T;True;2
1621263542000;11569105;0.86017;0.86029;0.86023;2;T;True;2
1621263543000;11569112;0.86013;0.86025;0.86019;6;T;True;2
1621263544000;11569120;0.86015;0.86027;0.86021;7;T;True;2
1621263545000;11569130;0.86015;0.86027;0.86021;9;T;True;2
1621263546000;11569132;0.86015;0.86027;0.86021;1;T;True;2
1621263547000;11569136;0.86015;0.86027;0.86021;3;T;True;2
1621263548000;11569140;0.86013;0.86025;0.86019;3;T;True;2
1621263549000;11569143;0.86015;0.86027;0.86021;2;T;True;2
1621263550000;11569153;0.86021;0.86033;0.86027;9;T;True;2
1621263551000;11569160;0.86024;0.86036;0.8603;6;T;True;2
1621263552000;11569165;0.86025;0.86037;0.86031;4;T;True;2
1621263553000;11569175;0.86027;0.86039;0.86033;9;T;True;2
1621263554000;11569181;0.86028;0.8604;0.86034;5;T;True;2
1621263555000;11569194;0.86028;0.8604;0.86034;12;T;True;2
1621263556000;11569204;0.86022;0.86034;0.86028;9;T;True;2
1621263557000;11569211;0.86023;0.86035;0.86029;6;T;True;2
1621263558000;11569214;0.86023;0.86035;0.86029;2;T;True;2
1621263559000;11569215;0.86023;0.86035;0.86029;0;T;True;2
1621263560000;11569219;0.86021;0.86033;0.86027;3;T;True;2
1621263561000;11569223;0.86023;0.86035;0.86029;3;T;True;2
1621263562000;11569227;0.86022;0.86034;0.86028;3;T;True;2
1621263563000;11569235;0.86021;0.86033;0.86027;7;T;True;2
1621263564000;11569238;0.86021;0.86033;0.86027;2;T;True;2
1621263565000;11569250;0.86016;0.86028;0.86022;11;T;True;2
1621263566000;11569253;0.86015;0.86027;0.86021;2;T;True;2
1621263567000;11569257;0.86011;0.86023;0.86017;3;T;True;2
1621263568000;11569258;0.86011;0.86023;0.86017;0;T;True;2
1621263569000;11569259;0.86011;0.86023;0.86017;0;T;True;2
1621263570000;11569263;0.86011;0.86023;0.86017;3;T;True;2
1621263571000;11569270;0.86009;0.86021;0.86015;6;T;True;2
1621263572000;11569281;0.86006;0.86018;0.86012;10;T;True;2
1621263573000;11569290;0.86007;0.86019;0.86013;8;T;True;2
1621263574000;11569297;0.86007;0.86019;0.86013;6;T;True;2
1621263575000;11569301;0.86008;0.8602;0.86014;3;T;True;2
1621263576000;11569309;0.86008;0.8602;0.86014;7;T;True;2
1621263577000;11569320;0.86011;0.86023;0.86017;10;T;True;2
1621263578000;11569324;0.86011;0.86023;0.86017;3;T;True;2
1621263579000;11569327;0.86009;0.86021;0.86015;2;T;True;2
1621263580000;11569328;0.86009;0.86021;0.86015;0;T;True;2
1621263581000;11569334;0.86007;0.86019;0.86013;5;T;True;2
1621263582000;11569342;0.86012;0.86024;0.86018;7;T;True;2
1621263583000;11569352;0.86017;0.86029;0.86023;9;T;True;2
1621263584000;11569354;0.86019;0.86031;0.86025;1;T;True;2
1621263585000;11569357;0.86017;0.86029;0.86023;2;T;True;2
1621263586000;11569359;0.86016;0.86028;0.86022;1;T;True;2
1621263587000;11569361;0.86015;0.86027;0.86021;1;T;True;2
1621263588000;11569371;0.86017;0.86029;0.86023;9;T;True;2
1621263589000;11569378;0.86012;0.86024;0.86018;6;T;True;2
1621263590000;11569381;0.86011;0.86023;0.86017;2;T;True;2
1621263591000;11569384;0.86012;0.86024;0.86018;2;T;True;2
1621263592000;11569387;0.86012;0.86024;0.86018;2;T;True;2
1621263593000;11569393;0.86011;0.86023;0.86017;5;T;True;2
1621263594000;11569400;0.86011;0.86023;0.86017;6;T;True;2
1621263595000;11569406;0.86011;0.86023;0.86017;5;T;True;2
1621263596000;11569409;0.86011;0.86023;0.86017;2;T;True;2
1621263597000;11569415;0.86012;0.86024;0.86018;5;T;True;2
1621263598000;11569420;0.86011;0.86023;0.86017;4;T;True;2
1621263599000;11569427;0.86017;0.86029;0.86023;6;T;True;2
1621263600000;11569429;0.86018;0.8603;0.86024;1;T;True;2
1621263601000;11569439;0.86017;0.86029;0.86023;9;T;True;2
1621263602000;11569448;0.86016;0.86028;0.86022;8;T;True;2
1621263603000;11569466;0.86018;0.8603;0.86024;17;T;True;2
1621263604000;11569474;0.86015;0.86027;0.86021;7;T;True;2
1621263605000;11569483;0.86018;0.8603;0.86024;8;T;True;2
1621263606000;11569486;0.86019;0.86031;0.86025;2;T;True;2
1621263607000;11569487;0.86019;0.86031;0.86025;0;T;True;2
1621263608000;11569497;0.86016;0.86028;0.86022;9;T;True;2
1621263609000;11569512;0.86013;0.86025;0.86019;14;T;True;2
1621263610000;11569522;0.86013;0.86025;0.86019;9;T;True;2
1621263611000;11569527;0.86013;0.86025;0.86019;4;T;True;2
1621263612000;11569532;0.86012;0.86024;0.86018;4;T;True;2
1621263613000;11569543;0.86015;0.86027;0.86021;10;T;True;2
1621263614000;11569548;0.86013;0.86025;0.86019;4;T;True;2
1621263615000;11569555;0.86017;0.86029;0.86023;6;T;True;2
1621263616000;11569559;0.86017;0.86029;0.86023;3;T;True;2
1621263617000;11569561;0.86017;0.86029;0.86023;1;T;True;2
1621263618000;11569566;0.86017;0.86029;0.86023;4;T;True;2
1621263619000;11569568;0.86017;0.86029;0.86023;1;T;True;2
1621263620000;11569569;0.86017;0.86029;0.86023;0;T;True;2
1621263621000;11569571;0.86017;0.86029;0.86023;1;T;True;2
1621263622000;11569580;0.86023;0.86035;0.86029;8;T;True;2
1621263623000;11569583;0.86022;0.86034;0.86028;2;T;True;2
1621263624000;11569584;0.86022;0.86034;0.86028;0;T;True;2
1621263625000;11569587;0.86021;0.86033;0.86027;2;T;True;2
1621263626000;11569593;0.86016;0.86028;0.86022;5;T;True;2
1621263627000;11569599;0.86019;0.86031;0.86025;5;T;True;2
1621263628000;11569604;0.86015;0.86027;0.86021;4;T;True;2
1621263629000;11569612;0.86014;0.86026;0.8602;7;T;True;2
1621263630000;11569617;0.86015;0.86027;0.86021;4;T;True;2
1621263631000;11569622;0.86013;0.86025;0.86019;4;T;True;2
1621263632000;11569625;0.86013;0.86025;0.86019;2;T;True;2
1621263633000;11569636;0.86014;0.86026;0.8602;10;T;True;2
1621263634000;11569644;0.86017;0.86029;0.86023;7;T;True;2
1621263635000;11569645;0.86017;0.86029;0.86023;0;T;True;2
1621263636000;11569646;0.86017;0.86029;0.86023;0;T;True;2
1621263637000;11569649;0.86015;0.86027;0.86021;2;T;True;2
1621263638000;11569661;0.86011;0.86023;0.86017;11;T;True;2
1621263639000;11569677;0.86008;0.8602;0.86014;15;T;True;2
1621263640000;11569679;0.86008;0.8602;0.86014;1;T;True;2
1621263641000;11569683;0.86005;0.86017;0.86011;3;T;True;2
1621263642000;11569687;0.86007;0.86019;0.86013;3;T;True;2
1621263643000;11569694;0.86009;0.86021;0.86015;6;T;True;2
1621263644000;11569702;0.86007;0.86019;0.86013;7;T;True;2
1621263645000;11569704;0.86008;0.8602;0.86014;1;T;True;2
1621263646000;11569712;0.86007;0.86019;0.86013;7;T;True;2
1621263647000;11569716;0.86007;0.86019;0.86013;3;T;True;2
1621263648000;11569725;0.86005;0.86017;0.86011;8;T;True;2
1621263649000;11569733;0.86007;0.86019;0.86013;7;T;True;2
1621263650000;11569740;0.86005;0.86017;0.86011;6;T;True;2
1621263651000;11569744;0.86007;0.86019;0.86013;3;T;True;2
1621263652000;11569749;0.86009;0.86021;0.86015;4;T;True;2
1621263653000;11569756;0.86009;0.86021;0.86015;6;T;True;2
1621263654000;11569757;0.86009;0.86021;0.86015;0;T;True;2
1621263655000;11569758;0.86009;0.86021;0.86015;0;T;True;2
1621263656000;11569771;0.86007;0.86019;0.86013;12;T;True;2
1621263657000;11569776;0.86007;0.86019;0.86013;4;T;True;2
1621263658000;11569777;0.86007;0.86019;0.86013;0;T;True;2
1621263659000;11569780;0.86007;0.86019;0.86013;2;T;True;2
1621263660000;11569791;0.86013;0.86025;0.86019;10;T;True;2
1621263661000;11569796;0.86011;0.86023;0.86017;4;T;True;2
1621263662000;11569803;0.86009;0.86021;0.86015;6;T;True;2
1621263663000;11569813;0.86006;0.86018;0.86012;9;T;True;2
1621263664000;11569828;0.86007;0.86019;0.86013;14;T;True;2
1621263665000;11569833;0.86009;0.86021;0.86015;4;T;True;2
1621263666000;11569837;0.86009;0.86021;0.86015;3;T;True;2
1621263667000;11569838;0.86009;0.86021;0.86015;0;T;True;2
1621263668000;11569847;0.86008;0.8602;0.86014;8;T;True;2
1621263669000;11569850;0.86008;0.8602;0.86014;2;T;True;2
1621263670000;11569864;0.86007;0.86019;0.86013;13;T;True;2
1621263671000;11569867;0.86009;0.86021;0.86015;2;T;True;2
1621263672000;11569878;0.86007;0.86019;0.86013;10;T;True;2
1621263673000;11569884;0.86007;0.86019;0.86013;5;T;True;2
1621263674000;11569885;0.86007;0.86019;0.86013;0;T;True;2
1621263675000;11569887;0.86007;0.86019;0.86013;1;T;True;2
1621263676000;11569896;0.86007;0.86019;0.86013;8;T;True;2
1621263677000;11569904;0.86007;0.86019;0.86013;7;T;True;2
1621263678000;11569905;0.86007;0.86019;0.86013;0;T;True;2
1621263679000;11569911;0.86007;0.86019;0.86013;5;T;True;2
1621263680000;11569913;0.86006;0.86018;0.86012;1;T;True;2
1621263681000;11569926;0.86005;0.86017;0.86011;12;T;True;2
1621263682000;11569939;0.86005;0.86017;0.86011;12;T;True;2
1621263683000;11569947;0.86004;0.86016;0.8601;7;T;True;2
1621263684000;11569952;0.86004;0.86016;0.8601;4;T;True;2
1621263685000;11569964;0.86003;0.86015;0.86009;11;T;True;2
1621263686000;11569975;0.86005;0.86017;0.86011;10;T;True;2
1621263687000;11569982;0.86008;0.8602;0.86014;6;T;True;2
1621263688000;11569989;0.86007;0.86019;0.86013;6;T;True;2
1621263689000;11569993;0.86006;0.86018;0.86012;3;T;True;2
1621263690000;11569996;0.86005;0.86017;0.86011;2;T;True;2
1621263691000;11570011;0.86009;0.86021;0.86015;14;T;True;2
1621263692000;11570016;0.86007;0.86019;0.86013;4;T;True;2
1621263693000;11570020;0.86009;0.86021;0.86015;3;T;True;2
1621263694000;11570022;0.86008;0.8602;0.86014;1;T;True;2
1621263695000;11570023;0.86008;0.8602;0.86014;0;T;True;2
1621263696000;11570025;0.86009;0.86021;0.86015;1;T;True;2
1621263697000;11570028;0.86009;0.86021;0.86015;2;T;True;2
1621263698000;11570032;0.86009;0.86021;0.86015;3;T;True;2
1621263699000;11570042;0.86011;0.86023;0.86017;9;T;True;2
1621263700000;11570053;0.86011;0.86023;0.86017;10;T;True;2
1621263701000;11570067;0.86011;0.86023;0.86017;13;T;True;2
1621263702000;11570069;0.8601;0.86022;0.86016;1;T;True;2
1621263703000;11570074;0.86009;0.86021;0.86015;4;T;True;2
1621263704000;11570087;0.86014;0.86026;0.8602;12;T;True;2
1621263705000;11570091;0.86014;0.86026;0.8602;3;T;True;2
1621263706000;11570100;0.86009;0.86021;0.86015;8;T;True;2
1621263707000;11570106;0.86009;0.86021;0.86015;5;T;True;2
1621263708000;11570111;0.86011;0.86023;0.86017;4;T;True;2
1621263709000;11570116;0.86009;0.86021;0.86015;4;T;True;2
1621263710000;11570120;0.86009;0.86021;0.86015;3;T;True;2
1621263711000;11570123;0.86009;0.86021;0.86015;2;T;True;2
1621263712000;11570125;0.86009;0.86021;0.86015;1;T;True;2
1621263713000;11570131;0.86007;0.86019;0.86013;5;T;True;2
1621263714000;11570136;0.86007;0.86019;0.86013;4;T;True;2
1621263715000;11570139;0.86005;0.86017;0.86011;2;T;True;2
1621263716000;11570144;0.86005;0.86017;0.86011;4;T;True;2
1621263717000;11570153;0.86003;0.86015;0.86009;8;T;True;2
1621263718000;11570158;0.86002;0.86014;0.86008;4;T;True;2
1621263719000;11570160;0.86003;0.86015;0.86009;1;T;True;2
1621263720000;11570167;0.86005;0.86017;0.86011;6;T;True;2
1621263721000;11570172;0.86007;0.86019;0.86013;4;T;True;2
1621263722000;11570173;0.86007;0.86019;0.86013;0;T;True;2
1621263723000;11570175;0.86006;0.86018;0.86012;1;T;True;2
1621263724000;11570176;0.86006;0.86018;0.86012;0;T;True;2
1621263725000;11570178;0.86005;0.86017;0.86011;1;T;True;2
1621263726000;11570186;0.86007;0.86019;0.86013;7;T;True;2
1621263727000;11570191;0.86007;0.86019;0.86013;4;T;True;2
1621263728000;11570193;0.86007;0.86019;0.86013;1;T;True;2
1621263729000;11570195;0.86007;0.86019;0.86013;1;T;True;2
1621263730000;11570200;0.86006;0.86018;0.86012;4;T;True;2
1621263731000;11570202;0.86006;0.86018;0.86012;1;T;True;2
1621263732000;11570205;0.86006;0.86018;0.86012;2;T;True;2
1621263733000;11570206;0.86006;0.86018;0.86012;0;T;True;2
1621263734000;11570209;0.86006;0.86018;0.86012;2;T;True;2
1621263735000;11570217;0.86005;0.86017;0.86011;7;T;True;2
1621263736000;11570222;0.86004;0.86016;0.8601;4;T;True;2
1621263737000;11570242;0.86011;0.86023;0.86017;19;T;True;2
1621263738000;11570246;0.8601;0.86022;0.86016;3;T;True;2
1621263739000;11570251;0.8601;0.86022;0.86016;4;T;True;2
1621263740000;11570254;0.86011;0.86023;0.86017;2;T;True;2
1621263741000;11570256;0.8601;0.86022;0.86016;1;T;True;2
1621263742000;11570259;0.8601;0.86022;0.86016;2;T;True;2
1621263743000;11570263;0.86009;0.86021;0.86015;3;T;True;2
1621263744000;11570266;0.86009;0.86021;0.86015;2;T;True;2
1621263745000;11570269;0.86007;0.86019;0.86013;2;T;True;2
1621263746000;11570283;0.86012;0.86024;0.86018;13;T;True;2
1621263747000;11570292;0.86013;0.86025;0.86019;8;T;True;2
1621263748000;11570298;0.86014;0.86026;0.8602;5;T;True;2
1621263749000;11570299;0.86014;0.86026;0.8602;0;T;True;2
1621263750000;11570300;0.86014;0.86026;0.8602;0;T;True;2
1621263751000;11570307;0.86012;0.86024;0.86018;6;T;True;2
1621263752000;11570310;0.86012;0.86024;0.86018;2;T;True;2
1621263753000;11570312;0.86011;0.86023;0.86017;1;T;True;2
1621263754000;11570314;0.86011;0.86023;0.86017;1;T;True;2
1621263755000;11570319;0.86011;0.86023;0.86017;4;T;True;2
1621263756000;11570322;0.86012;0.86024;0.86018;2;T;True;2
1621263757000;11570323;0.86012;0.86024;0.86018;0;T;True;2
1621263758000;11570325;0.86012;0.86024;0.86018;1;T;True;2
1621263759000;11570332;0.86011;0.86023;0.86017;6;T;True;2
1621263760000;11570335;0.86011;0.86023;0.86017;2;T;True;2
1621263761000;11570336;0.86011;0.86023;0.86017;0;T;True;2
1621263762000;11570337;0.86011;0.86023;0.86017;0;T;True;2
1621263763000;11570340;0.86011;0.86023;0.86017;2;T;True;2
1621263764000;11570341;0.86011;0.86023;0.86017;0;T;True;2
1621263765000;11570347;0.86011;0.86023;0.86017;5;T;True;2
1621263766000;11570353;0.86013;0.86025;0.86019;5;T;True;2
1621263767000;11570355;0.86014;0.86026;0.8602;1;T;True;2
1621263768000;11570356;0.86014;0.86026;0.8602;0;T;True;2
1621263769000;11570357;0.86014;0.86026;0.8602;0;T;True;2
1621263770000;11570366;0.86021;0.86033;0.86027;8;T;True;2
1621263771000;11570370;0.86021;0.86033;0.86027;3;T;True;2
1621263772000;11570372;0.86021;0.86033;0.86027;1;T;True;2
1621263773000;11570386;0.86031;0.86043;0.86037;13;T;True;2
1621263774000;11570387;0.86031;0.86043;0.86037;0;T;True;2
1621263775000;11570394;0.86033;0.86045;0.86039;6;T;True;2
1621263776000;11570401;0.86029;0.86041;0.86035;6;T;True;2
1621263777000;11570405;0.86029;0.86041;0.86035;3;T;True;2
1621263778000;11570409;0.86026;0.86038;0.86032;3;T;True;2
1621263779000;11570413;0.86027;0.86039;0.86033;3;T;True;2
1621263780000;11570417;0.86025;0.86037;0.86031;3;T;True;2
1621263781000;11570422;0.86023;0.86035;0.86029;4;T;True;2
1621263782000;11570423;0.86023;0.86035;0.86029;0;T;True;2
1621263783000;11570425;0.86022;0.86034;0.86028;1;T;True;2
1621263784000;11570432;0.86017;0.86029;0.86023;6;T;True;2
1621263785000;11570437;0.86017;0.86029;0.86023;4;T;True;2
1621263786000;11570439;0.86016;0.86028;0.86022;1;T;True;2
1621263787000;11570442;0.86016;0.86028;0.86022;2;T;True;2
1621263788000;11570444;0.86016;0.86028;0.86022;1;T;True;2
1621263789000;11570447;0.86015;0.86027;0.86021;2;T;True;2
1621263790000;11570450;0.86017;0.86029;0.86023;2;T;True;2
1621263791000;11570455;0.86015;0.86027;0.86021;4;T;True;2
1621263792000;11570456;0.86015;0.86027;0.86021;0;T;True;2
1621263793000;11570457;0.86015;0.86027;0.86021;0;T;True;2
1621263794000;11570460;0.86015;0.86027;0.86021;2;T;True;2
1621263795000;11570461;0.86015;0.86027;0.86021;0;T;True;2
1621263796000;11570463;0.86017;0.86029;0.86023;1;T;True;2
1621263797000;11570466;0.86017;0.86029;0.86023;2;T;True;2
1621263798000;11570471;0.86017;0.86029;0.86023;4;T;True;2
1621263799000;11570478;0.86015;0.86027;0.86021;6;T;True;2
1621263800000;11570479;0.86015;0.86027;0.86021;0;T;True;2
1621263801000;11570485;0.86011;0.86023;0.86017;5;T;True;2
1621263802000;11570487;0.8601;0.86022;0.86016;1;T;True;2
1621263803000;11570488;0.8601;0.86022;0.86016;0;T;True;2
1621263804000;11570489;0.8601;0.86022;0.86016;0;T;True;2
1621263805000;11570496;0.86008;0.8602;0.86014;6;T;True;2
1621263806000;11570500;0.86009;0.86021;0.86015;3;T;True;2
1621263807000;11570503;0.86009;0.86021;0.86015;2;T;True;2
1621263808000;11570506;0.86009;0.86021;0.86015;2;T;True;2
1621263809000;11570513;0.8601;0.86022;0.86016;6;T;True;2
1621263810000;11570520;0.86011;0.86023;0.86017;6;T;True;2
1621263811000;11570522;0.86011;0.86023;0.86017;1;T;True;2
1621263812000;11570525;0.86011;0.86023;0.86017;2;T;True;2
1621263813000;11570528;0.86015;0.86027;0.86021;2;T;True;2
1621263814000;11570529;0.86015;0.86027;0.86021;0;T;True;2
1621263815000;11570531;0.86015;0.86027;0.86021;1;T;True;2
1621263816000;11570537;0.86012;0.86024;0.86018;5;T;True;2
1621263817000;11570540;0.86011;0.86023;0.86017;2;T;True;2
1621263818000;11570543;0.86009;0.86021;0.86015;2;T;True;2
1621263819000;11570544;0.86009;0.86021;0.86015;0;T;True;2
1621263820000;11570552;0.86009;0.86021;0.86015;7;T;True;2
1621263821000;11570554;0.86009;0.86021;0.86015;1;T;True;2
1621263822000;11570557;0.86009;0.86021;0.86015;2;T;True;2
1621263823000;11570561;0.86007;0.86019;0.86013;3;T;True;2
1621263824000;11570565;0.86007;0.86019;0.86013;3;T;True;2
1621263825000;11570568;0.86009;0.86021;0.86015;2;T;True;2
1621263826000;11570577;0.86012;0.86024;0.86018;8;T;True;2
1621263827000;11570579;0.86011;0.86023;0.86017;1;T;True;2
1621263828000;11570581;0.86012;0.86024;0.86018;1;T;True;2
1621263829000;11570585;0.86012;0.86024;0.86018;3;T;True;2
1621263830000;11570587;0.86012;0.86024;0.86018;1;T;True;2
1621263831000;11570591;0.86011;0.86023;0.86017;3;T;True;2
1621263832000;11570598;0.86009;0.86021;0.86015;6;T;True;2
1621263833000;11570599;0.86009;0.86021;0.86015;0;T;True;2
1621263834000;11570601;0.8601;0.86022;0.86016;1;T;True;2
1621263835000;11570602;0.8601;0.86022;0.86016;0;T;True;2
1621263836000;11570603;0.8601;0.86022;0.86016;0;T;True;2
1621263837000;11570604;0.8601;0.86022;0.86016;0;T;True;2
1621263838000;11570605;0.8601;0.86022;0.86016;0;T;True;2
1621263839000;11570607;0.86009;0.86021;0.86015;1;T;True;2
1621263840000;11570608;0.86009;0.86021;0.86015;0;T;True;2
1621263841000;11570611;0.8601;0.86022;0.86016;2;T;True;2
1621263842000;11570612;0.8601;0.86022;0.86016;0;T;True;2
1621263843000;11570614;0.8601;0.86022;0.86016;1;T;True;2
1621263844000;11570617;0.86009;0.86021;0.86015;2;T;True;2
1621263845000;11570618;0.86009;0.86021;0.86015;0;T;True;2
1621263846000;11570619;0.86009;0.86021;0.86015;0;T;True;2
1621263847000;11570620;0.86009;0.86021;0.86015;0;T;True;2
1621263848000;11570621;0.86009;0.86021;0.86015;0;T;True;2
1621263849000;11570627;0.86011;0.86023;0.86017;5;T;True;2
1621263850000;11570629;0.86011;0.86023;0.86017;1;T;True;2
1621263851000;11570632;0.86011;0.86023;0.86017;2;T;True;2
1621263852000;11570635;0.86012;0.86024;0.86018;2;T;True;2
1621263853000;11570641;0.86011;0.86023;0.86017;5;T;True;2
1621263854000;11570643;0.86011;0.86023;0.86017;1;T;True;2
1621263855000;11570644;0.86011;0.86023;0.86017;0;T;True;2
1621263856000;11570645;0.86011;0.86023;0.86017;0;T;True;2
1621263857000;11570646;0.86011;0.86023;0.86017;0;T;True;2
1621263858000;11570648;0.86012;0.86024;0.86018;1;T;True;2
1621263859000;11570649;0.86012;0.86024;0.86018;0;T;True;2
1621263860000;11570650;0.86012;0.86024;0.86018;0;T;True;2
1621263861000;11570652;0.86012;0.86024;0.86018;1;T;True;2
1621263862000;11570655;0.8601;0.86022;0.86016;2;T;True;2
1621263863000;11570656;0.8601;0.86022;0.86016;0;T;True;2
1621263864000;11570657;0.8601;0.86022;0.86016;0;T;True;2
1621263865000;11570659;0.8601;0.86022;0.86016;1;T;True;2
1621263866000;11570660;0.8601;0.86022;0.86016;0;T;True;2
1621263867000;11570661;0.8601;0.86022;0.86016;0;T;True;2
1621263868000;11570662;0.8601;0.86022;0.86016;0;T;True;2
1621263869000;11570668;0.86009;0.86021;0.86015;5;T;True;2
1621263870000;11570669;0.86009;0.86021;0.86015;0;T;True;2
1621263871000;11570670;0.86009;0.86021;0.86015;0;T;True;2
1621263872000;11570675;0.86007;0.86019;0.86013;4;T;True;2
1621263873000;11570676;0.86007;0.86019;0.86013;0;T;True;2
1621263874000;11570682;0.86011;0.86023;0.86017;5;T;True;2
1621263875000;11570686;0.86009;0.86021;0.86015;3;T;True;2
1621263876000;11570688;0.86009;0.86021;0.86015;1;T;True;2
1621263877000;11570691;0.86009;0.86021;0.86015;2;T;True;2
1621263878000;11570693;0.86009;0.86021;0.86015;1;T;True;2
1621263879000;11570696;0.86011;0.86023;0.86017;2;T;True;2
1621263880000;11570697;0.86011;0.86023;0.86017;0;T;True;2
1621263881000;11570698;0.86011;0.86023;0.86017;0;T;True;2
1621263882000;11570699;0.86011;0.86023;0.86017;0;T;True;2
1621263883000;11570700;0.86011;0.86023;0.86017;0;T;True;2
1621263884000;11570702;0.86011;0.86023;0.86017;1;T;True;2
1621263885000;11570704;0.86012;0.86024;0.86018;1;T;True;2
1621263886000;11570705;0.86012;0.86024;0.86018;0;T;True;2
1621263887000;11570706;0.86012;0.86024;0.86018;0;T;True;2
1621263888000;11570707;0.86012;0.86024;0.86018;0;T;True;2
1621263889000;11570708;0.86012;0.86024;0.86018;0;T;True;2
1621263890000;11570709;0.86012;0.86024;0.86018;0;T;True;2
1621263891000;11570710;0.86012;0.86024;0.86018;0;T;True;2
1621263892000;11570711;0.86012;0.86024;0.86018;0;T;True;2
1621263893000;11570712;0.86012;0.86024;0.86018;0;T;True;2
1621263894000;11570714;0.86012;0.86024;0.86018;1;T;True;2
1621263895000;11570716;0.86015;0.86027;0.86021;1;T;True;2
1621263896000;11570717;0.86015;0.86027;0.86021;0;T;True;2
1621263897000;11570718;0.86015;0.86027;0.86021;0;T;True;2
1621263898000;11570721;0.86015;0.86027;0.86021;2;T;True;2
1621263899000;11570722;0.86015;0.86027;0.86021;0;T;True;2
1621263900000;11570723;0.86015;0.86027;0.86021;0;T;True;2
1621263901000;11570725;0.86015;0.86027;0.86021;1;T;True;2
1621263902000;11570727;0.86015;0.86027;0.86021;1;T;True;2
1621263903000;11570731;0.86016;0.86028;0.86022;3;T;True;2
1621263904000;11570733;0.86015;0.86027;0.86021;1;T;True;2
1621263905000;11570737;0.86014;0.86026;0.8602;3;T;True;2
1621263906000;11570738;0.86014;0.86026;0.8602;0;T;True;2
1621263907000;11570739;0.86014;0.86026;0.8602;0;T;True;2
1621263908000;11570740;0.86014;0.86026;0.8602;0;T;True;2
1621263909000;11570741;0.86014;0.86026;0.8602;0;T;True;2
1621263910000;11570744;0.86015;0.86027;0.86021;2;T;True;2
1621263911000;11570746;0.86015;0.86027;0.86021;1;T;True;2
1621263912000;11570749;0.86015;0.86027;0.86021;2;T;True;2
1621263913000;11570752;0.86015;0.86027;0.86021;2;T;True;2
1621263914000;11570755;0.86015;0.86027;0.86021;2;T;True;2
1621263915000;11570761;0.86015;0.86027;0.86021;5;T;True;2
1621263916000;11570763;0.86015;0.86027;0.86021;1;T;True;2
1621263917000;11570764;0.86015;0.86027;0.86021;0;T;True;2
1621263918000;11570765;0.86015;0.86027;0.86021;0;T;True;2
1621263919000;11570766;0.86015;0.86027;0.86021;0;T;True;2
1621263920000;11570771;0.86019;0.86031;0.86025;4;T;True;2
1621263921000;11570772;0.86019;0.86031;0.86025;0;T;True;2
1621263922000;11570775;0.86019;0.86031;0.86025;2;T;True;2
1621263923000;11570777;0.86018;0.8603;0.86024;1;T;True;2
1621263924000;11570780;0.86017;0.86029;0.86023;2;T;True;2
1621263925000;11570784;0.86017;0.86029;0.86023;3;T;True;2
1621263926000;11570786;0.86017;0.86029;0.86023;1;T;True;2
1621263927000;11570788;0.86018;0.8603;0.86024;1;T;True;2
1621263928000;11570791;0.8602;0.86032;0.86026;2;T;True;2
1621263929000;11570792;0.8602;0.86032;0.86026;0;T;True;2
1621263930000;11570794;0.86019;0.86031;0.86025;1;T;True;2
1621263931000;11570795;0.86019;0.86031;0.86025;0;T;True;2
1621263932000;11570796;0.86019;0.86031;0.86025;0;T;True;2
1621263933000;11570797;0.86019;0.86031;0.86025;0;T;True;2
1621263934000;11570798;0.86019;0.86031;0.86025;0;T;True;2
1621263935000;11570799;0.86019;0.86031;0.86025;0;T;True;2
1621263936000;11570801;0.86019;0.86031;0.86025;1;T;True;2
1621263937000;11570803;0.86021;0.86033;0.86027;1;T;True;2
1621263938000;11570805;0.8602;0.86032;0.86026;1;T;True;2
1621263939000;11570807;0.8602;0.86032;0.86026;1;T;True;2
1621263940000;11570808;0.8602;0.86032;0.86026;0;T;True;2
1621263941000;11570810;0.86019;0.86031;0.86025;1;T;True;2
1621263942000;11570812;0.86019;0.86031;0.86025;1;T;True;2
1621263943000;11570815;0.86019;0.86031;0.86025;2;T;True;2
1621263944000;11570816;0.86019;0.86031;0.86025;0;T;True;2
1621263945000;11570817;0.86019;0.86031;0.86025;0;T;True;2
1621263946000;11570818;0.86019;0.86031;0.86025;0;T;True;2
1621263947000;11570821;0.86021;0.86033;0.86027;2;T;True;2
1621263948000;11570822;0.86021;0.86033;0.86027;0;T;True;2
1621263949000;11570823;0.86021;0.86033;0.86027;0;T;True;2
1621263950000;11570825;0.86021;0.86033;0.86027;1;T;True;2
1621263951000;11570830;0.86023;0.86035;0.86029;4;T;True;2
1621263952000;11570833;0.86023;0.86035;0.86029;2;T;True;2
1621263953000;11570838;0.86019;0.86031;0.86025;4;T;True;2
1621263954000;11570840;0.86019;0.86031;0.86025;1;T;True;2
1621263955000;11570841;0.86019;0.86031;0.86025;0;T;True;2
1621263956000;11570842;0.86019;0.86031;0.86025;0;T;True;2
1621263957000;11570843;0.86019;0.86031;0.86025;0;T;True;2
1621263958000;11570844;0.86019;0.86031;0.86025;0;T;True;2
1621263959000;11570849;0.86021;0.86033;0.86027;4;T;True;2
1621263960000;11570852;0.86022;0.86034;0.86028;2;T;True;2
1621263961000;11570854;0.86022;0.86034;0.86028;1;T;True;2
1621263962000;11570857;0.86019;0.86031;0.86025;2;T;True;2
1621263963000;11570859;0.8602;0.86032;0.86026;1;T;True;2
1621263964000;11570860;0.8602;0.86032;0.86026;0;T;True;2
1621263965000;11570862;0.86021;0.86033;0.86027;1;T;True;2
1621263966000;11570863;0.86021;0.86033;0.86027;0;T;True;2
1621263967000;11570866;0.86022;0.86034;0.86028;2;T;True;2
1621263968000;11570867;0.86022;0.86034;0.86028;0;T;True;2
1621263969000;11570868;0.86022;0.86034;0.86028;0;T;True;2
1621263970000;11570873;0.86019;0.86031;0.86025;4;T;True;2
1621263971000;11570875;0.86019;0.86031;0.86025;1;T;True;2
1621263972000;11570877;0.86019;0.86031;0.86025;1;T;True;2
1621263973000;11570880;0.86019;0.86031;0.86025;2;T;True;2
1621263974000;11570881;0.86019;0.86031;0.86025;0;T;True;2
1621263975000;11570882;0.86019;0.86031;0.86025;0;T;True;2
1621263976000;11570883;0.86019;0.86031;0.86025;0;T;True;2
1621263977000;11570888;0.86017;0.86029;0.86023;4;T;True;2
1621263978000;11570889;0.86017;0.86029;0.86023;0;T;True;2
1621263979000;11570892;0.86017;0.86029;0.86023;2;T;True;2
1621263980000;11570894;0.86017;0.86029;0.86023;1;T;True;2
1621263981000;11570896;0.86017;0.86029;0.86023;1;T;True;2
1621263982000;11570897;0.86017;0.86029;0.86023;0;T;True;2
1621263983000;11570898;0.86017;0.86029;0.86023;0;T;True;2
1621263984000;11570901;0.86016;0.86028;0.86022;2;T;True;2
1621263985000;11570902;0.86016;0.86028;0.86022;0;T;True;2
1621263986000;11570903;0.86016;0.86028;0.86022;0;T;True;2
1621263987000;11570904;0.86016;0.86028;0.86022;0;T;True;2
1621263988000;11570906;0.86016;0.86028;0.86022;1;T;True;2
1621263989000;11570908;0.86016;0.86028;0.86022;1;T;True;2
1621263990000;11570909;0.86016;0.86028;0.86022;0;T;True;2
1621263991000;11570911;0.86016;0.86028;0.86022;1;T;True;2
1621263992000;11570914;0.86017;0.86029;0.86023;2;T;True;2
1621263993000;11570915;0.86017;0.86029;0.86023;0;T;True;2
1621263994000;11570916;0.86017;0.86029;0.86023;0;T;True;2
1621263995000;11570917;0.86017;0.86029;0.86023;0;T;True;2
1621263996000;11570922;0.86015;0.86027;0.86021;4;T;True;2
1621263997000;11570924;0.86014;0.86026;0.8602;1;T;True;2
1621263998000;11570925;0.86014;0.86026;0.8602;0;T;True;2
1621263999000;11570926;0.86014;0.86026;0.8602;0;T;True;2
1621264000000;11570928;0.86013;0.86025;0.86019;1;T;True;2
1621264001000;11570929;0.86013;0.86025;0.86019;0;T;True;2
1621264002000;11570930;0.86013;0.86025;0.86019;0;T;True;2
1621264003000;11570931;0.86013;0.86025;0.86019;0;T;True;2
1621264004000;11570932;0.86013;0.86025;0.86019;0;T;True;2
1621264005000;11570933;0.86013;0.86025;0.86019;0;T;True;2
1621264006000;11570938;0.86017;0.86029;0.86023;4;T;True;2
1621264007000;11570939;0.86017;0.86029;0.86023;0;T;True;2
1621264008000;11570940;0.86017;0.86029;0.86023;0;T;True;2
1621264009000;11570942;0.86016;0.86028;0.86022;1;T;True;2
1621264010000;11570944;0.86015;0.86027;0.86021;1;T;True;2
1621264011000;11570945;0.86015;0.86027;0.86021;0;T;True;2
1621264012000;11570948;0.86015;0.86027;0.86021;2;T;True;2
1621264013000;11570950;0.86015;0.86027;0.86021;1;T;True;2
1621264014000;11570951;0.86015;0.86027;0.86021;0;T;True;2
1621264015000;11570952;0.86015;0.86027;0.86021;0;T;True;2
1621264016000;11570954;0.86015;0.86027;0.86021;1;T;True;2
1621264017000;11570957;0.86016;0.86028;0.86022;2;T;True;2
1621264018000;11570958;0.86016;0.86028;0.86022;0;T;True;2
1621264019000;11570959;0.86016;0.86028;0.86022;0;T;True;2
1621264020000;11570960;0.86016;0.86028;0.86022;0;T;True;2
1621264021000;11570962;0.86015;0.86027;0.86021;1;T;True;2
1621264022000;11570963;0.86015;0.86027;0.86021;0;T;True;2
1621264023000;11570964;0.86015;0.86027;0.86021;0;T;True;2
1621264024000;11570965;0.86015;0.86027;0.86021;0;T;True;2
1621264025000;11570968;0.86015;0.86027;0.86021;2;T;True;2
1621264026000;11570973;0.86015;0.86027;0.86021;4;T;True;2
1621264027000;11570975;0.86015;0.86027;0.86021;1;T;True;2
1621264028000;11570978;0.86018;0.8603;0.86024;2;T;True;2
1621264029000;11570980;0.86019;0.86031;0.86025;1;T;True;2
1621264030000;11570981;0.86019;0.86031;0.86025;0;T;True;2
1621264031000;11570982;0.86019;0.86031;0.86025;0;T;True;2
1621264032000;11570986;0.86019;0.86031;0.86025;3;T;True;2
1621264033000;11570987;0.86019;0.86031;0.86025;0;T;True;2
1621264034000;11570988;0.86019;0.86031;0.86025;0;T;True;2
1621264035000;11570989;0.86019;0.86031;0.86025;0;T;True;2
1621264036000;11570990;0.86019;0.86031;0.86025;0;T;True;2
1621264037000;11570991;0.86019;0.86031;0.86025;0;T;True;2
1621264038000;11570992;0.86019;0.86031;0.86025;0;T;True;2
1621264039000;11571001;0.86014;0.86026;0.8602;8;T;True;2
1621264040000;11571002;0.86014;0.86026;0.8602;0;T;True;2
1621264041000;11571003;0.86014;0.86026;0.8602;0;T;True;2
1621264042000;11571006;0.86012;0.86024;0.86018;2;T;True;2
1621264043000;11571007;0.86012;0.86024;0.86018;0;T;True;2
1621264044000;11571009;0.86011;0.86023;0.86017;1;T;True;2
1621264045000;11571018;0.86009;0.86021;0.86015;8;T;True;2
1621264046000;11571020;0.8601;0.86022;0.86016;1;T;True;2
1621264047000;11571021;0.8601;0.86022;0.86016;0;T;True;2
1621264048000;11571023;0.86011;0.86023;0.86017;1;T;True;2
1621264049000;11571024;0.86011;0.86023;0.86017;0;T;True;2
1621264050000;11571025;0.86011;0.86023;0.86017;0;T;True;2
1621264051000;11571026;0.86011;0.86023;0.86017;0;T;True;2
1621264052000;11571027;0.86011;0.86023;0.86017;0;T;True;2
1621264053000;11571028;0.86011;0.86023;0.86017;0;T;True;2
1621264054000;11571030;0.8601;0.86022;0.86016;1;T;True;2
1621264055000;11571031;0.8601;0.86022;0.86016;0;T;True;2
1621264056000;11571032;0.8601;0.86022;0.86016;0;T;True;2
1621264057000;11571034;0.86009;0.86021;0.86015;1;T;True;2
1621264058000;11571035;0.86009;0.86021;0.86015;0;T;True;2
1621264059000;11571036;0.86009;0.86021;0.86015;0;T;True;2
1621264060000;11571037;0.86009;0.86021;0.86015;0;T;True;2
1621264061000;11571039;0.86008;0.8602;0.86014;1;T;True;2
1621264062000;11571040;0.86008;0.8602;0.86014;0;T;True;2
1621264063000;11571041;0.86008;0.8602;0.86014;0;T;True;2
1621264064000;11571048;0.86007;0.86019;0.86013;6;T;True;2
1621264065000;11571050;0.86007;0.86019;0.86013;1;T;True;2
1621264066000;11571053;0.86007;0.86019;0.86013;2;T;True;2
1621264067000;11571054;0.86007;0.86019;0.86013;0;T;True;2
1621264068000;11571055;0.86007;0.86019;0.86013;0;T;True;2
1621264069000;11571056;0.86007;0.86019;0.86013;0;T;True;2
1621264070000;11571057;0.86007;0.86019;0.86013;0;T;True;2
1621264071000;11571058;0.86007;0.86019;0.86013;0;T;True;2
1621264072000;11571060;0.86005;0.86017;0.86011;1;T;True;2
1621264073000;11571064;0.86005;0.86017;0.86011;3;T;True;2
1621264074000;11571068;0.86005;0.86017;0.86011;3;T;True;2
1621264075000;11571069;0.86005;0.86017;0.86011;0;T;True;2
1621264076000;11571077;0.86009;0.86021;0.86015;7;T;True;2
1621264077000;11571080;0.86011;0.86023;0.86017;2;T;True;2
1621264078000;11571081;0.86011;0.86023;0.86017;0;T;True;2
1621264079000;11571082;0.86011;0.86023;0.86017;0;T;True;2
1621264080000;11571083;0.86011;0.86023;0.86017;0;T;True;2
1621264081000;11571084;0.86011;0.86023;0.86017;0;T;True;2
1621264082000;11571085;0.86011;0.86023;0.86017;0;T;True;2
1621264083000;11571086;0.86011;0.86023;0.86017;0;T;True;2
1621264084000;11571088;0.8601;0.86022;0.86016;1;T;True;2
1621264085000;11571089;0.8601;0.86022;0.86016;0;T;True;2
1621264086000;11571090;0.8601;0.86022;0.86016;0;T;True;2
1621264087000;11571091;0.8601;0.86022;0.86016;0;T;True;2
1621264088000;11571092;0.8601;0.86022;0.86016;0;T;True;2
1621264089000;11571093;0.8601;0.86022;0.86016;0;T;True;2
1621264090000;11571098;0.86009;0.86021;0.86015;4;T;True;2
1621264091000;11571099;0.86009;0.86021;0.86015;0;T;True;2
1621264092000;11571102;0.86008;0.8602;0.86014;2;T;True;2
1621264093000;11571106;0.86007;0.86019;0.86013;3;T;True;2
1621264094000;11571108;0.86005;0.86017;0.86011;1;T;True;2
1621264095000;11571110;0.86004;0.86016;0.8601;1;T;True;2
1621264096000;11571112;0.86003;0.86015;0.86009;1;T;True;2
1621264097000;11571114;0.86004;0.86016;0.8601;1;T;True;2
1621264098000;11571115;0.86004;0.86016;0.8601;0;T;True;2
1621264099000;11571116;0.86004;0.86016;0.8601;0;T;True;2
1621264100000;11571117;0.86004;0.86016;0.8601;0;T;True;2
1621264101000;11571118;0.86004;0.86016;0.8601;0;T;True;2
1621264102000;11571120;0.86003;0.86015;0.86009;1;T;True;2
1621264103000;11571121;0.86003;0.86015;0.86009;0;T;True;2
1621264104000;11571123;0.86003;0.86015;0.86009;1;T;True;2
1621264105000;11571125;0.86003;0.86015;0.86009;1;T;True;2
1621264106000;11571127;0.86003;0.86015;0.86009;1;T;True;2
1621264107000;11571129;0.86003;0.86015;0.86009;1;T;True;2
1621264108000;11571130;0.86003;0.86015;0.86009;0;T;True;2
1621264109000;11571131;0.86003;0.86015;0.86009;0;T;True;2
1621264110000;11571132;0.86003;0.86015;0.86009;0;T;True;2
1621264111000;11571135;0.86004;0.86016;0.8601;2;T;True;2
1621264112000;11571137;0.86005;0.86017;0.86011;1;T;True;2
1621264113000;11571139;0.86005;0.86017;0.86011;1;T;True;2
1621264114000;11571141;0.86005;0.86017;0.86011;1;T;True;2
1621264115000;11571142;0.86005;0.86017;0.86011;0;T;True;2
1621264116000;11571144;0.86005;0.86017;0.86011;1;T;True;2
1621264117000;11571148;0.86005;0.86017;0.86011;3;T;True;2
1621264118000;11571149;0.86005;0.86017;0.86011;0;T;True;2
1621264119000;11571155;0.86005;0.86017;0.86011;5;T;True;2
1621264120000;11571156;0.86005;0.86017;0.86011;0;T;True;2
1621264121000;11571158;0.86006;0.86018;0.86012;1;T;True;2
1621264122000;11571161;0.86005;0.86017;0.86011;2;T;True;2
1621264123000;11571164;0.86006;0.86018;0.86012;2;T;True;2
1621264124000;11571165;0.86006;0.86018;0.86012;0;T;True;2
1621264125000;11571166;0.86006;0.86018;0.86012;0;T;True;2
1621264126000;11571167;0.86006;0.86018;0.86012;0;T;True;2
1621264127000;11571171;0.86008;0.8602;0.86014;3;T;True;2
1621264128000;11571173;0.86008;0.8602;0.86014;1;T;True;2
1621264129000;11571174;0.86008;0.8602;0.86014;0;T;True;2
1621264130000;11571176;0.86008;0.8602;0.86014;1;T;True;2
1621264131000;11571178;0.86008;0.8602;0.86014;1;T;True;2
1621264132000;11571179;0.86008;0.8602;0.86014;0;T;True;2
1621264133000;11571186;0.86011;0.86023;0.86017;6;T;True;2
1621264134000;11571190;0.86013;0.86025;0.86019;3;T;True;2
1621264135000;11571196;0.86011;0.86023;0.86017;5;T;True;2
1621264136000;11571198;0.86011;0.86023;0.86017;1;T;True;2
1621264137000;11571199;0.86011;0.86023;0.86017;0;T;True;2
1621264138000;11571200;0.86011;0.86023;0.86017;0;T;True;2
1621264139000;11571203;0.86009;0.86021;0.86015;2;T;True;2
1621264140000;11571204;0.86009;0.86021;0.86015;0;T;True;2
1621264141000;11571207;0.86008;0.8602;0.86014;2;T;True;2
1621264142000;11571208;0.86008;0.8602;0.86014;0;T;True;2
1621264143000;11571211;0.86008;0.8602;0.86014;2;T;True;2
1621264144000;11571214;0.86008;0.8602;0.86014;2;T;True;2
1621264145000;11571221;0.86007;0.86019;0.86013;6;T;True;2
1621264146000;11571222;0.86007;0.86019;0.86013;0;T;True;2
1621264147000;11571223;0.86007;0.86019;0.86013;0;T;True;2
1621264148000;11571224;0.86007;0.86019;0.86013;0;T;True;2
1621264149000;11571227;0.86009;0.86021;0.86015;2;T;True;2
1621264150000;11571228;0.86009;0.86021;0.86015;0;T;True;2
1621264151000;11571229;0.86009;0.86021;0.86015;0;T;True;2
1621264152000;11571230;0.86009;0.86021;0.86015;0;T;True;2
1621264153000;11571231;0.86009;0.86021;0.86015;0;T;True;2
1621264154000;11571234;0.86007;0.86019;0.86013;2;T;True;2
1621264155000;11571235;0.86007;0.86019;0.86013;0;T;True;2
1621264156000;11571236;0.86007;0.86019;0.86013;0;T;True;2
1621264157000;11571240;0.86009;0.86021;0.86015;3;T;True;2
1621264158000;11571241;0.86009;0.86021;0.86015;0;T;True;2
1621264159000;11571242;0.86009;0.86021;0.86015;0;T;True;2
1621264160000;11571243;0.86009;0.86021;0.86015;0;T;True;2
1621264161000;11571246;0.86008;0.8602;0.86014;2;T;True;2
1621264162000;11571247;0.86008;0.8602;0.86014;0;T;True;2
1621264163000;11571249;0.86008;0.8602;0.86014;1;T;True;2
1621264164000;11571252;0.86009;0.86021;0.86015;2;T;True;2
1621264165000;11571255;0.8601;0.86022;0.86016;2;T;True;2
1621264166000;11571256;0.8601;0.86022;0.86016;0;T;True;2
1621264167000;11571257;0.8601;0.86022;0.86016;0;T;True;2
1621264168000;11571259;0.86009;0.86021;0.86015;1;T;True;2
1621264169000;11571260;0.86009;0.86021;0.86015;0;T;True;2
1621264170000;11571261;0.86009;0.86021;0.86015;0;T;True;2
1621264171000;11571263;0.8601;0.86022;0.86016;1;T;True;2
1621264172000;11571264;0.8601;0.86022;0.86016;0;T;True;2
1621264173000;11571266;0.86009;0.86021;0.86015;1;T;True;2
1621264174000;11571268;0.86009;0.86021;0.86015;1;T;True;2
1621264175000;11571269;0.86009;0.86021;0.86015;0;T;True;2
1621264176000;11571272;0.86011;0.86023;0.86017;2;T;True;2
1621264177000;11571276;0.86011;0.86023;0.86017;3;T;True;2
1621264178000;11571277;0.86011;0.86023;0.86017;0;T;True;2
1621264179000;11571278;0.86011;0.86023;0.86017;0;T;True;2
1621264180000;11571279;0.86011;0.86023;0.86017;0;T;True;2
1621264181000;11571284;0.86009;0.86021;0.86015;4;T;True;2
1621264182000;11571285;0.86009;0.86021;0.86015;0;T;True;2
1621264183000;11571286;0.86009;0.86021;0.86015;0;T;True;2
1621264184000;11571288;0.86008;0.8602;0.86014;1;T;True;2
1621264185000;11571289;0.86008;0.8602;0.86014;0;T;True;2
1621264186000;11571292;0.86008;0.8602;0.86014;2;T;True;2
1621264187000;11571294;0.86009;0.86021;0.86015;1;T;True;2
1621264188000;11571295;0.86009;0.86021;0.86015;0;T;True;2
1621264189000;11571298;0.86012;0.86024;0.86018;2;T;True;2
1621264190000;11571299;0.86012;0.86024;0.86018;0;T;True;2
1621264191000;11571306;0.86015;0.86027;0.86021;6;T;True;2
1621264192000;11571307;0.86015;0.86027;0.86021;0;T;True;2
1621264193000;11571309;0.86014;0.86026;0.8602;1;T;True;2
1621264194000;11571312;0.86015;0.86027;0.86021;2;T;True;2
1621264195000;11571315;0.86014;0.86026;0.8602;2;T;True;2
1621264196000;11571318;0.86013;0.86025;0.86019;2;T;True;2
1621264197000;11571320;0.86012;0.86024;0.86018;1;T;True;2
1621264198000;11571322;0.86011;0.86023;0.86017;1;T;True;2
1621264199000;11571323;0.86011;0.86023;0.86017;0;T;True;2
1621264200000;11571326;0.86009;0.86021;0.86015;2;T;True;2
1621264201000;11571330;0.86011;0.86023;0.86017;3;T;True;2
1621264202000;11571331;0.86011;0.86023;0.86017;0;T;True;2
1621264203000;11571336;0.86013;0.86025;0.86019;4;T;True;2
1621264204000;11571337;0.86013;0.86025;0.86019;0;T;True;2
1621264205000;11571343;0.86015;0.86027;0.86021;5;T;True;2
1621264206000;11571344;0.86015;0.86027;0.86021;0;T;True;2
1621264207000;11571346;0.86014;0.86026;0.8602;1;T;True;2
1621264208000;11571348;0.86013;0.86025;0.86019;1;T;True;2
1621264209000;11571349;0.86013;0.86025;0.86019;0;T;True;2
1621264210000;11571351;0.86013;0.86025;0.86019;1;T;True;2
1621264211000;11571352;0.86013;0.86025;0.86019;0;T;True;2
1621264212000;11571354;0.86014;0.86026;0.8602;1;T;True;2
1621264213000;11571357;0.86015;0.86027;0.86021;2;T;True;2
1621264214000;11571358;0.86015;0.86027;0.86021;0;T;True;2
1621264215000;11571359;0.86015;0.86027;0.86021;0;T;True;2
1621264216000;11571360;0.86015;0.86027;0.86021;0;T;True;2
1621264217000;11571361;0.86015;0.86027;0.86021;0;T;True;2
1621264218000;11571362;0.86015;0.86027;0.86021;0;T;True;2
1621264219000;11571363;0.86015;0.86027;0.86021;0;T;True;2
1621264220000;11571364;0.86015;0.86027;0.86021;0;T;True;2
1621264221000;11571367;0.86014;0.86026;0.8602;2;T;True;2
1621264222000;11571370;0.86014;0.86026;0.8602;2;T;True;2
1621264223000;11571376;0.86012;0.86024;0.86018;5;T;True;2
1621264224000;11571381;0.86009;0.86021;0.86015;4;T;True;2
1621264225000;11571382;0.86009;0.86021;0.86015;0;T;True;2
1621264226000;11571383;0.86009;0.86021;0.86015;0;T;True;2
1621264227000;11571389;0.8601;0.86022;0.86016;5;T;True;2
1621264228000;11571393;0.86011;0.86023;0.86017;3;T;True;2
1621264229000;11571399;0.8601;0.86022;0.86016;5;T;True;2
1621264230000;11571400;0.8601;0.86022;0.86016;0;T;True;2
1621264231000;11571402;0.86009;0.86021;0.86015;1;T;True;2
1621264232000;11571404;0.86009;0.86021;0.86015;1;T;True;2
1621264233000;11571415;0.86014;0.86026;0.8602;10;T;True;2
1621264234000;11571416;0.86014;0.86026;0.8602;0;T;True;2
1621264235000;11571421;0.86015;0.86027;0.86021;4;T;True;2
1621264236000;11571423;0.86015;0.86027;0.86021;1;T;True;2
1621264237000;11571424;0.86015;0.86027;0.86021;0;T;True;2
1621264238000;11571425;0.86015;0.86027;0.86021;0;T;True;2
1621264239000;11571426;0.86015;0.86027;0.86021;0;T;True;2
1621264240000;11571428;0.86014;0.86026;0.8602;1;T;True;2
1621264241000;11571429;0.86014;0.86026;0.8602;0;T;True;2
1621264242000;11571432;0.86014;0.86026;0.8602;2;T;True;2
1621264243000;11571434;0.86015;0.86027;0.86021;1;T;True;2
1621264244000;11571435;0.86015;0.86027;0.86021;0;T;True;2
1621264245000;11571436;0.86015;0.86027;0.86021;0;T;True;2
1621264246000;11571437;0.86015;0.86027;0.86021;0;T;True;2
1621264247000;11571438;0.86015;0.86027;0.86021;0;T;True;2
1621264248000;11571439;0.86015;0.86027;0.86021;0;T;True;2
1621264249000;11571440;0.86015;0.86027;0.86021;0;T;True;2
1621264250000;11571441;0.86015;0.86027;0.86021;0;T;True;2
1621264251000;11571442;0.86015;0.86027;0.86021;0;T;True;2
1621264252000;11571445;0.86013;0.86025;0.86019;2;T;True;2
1621264253000;11571446;0.86013;0.86025;0.86019;0;T;True;2
1621264254000;11571450;0.86013;0.86025;0.86019;3;T;True;2
1621264255000;11571451;0.86013;0.86025;0.86019;0;T;True;2
1621264256000;11571453;0.86012;0.86024;0.86018;1;T;True;2
1621264257000;11571456;0.86013;0.86025;0.86019;2;T;True;2
1621264258000;11571461;0.86012;0.86024;0.86018;4;T;True;2
1621264259000;11571462;0.86012;0.86024;0.86018;0;T;True;2
1621264260000;11571463;0.86012;0.86024;0.86018;0;T;True;2
1621264261000;11571466;0.86012;0.86024;0.86018;2;T;True;2
1621264262000;11571468;0.86011;0.86023;0.86017;1;T;True;2
1621264263000;11571472;0.86012;0.86024;0.86018;3;T;True;2
1621264264000;11571475;0.86013;0.86025;0.86019;2;T;True;2
1621264265000;11571476;0.86013;0.86025;0.86019;0;T;True;2
1621264266000;11571477;0.86013;0.86025;0.86019;0;T;True;2
1621264267000;11571478;0.86013;0.86025;0.86019;0;T;True;2
1621264268000;11571483;0.86013;0.86025;0.86019;4;T;True;2
1621264269000;11571485;0.86014;0.86026;0.8602;1;T;True;2
1621264270000;11571487;0.86015;0.86027;0.86021;1;T;True;2
1621264271000;11571489;0.86015;0.86027;0.86021;1;T;True;2
1621264272000;11571490;0.86015;0.86027;0.86021;0;T;True;2
1621264273000;11571491;0.86015;0.86027;0.86021;0;T;True;2
1621264274000;11571493;0.86016;0.86028;0.86022;1;T;True;2
1621264275000;11571494;0.86016;0.86028;0.86022;0;T;True;2
1621264276000;11571495;0.86016;0.86028;0.86022;0;T;True;2
1621264277000;11571496;0.86016;0.86028;0.86022;0;T;True;2
1621264278000;11571498;0.86017;0.86029;0.86023;1;T;True;2
1621264279000;11571499;0.86017;0.86029;0.86023;0;T;True;2
1621264280000;11571503;0.86019;0.86031;0.86025;3;T;True;2
1621264281000;11571511;0.86019;0.86031;0.86025;7;T;True;2
1621264282000;11571519;0.86021;0.86033;0.86027;7;T;True;2
1621264283000;11571522;0.86021;0.86033;0.86027;2;T;True;2
1621264284000;11571524;0.86019;0.86031;0.86025;1;T;True;2
1621264285000;11571525;0.86019;0.86031;0.86025;0;T;True;2
1621264286000;11571530;0.8602;0.86032;0.86026;4;T;True;2
1621264287000;11571532;0.86019;0.86031;0.86025;1;T;True;2
1621264288000;11571533;0.86019;0.86031;0.86025;0;T;True;2
1621264289000;11571534;0.86019;0.86031;0.86025;0;T;True;2
1621264290000;11571535;0.86019;0.86031;0.86025;0;T;True;2
1621264291000;11571536;0.86019;0.86031;0.86025;0;T;True;2
1621264292000;11571537;0.86019;0.86031;0.86025;0;T;True;2
1621264293000;11571539;0.86019;0.86031;0.86025;1;T;True;2
1621264294000;11571541;0.86019;0.86031;0.86025;1;T;True;2
1621264295000;11571542;0.86019;0.86031;0.86025;0;T;True;2
1621264296000;11571543;0.86019;0.86031;0.86025;0;T;True;2
1621264297000;11571544;0.86019;0.86031;0.86025;0;T;True;2
1621264298000;11571546;0.86018;0.8603;0.86024;1;T;True;2
1621264299000;11571551;0.86017;0.86029;0.86023;4;T;True;2
1621264300000;11571553;0.86017;0.86029;0.86023;1;T;True;2
1621264301000;11571559;0.86017;0.86029;0.86023;5;T;True;2
1621264302000;11571562;0.86017;0.86029;0.86023;2;T;True;2
1621264303000;11571563;0.86017;0.86029;0.86023;0;T;True;2
1621264304000;11571566;0.86015;0.86027;0.86021;2;T;True;2
1621264305000;11571569;0.86016;0.86028;0.86022;2;T;True;2
1621264306000;11571574;0.86017;0.86029;0.86023;4;T;True;2
1621264307000;11571577;0.86017;0.86029;0.86023;2;T;True;2
1621264308000;11571585;0.86019;0.86031;0.86025;7;T;True;2
1621264309000;11571588;0.86019;0.86031;0.86025;2;T;True;2
1621264310000;11571593;0.86021;0.86033;0.86027;4;T;True;2
1621264311000;11571596;0.86019;0.86031;0.86025;2;T;True;2
1621264312000;11571600;0.86021;0.86033;0.86027;3;T;True;2
1621264313000;11571601;0.86021;0.86033;0.86027;0;T;True;2
1621264314000;11571603;0.86021;0.86033;0.86027;1;T;True;2
1621264315000;11571605;0.86021;0.86033;0.86027;1;T;True;2
1621264316000;11571613;0.86018;0.8603;0.86024;7;T;True;2
1621264317000;11571614;0.86018;0.8603;0.86024;0;T;True;2
1621264318000;11571616;0.86018;0.8603;0.86024;1;T;True;2
1621264319000;11571617;0.86018;0.8603;0.86024;0;T;True;2
1621264320000;11571618;0.86018;0.8603;0.86024;0;T;True;2
1621264321000;11571619;0.86018;0.8603;0.86024;0;T;True;2
1621264322000;11571622;0.86018;0.8603;0.86024;2;T;True;2
1621264323000;11571624;0.86018;0.8603;0.86024;1;T;True;2
1621264324000;11571627;0.86019;0.86031;0.86025;2;T;True;2
1621264325000;11571628;0.86019;0.86031;0.86025;0;T;True;2
1621264326000;11571629;0.86019;0.86031;0.86025;0;T;True;2
1621264327000;11571633;0.8602;0.86032;0.86026;3;T;True;2
1621264328000;11571637;0.86021;0.86033;0.86027;3;T;True;2
1621264329000;11571638;0.86021;0.86033;0.86027;0;T;True;2
1621264330000;11571641;0.86022;0.86034;0.86028;2;T;True;2
1621264331000;11571646;0.8602;0.86032;0.86026;4;T;True;2
1621264332000;11571653;0.86021;0.86033;0.86027;6;T;True;2
1621264333000;11571654;0.86021;0.86033;0.86027;0;T;True;2
1621264334000;11571655;0.86021;0.86033;0.86027;0;T;True;2
1621264335000;11571656;0.86021;0.86033;0.86027;0;T;True;2
1621264336000;11571658;0.86021;0.86033;0.86027;1;T;True;2
1621264337000;11571659;0.86021;0.86033;0.86027;0;T;True;2
1621264338000;11571665;0.86023;0.86035;0.86029;5;T;True;2
1621264339000;11571666;0.86023;0.86035;0.86029;0;T;True;2
1621264340000;11571667;0.86023;0.86035;0.86029;0;T;True;2
1621264341000;11571668;0.86023;0.86035;0.86029;0;T;True;2
1621264342000;11571669;0.86023;0.86035;0.86029;0;T;True;2
1621264343000;11571675;0.86019;0.86031;0.86025;5;T;True;2
1621264344000;11571677;0.86019;0.86031;0.86025;1;T;True;2
1621264345000;11571678;0.86019;0.86031;0.86025;0;T;True;2
1621264346000;11571679;0.86019;0.86031;0.86025;0;T;True;2
1621264347000;11571680;0.86019;0.86031;0.86025;0;T;True;2
1621264348000;11571681;0.86019;0.86031;0.86025;0;T;True;2
1621264349000;11571682;0.86019;0.86031;0.86025;0;T;True;2
1621264350000;11571683;0.86019;0.86031;0.86025;0;T;True;2
1621264351000;11571684;0.86019;0.86031;0.86025;0;T;True;2
1621264352000;11571685;0.86019;0.86031;0.86025;0;T;True;2
1621264353000;11571686;0.86019;0.86031;0.86025;0;T;True;2
1621264354000;11571687;0.86019;0.86031;0.86025;0;T;True;2
1621264355000;11571689;0.86021;0.86033;0.86027;1;T;True;2
1621264356000;11571694;0.86023;0.86035;0.86029;4;T;True;2
1621264357000;11571695;0.86023;0.86035;0.86029;0;T;True;2
1621264358000;11571696;0.86023;0.86035;0.86029;0;T;True;2
1621264359000;11571697;0.86023;0.86035;0.86029;0;T;True;2
1621264360000;11571698;0.86023;0.86035;0.86029;0;T;True;2
1621264361000;11571700;0.86023;0.86035;0.86029;1;T;True;2
1621264362000;11571703;0.86023;0.86035;0.86029;2;T;True;2
1621264363000;11571705;0.86023;0.86035;0.86029;1;T;True;2
1621264364000;11571706;0.86023;0.86035;0.86029;0;T;True;2
1621264365000;11571707;0.86023;0.86035;0.86029;0;T;True;2
1621264366000;11571708;0.86023;0.86035;0.86029;0;T;True;2
1621264367000;11571709;0.86023;0.86035;0.86029;0;T;True;2
1621264368000;11571710;0.86023;0.86035;0.86029;0;T;True;2
1621264369000;11571711;0.86023;0.86035;0.86029;0;T;True;2
1621264370000;11571712;0.86023;0.86035;0.86029;0;T;True;2
1621264371000;11571713;0.86023;0.86035;0.86029;0;T;True;2
1621264372000;11571714;0.86023;0.86035;0.86029;0;T;True;2
1621264373000;11571715;0.86023;0.86035;0.86029;0;T;True;2
1621264374000;11571716;0.86023;0.86035;0.86029;0;T;True;2
1621264375000;11571717;0.86023;0.86035;0.86029;0;T;True;2
1621264376000;11571718;0.86023;0.86035;0.86029;0;T;True;2
1621264377000;11571722;0.86023;0.86035;0.86029;3;T;True;2
1621264378000;11571723;0.86023;0.86035;0.86029;0;T;True;2
1621264379000;11571724;0.86023;0.86035;0.86029;0;T;True;2
1621264380000;11571728;0.86026;0.86038;0.86032;3;T;True;2
1621264381000;11571733;0.86027;0.86039;0.86033;4;T;True;2
1621264382000;11571735;0.86027;0.86039;0.86033;1;T;True;2
1621264383000;11571737;0.86029;0.86041;0.86035;1;T;True;2
1621264384000;11571738;0.86029;0.86041;0.86035;0;T;True;2
1621264385000;11571739;0.86029;0.86041;0.86035;0;T;True;2
1621264386000;11571740;0.86029;0.86041;0.86035;0;T;True;2
1621264387000;11571741;0.86029;0.86041;0.86035;0;T;True;2
1621264388000;11571742;0.86029;0.86041;0.86035;0;T;True;2
1621264389000;11571743;0.86029;0.86041;0.86035;0;T;True;2
1621264390000;11571747;0.86032;0.86044;0.86038;3;T;True;2
1621264391000;11571755;0.86029;0.86041;0.86035;7;T;True;2
1621264392000;11571756;0.86029;0.86041;0.86035;0;T;True;2
1621264393000;11571758;0.86029;0.86041;0.86035;1;T;True;2
1621264394000;11571759;0.86029;0.86041;0.86035;0;T;True;2
1621264395000;11571760;0.86029;0.86041;0.86035;0;T;True;2
1621264396000;11571761;0.86029;0.86041;0.86035;0;T;True;2
1621264397000;11571762;0.86029;0.86041;0.86035;0;T;True;2
1621264398000;11571763;0.86029;0.86041;0.86035;0;T;True;2
1621264399000;11571764;0.86029;0.86041;0.86035;0;T;True;2
1621264400000;11571767;0.86029;0.86041;0.86035;2;T;True;2
1621264401000;11571770;0.86029;0.86041;0.86035;2;T;True;2
1621264402000;11571772;0.86028;0.8604;0.86034;1;T;True;2
1621264403000;11571774;0.86029;0.86041;0.86035;1;T;True;2
1621264404000;11571777;0.86031;0.86043;0.86037;2;T;True;2
1621264405000;11571778;0.86031;0.86043;0.86037;0;T;True;2
1621264406000;11571780;0.86031;0.86043;0.86037;1;T;True;2
1621264407000;11571781;0.86031;0.86043;0.86037;0;T;True;2
1621264408000;11571782;0.86031;0.86043;0.86037;0;T;True;2
1621264409000;11571784;0.86032;0.86044;0.86038;1;T;True;2
1621264410000;11571791;0.86035;0.86047;0.86041;6;T;True;2
1621264411000;11571793;0.86035;0.86047;0.86041;1;T;True;2
1621264412000;11571795;0.86035;0.86047;0.86041;1;T;True;2
1621264413000;11571796;0.86035;0.86047;0.86041;0;T;True;2
1621264414000;11571797;0.86035;0.86047;0.86041;0;T;True;2
1621264415000;11571801;0.86035;0.86047;0.86041;3;T;True;2
1621264416000;11571802;0.86035;0.86047;0.86041;0;T;True;2
1621264417000;11571803;0.86035;0.86047;0.86041;0;T;True;2
1621264418000;11571807;0.86035;0.86047;0.86041;3;T;True;2
1621264419000;11571810;0.86035;0.86047;0.86041;2;T;True;2
1621264420000;11571813;0.86035;0.86047;0.86041;2;T;True;2
1621264421000;11571816;0.86035;0.86047;0.86041;2;T;True;2
1621264422000;11571821;0.86033;0.86045;0.86039;4;T;True;2
1621264423000;11571822;0.86033;0.86045;0.86039;0;T;True;2
1621264424000;11571823;0.86033;0.86045;0.86039;0;T;True;2
1621264425000;11571824;0.86033;0.86045;0.86039;0;T;True;2
1621264426000;11571825;0.86033;0.86045;0.86039;0;T;True;2
1621264427000;11571826;0.86033;0.86045;0.86039;0;T;True;2
1621264428000;11571827;0.86033;0.86045;0.86039;0;T;True;2
1621264429000;11571828;0.86033;0.86045;0.86039;0;T;True;2
1621264430000;11571829;0.86033;0.86045;0.86039;0;T;True;2
1621264431000;11571830;0.86033;0.86045;0.86039;0;T;True;2
1621264432000;11571831;0.86033;0.86045;0.86039;0;T;True;2
1621264433000;11571832;0.86033;0.86045;0.86039;0;T;True;2
1621264434000;11571833;0.86033;0.86045;0.86039;0;T;True;2
1621264435000;11571834;0.86033;0.86045;0.86039;0;T;True;2
1621264436000;11571835;0.86033;0.86045;0.86039;0;T;True;2
1621264437000;11571836;0.86033;0.86045;0.86039;0;T;True;2
1621264438000;11571837;0.86033;0.86045;0.86039;0;T;True;2
1621264439000;11571840;0.86033;0.86045;0.86039;2;T;True;2
1621264440000;11571842;0.86033;0.86045;0.86039;1;T;True;2
1621264441000;11571843;0.86033;0.86045;0.86039;0;T;True;2
1621264442000;11571845;0.86033;0.86045;0.86039;1;T;True;2
1621264443000;11571846;0.86033;0.86045;0.86039;0;T;True;2
1621264444000;11571849;0.86035;0.86047;0.86041;2;T;True;2
1621264445000;11571850;0.86035;0.86047;0.86041;0;T;True;2
1621264446000;11571851;0.86035;0.86047;0.86041;0;T;True;2
1621264447000;11571852;0.86035;0.86047;0.86041;0;T;True;2
1621264448000;11571853;0.86035;0.86047;0.86041;0;T;True;2
1621264449000;11571854;0.86035;0.86047;0.86041;0;T;True;2
1621264450000;11571855;0.86035;0.86047;0.86041;0;T;True;2
1621264451000;11571857;0.86037;0.86049;0.86043;1;T;True;2
1621264452000;11571861;0.86039;0.86051;0.86045;3;T;True;2
1621264453000;11571862;0.86039;0.86051;0.86045;0;T;True;2
1621264454000;11571863;0.86039;0.86051;0.86045;0;T;True;2
1621264455000;11571867;0.86034;0.86046;0.8604;3;T;True;2
1621264456000;11571870;0.86034;0.86046;0.8604;2;T;True;2
1621264457000;11571871;0.86034;0.86046;0.8604;0;T;True;2
1621264458000;11571872;0.86034;0.86046;0.8604;0;T;True;2
1621264459000;11571878;0.86035;0.86047;0.86041;5;T;True;2
1621264460000;11571879;0.86035;0.86047;0.86041;0;T;True;2
1621264461000;11571882;0.86033;0.86045;0.86039;2;T;True;2
1621264462000;11571886;0.86032;0.86044;0.86038;3;T;True;2
1621264463000;11571892;0.86032;0.86044;0.86038;5;T;True;2
1621264464000;11571897;0.86036;0.86048;0.86042;4;T;True;2
1621264465000;11571899;0.86037;0.86049;0.86043;1;T;True;2
1621264466000;11571900;0.86037;0.86049;0.86043;0;T;True;2
1621264467000;11571901;0.86037;0.86049;0.86043;0;T;True;2
1621264468000;11571904;0.86035;0.86047;0.86041;2;T;True;2
1621264469000;11571913;0.86033;0.86045;0.86039;8;T;True;2
1621264470000;11571918;0.86033;0.86045;0.86039;4;T;True;2
1621264471000;11571921;0.86035;0.86047;0.86041;2;T;True;2
1621264472000;11571925;0.86031;0.86043;0.86037;3;T;True;2
1621264473000;11571927;0.8603;0.86042;0.86036;1;T;True;2
1621264474000;11571928;0.8603;0.86042;0.86036;0;T;True;2
1621264475000;11571930;0.8603;0.86042;0.86036;1;T;True;2
1621264476000;11571932;0.8603;0.86042;0.86036;1;T;True;2
1621264477000;11571937;0.86032;0.86044;0.86038;4;T;True;2
1621264478000;11571942;0.86031;0.86043;0.86037;4;T;True;2
1621264479000;11571946;0.86029;0.86041;0.86035;3;T;True;2
1621264480000;11571951;0.86031;0.86043;0.86037;4;T;True;2
1621264481000;11571956;0.86031;0.86043;0.86037;4;T;True;2
1621264482000;11571958;0.86031;0.86043;0.86037;1;T;True;2
1621264483000;11571960;0.86031;0.86043;0.86037;1;T;True;2
1621264484000;11571961;0.86031;0.86043;0.86037;0;T;True;2
1621264485000;11571963;0.86031;0.86043;0.86037;1;T;True;2
1621264486000;11571965;0.86031;0.86043;0.86037;1;T;True;2
1621264487000;11571968;0.86031;0.86043;0.86037;2;T;True;2
1621264488000;11571971;0.86031;0.86043;0.86037;2;T;True;2
1621264489000;11571973;0.86031;0.86043;0.86037;1;T;True;2
1621264490000;11571974;0.86031;0.86043;0.86037;0;T;True;2
1621264491000;11571977;0.86031;0.86043;0.86037;2;T;True;2
1621264492000;11571979;0.8603;0.86042;0.86036;1;T;True;2
1621264493000;11571981;0.86029;0.86041;0.86035;1;T;True;2
1621264494000;11571982;0.86029;0.86041;0.86035;0;T;True;2
1621264495000;11571986;0.86027;0.86039;0.86033;3;T;True;2
1621264496000;11571989;0.86025;0.86037;0.86031;2;T;True;2
1621264497000;11571990;0.86025;0.86037;0.86031;0;T;True;2
1621264498000;11571991;0.86025;0.86037;0.86031;0;T;True;2
1621264499000;11571992;0.86025;0.86037;0.86031;0;T;True;2
1621264500000;11571994;0.86024;0.86036;0.8603;1;T;True;2
1621264501000;11572000;0.86022;0.86034;0.86028;5;T;True;2
1621264502000;11572003;0.86021;0.86033;0.86027;2;T;True;2
1621264503000;11572009;0.86023;0.86035;0.86029;5;T;True;2
1621264504000;11572012;0.86024;0.86036;0.8603;2;T;True;2
1621264505000;11572016;0.86024;0.86036;0.8603;3;T;True;2
1621264506000;11572017;0.86024;0.86036;0.8603;0;T;True;2
1621264507000;11572018;0.86024;0.86036;0.8603;0;T;True;2
1621264508000;11572019;0.86024;0.86036;0.8603;0;T;True;2
1621264509000;11572020;0.86024;0.86036;0.8603;0;T;True;2
1621264510000;11572027;0.86027;0.86039;0.86033;6;T;True;2
1621264511000;11572030;0.86028;0.8604;0.86034;2;T;True;2
1621264512000;11572033;0.86029;0.86041;0.86035;2;T;True;2
1621264513000;11572035;0.86029;0.86041;0.86035;1;T;True;2
1621264514000;11572040;0.86031;0.86043;0.86037;4;T;True;2
1621264515000;11572041;0.86031;0.86043;0.86037;0;T;True;2
1621264516000;11572042;0.86031;0.86043;0.86037;0;T;True;2
1621264517000;11572043;0.86031;0.86043;0.86037;0;T;True;2
1621264518000;11572044;0.86031;0.86043;0.86037;0;T;True;2
1621264519000;11572045;0.86031;0.86043;0.86037;0;T;True;2
1621264520000;11572046;0.86031;0.86043;0.86037;0;T;True;2
1621264521000;11572047;0.86031;0.86043;0.86037;0;T;True;2
1621264522000;11572049;0.86029;0.86041;0.86035;1;T;True;2
1621264523000;11572051;0.8603;0.86042;0.86036;1;T;True;2
1621264524000;11572054;0.86031;0.86043;0.86037;2;T;True;2
1621264525000;11572055;0.86031;0.86043;0.86037;0;T;True;2
1621264526000;11572056;0.86031;0.86043;0.86037;0;T;True;2
1621264527000;11572057;0.86031;0.86043;0.86037;0;T;True;2
1621264528000;11572058;0.86031;0.86043;0.86037;0;T;True;2
1621264529000;11572059;0.86031;0.86043;0.86037;0;T;True;2
1621264530000;11572062;0.86033;0.86045;0.86039;2;T;True;2
1621264531000;11572063;0.86033;0.86045;0.86039;0;T;True;2
1621264532000;11572065;0.86032;0.86044;0.86038;1;T;True;2
1621264533000;11572066;0.86032;0.86044;0.86038;0;T;True;2
1621264534000;11572068;0.86031;0.86043;0.86037;1;T;True;2
1621264535000;11572070;0.86031;0.86043;0.86037;1;T;True;2
1621264536000;11572071;0.86031;0.86043;0.86037;0;T;True;2
1621264537000;11572074;0.8603;0.86042;0.86036;2;T;True;2
1621264538000;11572075;0.8603;0.86042;0.86036;0;T;True;2
1621264539000;11572077;0.86029;0.86041;0.86035;1;T;True;2
1621264540000;11572078;0.86029;0.86041;0.86035;0;T;True;2
1621264541000;11572079;0.86029;0.86041;0.86035;0;T;True;2
1621264542000;11572080;0.86029;0.86041;0.86035;0;T;True;2
1621264543000;11572082;0.86029;0.86041;0.86035;1;T;True;2
1621264544000;11572083;0.86029;0.86041;0.86035;0;T;True;2
1621264545000;11572084;0.86029;0.86041;0.86035;0;T;True;2
1621264546000;11572086;0.86029;0.86041;0.86035;1;T;True;2
1621264547000;11572091;0.86031;0.86043;0.86037;4;T;True;2
1621264548000;11572092;0.86031;0.86043;0.86037;0;T;True;2
1621264549000;11572094;0.86031;0.86043;0.86037;1;T;True;2
1621264550000;11572096;0.86031;0.86043;0.86037;1;T;True;2
1621264551000;11572099;0.86031;0.86043;0.86037;2;T;True;2
1621264552000;11572100;0.86031;0.86043;0.86037;0;T;True;2
1621264553000;11572102;0.86032;0.86044;0.86038;1;T;True;2
1621264554000;11572104;0.86031;0.86043;0.86037;1;T;True;2
1621264555000;11572106;0.86032;0.86044;0.86038;1;T;True;2
1621264556000;11572110;0.86033;0.86045;0.86039;3;T;True;2
1621264557000;11572113;0.86036;0.86048;0.86042;2;T;True;2
1621264558000;11572114;0.86036;0.86048;0.86042;0;T;True;2
1621264559000;11572115;0.86036;0.86048;0.86042;0;T;True;2
1621264560000;11572116;0.86036;0.86048;0.86042;0;T;True;2
1621264561000;11572118;0.86037;0.86049;0.86043;1;T;True;2
1621264562000;11572119;0.86037;0.86049;0.86043;0;T;True;2
1621264563000;11572120;0.86037;0.86049;0.86043;0;T;True;2
1621264564000;11572121;0.86037;0.86049;0.86043;0;T;True;2
1621264565000;11572122;0.86037;0.86049;0.86043;0;T;True;2
1621264566000;11572123;0.86037;0.86049;0.86043;0;T;True;2
1621264567000;11572124;0.86037;0.86049;0.86043;0;T;True;2
1621264568000;11572125;0.86037;0.86049;0.86043;0;T;True;2
1621264569000;11572126;0.86037;0.86049;0.86043;0;T;True;2
1621264570000;11572127;0.86037;0.86049;0.86043;0;T;True;2
1621264571000;11572128;0.86037;0.86049;0.86043;0;T;True;2
1621264572000;11572129;0.86037;0.86049;0.86043;0;T;True;2
1621264573000;11572130;0.86037;0.86049;0.86043;0;T;True;2
1621264574000;11572131;0.86037;0.86049;0.86043;0;T;True;2
1621264575000;11572133;0.86037;0.86049;0.86043;1;T;True;2
1621264576000;11572134;0.86037;0.86049;0.86043;0;T;True;2
1621264577000;11572135;0.86037;0.86049;0.86043;0;T;True;2
1621264578000;11572136;0.86037;0.86049;0.86043;0;T;True;2
1621264579000;11572137;0.86037;0.86049;0.86043;0;T;True;2
1621264580000;11572138;0.86037;0.86049;0.86043;0;T;True;2
1621264581000;11572140;0.86037;0.86049;0.86043;1;T;True;2
1621264582000;11572141;0.86037;0.86049;0.86043;0;T;True;2
1621264583000;11572142;0.86037;0.86049;0.86043;0;T;True;2
1621264584000;11572143;0.86037;0.86049;0.86043;0;T;True;2
1621264585000;11572145;0.86039;0.86051;0.86045;1;T;True;2
1621264586000;11572148;0.8604;0.86052;0.86046;2;T;True;2
1621264587000;11572152;0.86039;0.86051;0.86045;3;T;True;2
1621264588000;11572153;0.86039;0.86051;0.86045;0;T;True;2
1621264589000;11572155;0.86039;0.86051;0.86045;1;T;True;2
1621264590000;11572156;0.86039;0.86051;0.86045;0;T;True;2
1621264591000;11572159;0.86038;0.8605;0.86044;2;T;True;2
1621264592000;11572160;0.86038;0.8605;0.86044;0;T;True;2
1621264593000;11572162;0.86038;0.8605;0.86044;1;T;True;2
1621264594000;11572163;0.86038;0.8605;0.86044;0;T;True;2
1621264595000;11572164;0.86038;0.8605;0.86044;0;T;True;2
1621264596000;11572167;0.86039;0.86051;0.86045;2;T;True;2
1621264597000;11572168;0.86039;0.86051;0.86045;0;T;True;2
1621264598000;11572170;0.86039;0.86051;0.86045;1;T;True;2
1621264599000;11572175;0.86039;0.86051;0.86045;4;T;True;2
1621264600000;11572177;0.86039;0.86051;0.86045;1;T;True;2
1621264601000;11572178;0.86039;0.86051;0.86045;0;T;True;2
1621264602000;11572179;0.86039;0.86051;0.86045;0;T;True;2
1621264603000;11572181;0.86039;0.86051;0.86045;1;T;True;2
1621264604000;11572182;0.86039;0.86051;0.86045;0;T;True;2
1621264605000;11572184;0.86038;0.8605;0.86044;1;T;True;2
1621264606000;11572186;0.86037;0.86049;0.86043;1;T;True;2
1621264607000;11572188;0.86038;0.8605;0.86044;1;T;True;2
1621264608000;11572190;0.86037;0.86049;0.86043;1;T;True;2
1621264609000;11572193;0.86037;0.86049;0.86043;2;T;True;2
1621264610000;11572196;0.86037;0.86049;0.86043;2;T;True;2
1621264611000;11572197;0.86037;0.86049;0.86043;0;T;True;2
1621264612000;11572198;0.86037;0.86049;0.86043;0;T;True;2
1621264613000;11572199;0.86037;0.86049;0.86043;0;T;True;2
1621264614000;11572200;0.86037;0.86049;0.86043;0;T;True;2
1621264615000;11572201;0.86037;0.86049;0.86043;0;T;True;2
1621264616000;11572202;0.86037;0.86049;0.86043;0;T;True;2
1621264617000;11572203;0.86037;0.86049;0.86043;0;T;True;2
1621264618000;11572206;0.86035;0.86047;0.86041;2;T;True;2
1621264619000;11572208;0.86035;0.86047;0.86041;1;T;True;2
1621264620000;11572213;0.86033;0.86045;0.86039;4;T;True;2
1621264621000;11572217;0.86033;0.86045;0.86039;3;T;True;2
1621264622000;11572219;0.86032;0.86044;0.86038;1;T;True;2
1621264623000;11572225;0.86032;0.86044;0.86038;5;T;True;2
1621264624000;11572228;0.86032;0.86044;0.86038;2;T;True;2
1621264625000;11572229;0.86032;0.86044;0.86038;0;T;True;2
1621264626000;11572230;0.86032;0.86044;0.86038;0;T;True;2
1621264627000;11572232;0.86031;0.86043;0.86037;1;T;True;2
1621264628000;11572234;0.86032;0.86044;0.86038;1;T;True;2
1621264629000;11572236;0.86031;0.86043;0.86037;1;T;True;2
1621264630000;11572240;0.86032;0.86044;0.86038;3;T;True;2
1621264631000;11572241;0.86032;0.86044;0.86038;0;T;True;2
1621264632000;11572243;0.86031;0.86043;0.86037;1;T;True;2
1621264633000;11572244;0.86031;0.86043;0.86037;0;T;True;2
1621264634000;11572246;0.86031;0.86043;0.86037;1;T;True;2
1621264635000;11572247;0.86031;0.86043;0.86037;0;T;True;2
1621264636000;11572252;0.86031;0.86043;0.86037;4;T;True;2
1621264637000;11572255;0.86033;0.86045;0.86039;2;T;True;2
1621264638000;11572260;0.86033;0.86045;0.86039;4;T;True;2
1621264639000;11572267;0.86033;0.86045;0.86039;6;T;True;2
1621264640000;11572268;0.86033;0.86045;0.86039;0;T;True;2
1621264641000;11572270;0.86033;0.86045;0.86039;1;T;True;2
1621264642000;11572271;0.86033;0.86045;0.86039;0;T;True;2
1621264643000;11572272;0.86033;0.86045;0.86039;0;T;True;2
1621264644000;11572273;0.86033;0.86045;0.86039;0;T;True;2
1621264645000;11572274;0.86033;0.86045;0.86039;0;T;True;2
1621264646000;11572275;0.86033;0.86045;0.86039;0;T;True;2
1621264647000;11572281;0.86029;0.86041;0.86035;5;T;True;2
1621264648000;11572283;0.86029;0.86041;0.86035;1;T;True;2
1621264649000;11572284;0.86029;0.86041;0.86035;0;T;True;2
1621264650000;11572290;0.86032;0.86044;0.86038;5;T;True;2
1621264651000;11572294;0.86033;0.86045;0.86039;3;T;True;2
1621264652000;11572296;0.86033;0.86045;0.86039;1;T;True;2
1621264653000;11572297;0.86033;0.86045;0.86039;0;T;True;2
1621264654000;11572298;0.86033;0.86045;0.86039;0;T;True;2
1621264655000;11572299;0.86033;0.86045;0.86039;0;T;True;2
1621264656000;11572303;0.8603;0.86042;0.86036;3;T;True;2
1621264657000;11572305;0.86029;0.86041;0.86035;1;T;True;2
1621264658000;11572307;0.86029;0.86041;0.86035;1;T;True;2
1621264659000;11572311;0.86031;0.86043;0.86037;3;T;True;2
1621264660000;11572314;0.86031;0.86043;0.86037;2;T;True;2
1621264661000;11572315;0.86031;0.86043;0.86037;0;T;True;2
1621264662000;11572318;0.86031;0.86043;0.86037;2;T;True;2
1621264663000;11572320;0.86031;0.86043;0.86037;1;T;True;2
1621264664000;11572322;0.86033;0.86045;0.86039;1;T;True;2
1621264665000;11572323;0.86033;0.86045;0.86039;0;T;True;2
1621264666000;11572325;0.86031;0.86043;0.86037;1;T;True;2
1621264667000;11572326;0.86031;0.86043;0.86037;0;T;True;2
1621264668000;11572328;0.86031;0.86043;0.86037;1;T;True;2
1621264669000;11572329;0.86031;0.86043;0.86037;0;T;True;2
1621264670000;11572330;0.86031;0.86043;0.86037;0;T;True;2
1621264671000;11572331;0.86031;0.86043;0.86037;0;T;True;2
1621264672000;11572332;0.86031;0.86043;0.86037;0;T;True;2
1621264673000;11572336;0.86033;0.86045;0.86039;3;T;True;2
1621264674000;11572338;0.86033;0.86045;0.86039;1;T;True;2
1621264675000;11572342;0.86032;0.86044;0.86038;3;T;True;2
1621264676000;11572345;0.86032;0.86044;0.86038;2;T;True;2
1621264677000;11572351;0.86033;0.86045;0.86039;5;T;True;2
1621264678000;11572353;0.86031;0.86043;0.86037;1;T;True;2
1621264679000;11572356;0.86033;0.86045;0.86039;2;T;True;2
1621264680000;11572360;0.86032;0.86044;0.86038;3;T;True;2
1621264681000;11572362;0.86033;0.86045;0.86039;1;T;True;2
1621264682000;11572363;0.86033;0.86045;0.86039;0;T;True;2
1621264683000;11572364;0.86033;0.86045;0.86039;0;T;True;2
1621264684000;11572365;0.86033;0.86045;0.86039;0;T;True;2
1621264685000;11572366;0.86033;0.86045;0.86039;0;T;True;2
1621264686000;11572369;0.86033;0.86045;0.86039;2;T;True;2
1621264687000;11572370;0.86033;0.86045;0.86039;0;T;True;2
1621264688000;11572371;0.86033;0.86045;0.86039;0;T;True;2
1621264689000;11572372;0.86033;0.86045;0.86039;0;T;True;2
1621264690000;11572373;0.86033;0.86045;0.86039;0;T;True;2
1621264691000;11572374;0.86033;0.86045;0.86039;0;T;True;2
1621264692000;11572376;0.86031;0.86043;0.86037;1;T;True;2
1621264693000;11572378;0.86032;0.86044;0.86038;1;T;True;2
1621264694000;11572380;0.86031;0.86043;0.86037;1;T;True;2
1621264695000;11572381;0.86031;0.86043;0.86037;0;T;True;2
1621264696000;11572383;0.86032;0.86044;0.86038;1;T;True;2
1621264697000;11572384;0.86032;0.86044;0.86038;0;T;True;2
1621264698000;11572385;0.86032;0.86044;0.86038;0;T;True;2
1621264699000;11572386;0.86032;0.86044;0.86038;0;T;True;2
1621264700000;11572387;0.86032;0.86044;0.86038;0;T;True;2
1621264701000;11572388;0.86032;0.86044;0.86038;0;T;True;2
1621264702000;11572389;0.86032;0.86044;0.86038;0;T;True;2
1621264703000;11572390;0.86032;0.86044;0.86038;0;T;True;2
1621264704000;11572391;0.86032;0.86044;0.86038;0;T;True;2
1621264705000;11572393;0.86031;0.86043;0.86037;1;T;True;2
1621264706000;11572394;0.86031;0.86043;0.86037;0;T;True;2
1621264707000;11572395;0.86031;0.86043;0.86037;0;T;True;2
1621264708000;11572396;0.86031;0.86043;0.86037;0;T;True;2
1621264709000;11572397;0.86031;0.86043;0.86037;0;T;True;2
1621264710000;11572400;0.8603;0.86042;0.86036;2;T;True;2
1621264711000;11572401;0.8603;0.86042;0.86036;0;T;True;2
1621264712000;11572404;0.86031;0.86043;0.86037;2;T;True;2
1621264713000;11572405;0.86031;0.86043;0.86037;0;T;True;2
1621264714000;11572407;0.86033;0.86045;0.86039;1;T;True;2
1621264715000;11572408;0.86033;0.86045;0.86039;0;T;True;2
1621264716000;11572409;0.86033;0.86045;0.86039;0;T;True;2
1621264717000;11572410;0.86033;0.86045;0.86039;0;T;True;2
1621264718000;11572411;0.86033;0.86045;0.86039;0;T;True;2
1621264719000;11572412;0.86033;0.86045;0.86039;0;T;True;2
1621264720000;11572413;0.86033;0.86045;0.86039;0;T;True;2
1621264721000;11572414;0.86033;0.86045;0.86039;0;T;True;2
1621264722000;11572415;0.86033;0.86045;0.86039;0;T;True;2
1621264723000;11572417;0.86034;0.86046;0.8604;1;T;True;2
1621264724000;11572419;0.86033;0.86045;0.86039;1;T;True;2
1621264725000;11572420;0.86033;0.86045;0.86039;0;T;True;2
1621264726000;11572421;0.86033;0.86045;0.86039;0;T;True;2
1621264727000;11572422;0.86033;0.86045;0.86039;0;T;True;2
1621264728000;11572423;0.86033;0.86045;0.86039;0;T;True;2
1621264729000;11572425;0.86033;0.86045;0.86039;1;T;True;2
1621264730000;11572428;0.86033;0.86045;0.86039;2;T;True;2
1621264731000;11572432;0.86033;0.86045;0.86039;3;T;True;2
1621264732000;11572433;0.86033;0.86045;0.86039;0;T;True;2
1621264733000;11572434;0.86033;0.86045;0.86039;0;T;True;2
1621264734000;11572435;0.86033;0.86045;0.86039;0;T;True;2
1621264735000;11572436;0.86033;0.86045;0.86039;0;T;True;2
1621264736000;11572437;0.86033;0.86045;0.86039;0;T;True;2
1621264737000;11572438;0.86033;0.86045;0.86039;0;T;True;2
1621264738000;11572439;0.86033;0.86045;0.86039;0;T;True;2
1621264739000;11572440;0.86033;0.86045;0.86039;0;T;True;2
1621264740000;11572445;0.86035;0.86047;0.86041;4;T;True;2
1621264741000;11572450;0.86034;0.86046;0.8604;4;T;True;2
1621264742000;11572451;0.86034;0.86046;0.8604;0;T;True;2
1621264743000;11572452;0.86034;0.86046;0.8604;0;T;True;2
1621264744000;11572455;0.86031;0.86043;0.86037;2;T;True;2
1621264745000;11572456;0.86031;0.86043;0.86037;0;T;True;2
1621264746000;11572459;0.86031;0.86043;0.86037;2;T;True;2
1621264747000;11572460;0.86031;0.86043;0.86037;0;T;True;2
1621264748000;11572467;0.86035;0.86047;0.86041;6;T;True;2
1621264749000;11572471;0.86036;0.86048;0.86042;3;T;True;2
1621264750000;11572474;0.86037;0.86049;0.86043;2;T;True;2
1621264751000;11572479;0.86035;0.86047;0.86041;4;T;True;2
1621264752000;11572483;0.86035;0.86047;0.86041;3;T;True;2
1621264753000;11572484;0.86035;0.86047;0.86041;0;T;True;2
1621264754000;11572486;0.86035;0.86047;0.86041;1;T;True;2
1621264755000;11572488;0.86035;0.86047;0.86041;1;T;True;2
1621264756000;11572490;0.86035;0.86047;0.86041;1;T;True;2
1621264757000;11572492;0.86035;0.86047;0.86041;1;T;True;2
1621264758000;11572493;0.86035;0.86047;0.86041;0;T;True;2
1621264759000;11572494;0.86035;0.86047;0.86041;0;T;True;2
1621264760000;11572495;0.86035;0.86047;0.86041;0;T;True;2
1621264761000;11572500;0.86035;0.86047;0.86041;4;T;True;2
1621264762000;11572501;0.86035;0.86047;0.86041;0;T;True;2
1621264763000;11572502;0.86035;0.86047;0.86041;0;T;True;2
1621264764000;11572505;0.86035;0.86047;0.86041;2;T;True;2
1621264765000;11572506;0.86035;0.86047;0.86041;0;T;True;2
1621264766000;11572508;0.86035;0.86047;0.86041;1;T;True;2
1621264767000;11572510;0.86035;0.86047;0.86041;1;T;True;2
1621264768000;11572511;0.86035;0.86047;0.86041;0;T;True;2
1621264769000;11572512;0.86035;0.86047;0.86041;0;T;True;2
1621264770000;11572513;0.86035;0.86047;0.86041;0;T;True;2
1621264771000;11572514;0.86035;0.86047;0.86041;0;T;True;2
1621264772000;11572515;0.86035;0.86047;0.86041;0;T;True;2
1621264773000;11572516;0.86035;0.86047;0.86041;0;T;True;2
1621264774000;11572518;0.86037;0.86049;0.86043;1;T;True;2
1621264775000;11572520;0.86037;0.86049;0.86043;1;T;True;2
1621264776000;11572521;0.86037;0.86049;0.86043;0;T;True;2
1621264777000;11572522;0.86037;0.86049;0.86043;0;T;True;2
1621264778000;11572523;0.86037;0.86049;0.86043;0;T;True;2
1621264779000;11572524;0.86037;0.86049;0.86043;0;T;True;2
1621264780000;11572526;0.86037;0.86049;0.86043;1;T;True;2
1621264781000;11572527;0.86037;0.86049;0.86043;0;T;True;2
1621264782000;11572528;0.86037;0.86049;0.86043;0;T;True;2
1621264783000;11572530;0.86041;0.86053;0.86047;1;T;True;2
1621264784000;11572532;0.86042;0.86054;0.86048;1;T;True;2
1621264785000;11572533;0.86042;0.86054;0.86048;0;T;True;2
1621264786000;11572534;0.86042;0.86054;0.86048;0;T;True;2
1621264787000;11572535;0.86042;0.86054;0.86048;0;T;True;2
1621264788000;11572536;0.86042;0.86054;0.86048;0;T;True;2
1621264789000;11572537;0.86042;0.86054;0.86048;0;T;True;2
1621264790000;11572538;0.86042;0.86054;0.86048;0;T;True;2
1621264791000;11572540;0.86042;0.86054;0.86048;1;T;True;2
1621264792000;11572541;0.86042;0.86054;0.86048;0;T;True;2
1621264793000;11572544;0.86045;0.86057;0.86051;2;T;True;2
1621264794000;11572545;0.86045;0.86057;0.86051;0;T;True;2
1621264795000;11572546;0.86045;0.86057;0.86051;0;T;True;2
1621264796000;11572547;0.86045;0.86057;0.86051;0;T;True;2
1621264797000;11572548;0.86045;0.86057;0.86051;0;T;True;2
1621264798000;11572549;0.86045;0.86057;0.86051;0;T;True;2
1621264799000;11572550;0.86045;0.86057;0.86051;0;T;True;2
1621264800000;11572551;0.86045;0.86057;0.86051;0;T;True;2
1621264801000;11572553;0.86045;0.86057;0.86051;1;T;True;2
1621264802000;11572554;0.86045;0.86057;0.86051;0;T;True;2
1621264803000;11572555;0.86045;0.86057;0.86051;0;T;True;2
1621264804000;11572558;0.86047;0.86059;0.86053;2;T;True;2
1621264805000;11572563;0.86047;0.86059;0.86053;4;T;True;2
1621264806000;11572566;0.86044;0.86056;0.8605;2;T;True;2
1621264807000;11572567;0.86044;0.86056;0.8605;0;T;True;2
1621264808000;11572569;0.86043;0.86055;0.86049;1;T;True;2
1621264809000;11572572;0.86042;0.86054;0.86048;2;T;True;2
1621264810000;11572575;0.86042;0.86054;0.86048;2;T;True;2
1621264811000;11572576;0.86042;0.86054;0.86048;0;T;True;2
1621264812000;11572580;0.86039;0.86051;0.86045;3;T;True;2
1621264813000;11572581;0.86039;0.86051;0.86045;0;T;True;2
1621264814000;11572583;0.86039;0.86051;0.86045;1;T;True;2
1621264815000;11572585;0.86041;0.86053;0.86047;1;T;True;2
1621264816000;11572586;0.86041;0.86053;0.86047;0;T;True;2
1621264817000;11572587;0.86041;0.86053;0.86047;0;T;True;2
1621264818000;11572588;0.86041;0.86053;0.86047;0;T;True;2
1621264819000;11572590;0.86039;0.86051;0.86045;1;T;True;2
1621264820000;11572592;0.8604;0.86052;0.86046;1;T;True;2
1621264821000;11572593;0.8604;0.86052;0.86046;0;T;True;2
1621264822000;11572595;0.86041;0.86053;0.86047;1;T;True;2
1621264823000;11572596;0.86041;0.86053;0.86047;0;T;True;2
1621264824000;11572601;0.86041;0.86053;0.86047;4;T;True;2
1621264825000;11572604;0.86041;0.86053;0.86047;2;T;True;2
1621264826000;11572606;0.86041;0.86053;0.86047;1;T;True;2
1621264827000;11572610;0.86043;0.86055;0.86049;3;T;True;2
1621264828000;11572611;0.86043;0.86055;0.86049;0;T;True;2
1621264829000;11572612;0.86043;0.86055;0.86049;0;T;True;2
1621264830000;11572613;0.86043;0.86055;0.86049;0;T;True;2
1621264831000;11572617;0.86043;0.86055;0.86049;3;T;True;2
1621264832000;11572618;0.86043;0.86055;0.86049;0;T;True;2
1621264833000;11572622;0.86043;0.86055;0.86049;3;T;True;2
1621264834000;11572624;0.86043;0.86055;0.86049;1;T;True;2
1621264835000;11572627;0.86043;0.86055;0.86049;2;T;True;2
1621264836000;11572628;0.86043;0.86055;0.86049;0;T;True;2
1621264837000;11572629;0.86043;0.86055;0.86049;0;T;True;2
1621264838000;11572630;0.86043;0.86055;0.86049;0;T;True;2
1621264839000;11572636;0.86047;0.86059;0.86053;5;T;True;2
1621264840000;11572637;0.86047;0.86059;0.86053;0;T;True;2
1621264841000;11572644;0.86053;0.86065;0.86059;6;T;True;2
1621264842000;11572645;0.86053;0.86065;0.86059;0;T;True;2
1621264843000;11572648;0.86052;0.86064;0.86058;2;T;True;2
1621264844000;11572650;0.86053;0.86065;0.86059;1;T;True;2
1621264845000;11572652;0.86052;0.86064;0.86058;1;T;True;2
1621264846000;11572656;0.86051;0.86063;0.86057;3;T;True;2
1621264847000;11572657;0.86051;0.86063;0.86057;0;T;True;2
1621264848000;11572658;0.86051;0.86063;0.86057;0;T;True;2
1621264849000;11572660;0.86051;0.86063;0.86057;1;T;True;2
1621264850000;11572663;0.86051;0.86063;0.86057;2;T;True;2
1621264851000;11572664;0.86051;0.86063;0.86057;0;T;True;2
1621264852000;11572665;0.86051;0.86063;0.86057;0;T;True;2
1621264853000;11572666;0.86051;0.86063;0.86057;0;T;True;2
1621264854000;11572669;0.86049;0.86061;0.86055;2;T;True;2
1621264855000;11572670;0.86049;0.86061;0.86055;0;T;True;2
1621264856000;11572671;0.86049;0.86061;0.86055;0;T;True;2
1621264857000;11572676;0.86052;0.86064;0.86058;4;T;True;2
1621264858000;11572679;0.86051;0.86063;0.86057;2;T;True;2
1621264859000;11572680;0.86051;0.86063;0.86057;0;T;True;2
1621264860000;11572681;0.86051;0.86063;0.86057;0;T;True;2
1621264861000;11572684;0.8605;0.86062;0.86056;2;T;True;2
1621264862000;11572687;0.8605;0.86062;0.86056;2;T;True;2
1621264863000;11572689;0.86049;0.86061;0.86055;1;T;True;2
1621264864000;11572691;0.86049;0.86061;0.86055;1;T;True;2
1621264865000;11572695;0.86047;0.86059;0.86053;3;T;True;2
1621264866000;11572696;0.86047;0.86059;0.86053;0;T;True;2
1621264867000;11572697;0.86047;0.86059;0.86053;0;T;True;2
1621264868000;11572698;0.86047;0.86059;0.86053;0;T;True;2
1621264869000;11572699;0.86047;0.86059;0.86053;0;T;True;2
1621264870000;11572702;0.86047;0.86059;0.86053;2;T;True;2
1621264871000;11572705;0.86047;0.86059;0.86053;2;T;True;2
1621264872000;11572706;0.86047;0.86059;0.86053;0;T;True;2
1621264873000;11572707;0.86047;0.86059;0.86053;0;T;True;2
1621264874000;11572708;0.86047;0.86059;0.86053;0;T;True;2
1621264875000;11572709;0.86047;0.86059;0.86053;0;T;True;2
1621264876000;11572710;0.86047;0.86059;0.86053;0;T;True;2
1621264877000;11572712;0.86047;0.86059;0.86053;1;T;True;2
1621264878000;11572713;0.86047;0.86059;0.86053;0;T;True;2
1621264879000;11572714;0.86047;0.86059;0.86053;0;T;True;2
1621264880000;11572716;0.86047;0.86059;0.86053;1;T;True;2
1621264881000;11572717;0.86047;0.86059;0.86053;0;T;True;2
1621264882000;11572718;0.86047;0.86059;0.86053;0;T;True;2
1621264883000;11572719;0.86047;0.86059;0.86053;0;T;True;2
1621264884000;11572721;0.86046;0.86058;0.86052;1;T;True;2
1621264885000;11572723;0.86045;0.86057;0.86051;1;T;True;2
1621264886000;11572724;0.86045;0.86057;0.86051;0;T;True;2
1621264887000;11572726;0.86045;0.86057;0.86051;1;T;True;2
1621264888000;11572727;0.86045;0.86057;0.86051;0;T;True;2
1621264889000;11572728;0.86045;0.86057;0.86051;0;T;True;2
1621264890000;11572729;0.86045;0.86057;0.86051;0;T;True;2
1621264891000;11572731;0.86045;0.86057;0.86051;1;T;True;2
1621264892000;11572732;0.86045;0.86057;0.86051;0;T;True;2
1621264893000;11572733;0.86045;0.86057;0.86051;0;T;True;2
1621264894000;11572739;0.86046;0.86058;0.86052;5;T;True;2
1621264895000;11572744;0.86049;0.86061;0.86055;4;T;True;2
1621264896000;11572747;0.86049;0.86061;0.86055;2;T;True;2
1621264897000;11572748;0.86049;0.86061;0.86055;0;T;True;2
1621264898000;11572749;0.86049;0.86061;0.86055;0;T;True;2
1621264899000;11572750;0.86049;0.86061;0.86055;0;T;True;2
1621264900000;11572751;0.86049;0.86061;0.86055;0;T;True;2
1621264901000;11572752;0.86049;0.86061;0.86055;0;T;True;2
1621264902000;11572754;0.86047;0.86059;0.86053;1;T;True;2
1621264903000;11572755;0.86047;0.86059;0.86053;0;T;True;2
1621264904000;11572756;0.86047;0.86059;0.86053;0;T;True;2
1621264905000;11572758;0.86047;0.86059;0.86053;1;T;True;2
1621264906000;11572759;0.86047;0.86059;0.86053;0;T;True;2
1621264907000;11572760;0.86047;0.86059;0.86053;0;T;True;2
1621264908000;11572762;0.86047;0.86059;0.86053;1;T;True;2
1621264909000;11572764;0.86047;0.86059;0.86053;1;T;True;2
1621264910000;11572766;0.86047;0.86059;0.86053;1;T;True;2
1621264911000;11572767;0.86047;0.86059;0.86053;0;T;True;2
1621264912000;11572768;0.86047;0.86059;0.86053;0;T;True;2
1621264913000;11572771;0.86049;0.86061;0.86055;2;T;True;2
1621264914000;11572773;0.86049;0.86061;0.86055;1;T;True;2
1621264915000;11572776;0.86049;0.86061;0.86055;2;T;True;2
1621264916000;11572778;0.86048;0.8606;0.86054;1;T;True;2
1621264917000;11572779;0.86048;0.8606;0.86054;0;T;True;2
1621264918000;11572782;0.86047;0.86059;0.86053;2;T;True;2
1621264919000;11572791;0.86047;0.86059;0.86053;8;T;True;2
1621264920000;11572792;0.86047;0.86059;0.86053;0;T;True;2
1621264921000;11572794;0.86047;0.86059;0.86053;1;T;True;2
1621264922000;11572796;0.86047;0.86059;0.86053;1;T;True;2
1621264923000;11572799;0.86049;0.86061;0.86055;2;T;True;2
1621264924000;11572802;0.86047;0.86059;0.86053;2;T;True;2
1621264925000;11572803;0.86047;0.86059;0.86053;0;T;True;2
1621264926000;11572804;0.86047;0.86059;0.86053;0;T;True;2
1621264927000;11572808;0.86046;0.86058;0.86052;3;T;True;2
1621264928000;11572816;0.86042;0.86054;0.86048;7;T;True;2
1621264929000;11572820;0.86042;0.86054;0.86048;3;T;True;2
1621264930000;11572824;0.86043;0.86055;0.86049;3;T;True;2
1621264931000;11572825;0.86043;0.86055;0.86049;0;T;True;2
1621264932000;11572826;0.86043;0.86055;0.86049;0;T;True;2
1621264933000;11572830;0.8604;0.86052;0.86046;3;T;True;2
1621264934000;11572835;0.86038;0.8605;0.86044;4;T;True;2
1621264935000;11572838;0.86037;0.86049;0.86043;2;T;True;2
1621264936000;11572839;0.86037;0.86049;0.86043;0;T;True;2
1621264937000;11572840;0.86037;0.86049;0.86043;0;T;True;2
1621264938000;11572847;0.86035;0.86047;0.86041;6;T;True;2
1621264939000;11572851;0.86033;0.86045;0.86039;3;T;True;2
1621264940000;11572852;0.86033;0.86045;0.86039;0;T;True;2
1621264941000;11572859;0.86033;0.86045;0.86039;6;T;True;2
1621264942000;11572860;0.86033;0.86045;0.86039;0;T;True;2
1621264943000;11572862;0.86033;0.86045;0.86039;1;T;True;2
1621264944000;11572866;0.86032;0.86044;0.86038;3;T;True;2
1621264945000;11572870;0.86031;0.86043;0.86037;3;T;True;2
1621264946000;11572872;0.8603;0.86042;0.86036;1;T;True;2
1621264947000;11572873;0.8603;0.86042;0.86036;0;T;True;2
1621264948000;11572877;0.86031;0.86043;0.86037;3;T;True;2
1621264949000;11572879;0.86031;0.86043;0.86037;1;T;True;2
1621264950000;11572880;0.86031;0.86043;0.86037;0;T;True;2
1621264951000;11572882;0.86033;0.86045;0.86039;1;T;True;2
1621264952000;11572883;0.86033;0.86045;0.86039;0;T;True;2
1621264953000;11572884;0.86033;0.86045;0.86039;0;T;True;2
1621264954000;11572887;0.86031;0.86043;0.86037;2;T;True;2
1621264955000;11572891;0.86032;0.86044;0.86038;3;T;True;2
1621264956000;11572892;0.86032;0.86044;0.86038;0;T;True;2
1621264957000;11572893;0.86032;0.86044;0.86038;0;T;True;2
1621264958000;11572895;0.86033;0.86045;0.86039;1;T;True;2
1621264959000;11572896;0.86033;0.86045;0.86039;0;T;True;2
1621264960000;11572897;0.86033;0.86045;0.86039;0;T;True;2
1621264961000;11572898;0.86033;0.86045;0.86039;0;T;True;2
1621264962000;11572899;0.86033;0.86045;0.86039;0;T;True;2
1621264963000;11572900;0.86033;0.86045;0.86039;0;T;True;2
1621264964000;11572901;0.86033;0.86045;0.86039;0;T;True;2
1621264965000;11572902;0.86033;0.86045;0.86039;0;T;True;2
1621264966000;11572903;0.86033;0.86045;0.86039;0;T;True;2
1621264967000;11572904;0.86033;0.86045;0.86039;0;T;True;2
1621264968000;11572907;0.86033;0.86045;0.86039;2;T;True;2
1621264969000;11572909;0.86034;0.86046;0.8604;1;T;True;2
1621264970000;11572912;0.86035;0.86047;0.86041;2;T;True;2
1621264971000;11572914;0.86034;0.86046;0.8604;1;T;True;2
1621264972000;11572915;0.86034;0.86046;0.8604;0;T;True;2
1621264973000;11572921;0.86033;0.86045;0.86039;5;T;True;2
1621264974000;11572922;0.86033;0.86045;0.86039;0;T;True;2
1621264975000;11572927;0.86035;0.86047;0.86041;4;T;True;2
1621264976000;11572929;0.86033;0.86045;0.86039;1;T;True;2
1621264977000;11572931;0.86033;0.86045;0.86039;1;T;True;2
1621264978000;11572932;0.86033;0.86045;0.86039;0;T;True;2
1621264979000;11572936;0.86032;0.86044;0.86038;3;T;True;2
1621264980000;11572940;0.86034;0.86046;0.8604;3;T;True;2
1621264981000;11572943;0.86034;0.86046;0.8604;2;T;True;2
1621264982000;11572944;0.86034;0.86046;0.8604;0;T;True;2
1621264983000;11572946;0.86035;0.86047;0.86041;1;T;True;2
1621264984000;11572950;0.86035;0.86047;0.86041;3;T;True;2
1621264985000;11572956;0.86038;0.8605;0.86044;5;T;True;2
1621264986000;11572957;0.86038;0.8605;0.86044;0;T;True;2
1621264987000;11572958;0.86038;0.8605;0.86044;0;T;True;2
1621264988000;11572960;0.86039;0.86051;0.86045;1;T;True;2
1621264989000;11572961;0.86039;0.86051;0.86045;0;T;True;2
1621264990000;11572963;0.86039;0.86051;0.86045;1;T;True;2
1621264991000;11572966;0.8604;0.86052;0.86046;2;T;True;2
1621264992000;11572969;0.86041;0.86053;0.86047;2;T;True;2
1621264993000;11572971;0.86041;0.86053;0.86047;1;T;True;2
1621264994000;11572973;0.86041;0.86053;0.86047;1;T;True;2
1621264995000;11572975;0.86041;0.86053;0.86047;1;T;True;2
1621264996000;11572976;0.86041;0.86053;0.86047;0;T;True;2
1621264997000;11572977;0.86041;0.86053;0.86047;0;T;True;2
1621264998000;11572978;0.86041;0.86053;0.86047;0;T;True;2
1621264999000;11572980;0.86041;0.86053;0.86047;1;T;True;2
1621265000000;11572981;0.86041;0.86053;0.86047;0;T;True;2
1621265001000;11572983;0.86041;0.86053;0.86047;1;T;True;2
1621265002000;11572984;0.86041;0.86053;0.86047;0;T;True;2
1621265003000;11572985;0.86041;0.86053;0.86047;0;T;True;2
1621265004000;11572988;0.86042;0.86054;0.86048;2;T;True;2
1621265005000;11572990;0.86043;0.86055;0.86049;1;T;True;2
1621265006000;11572991;0.86043;0.86055;0.86049;0;T;True;2
1621265007000;11572992;0.86043;0.86055;0.86049;0;T;True;2
1621265008000;11572993;0.86043;0.86055;0.86049;0;T;True;2
1621265009000;11572995;0.86041;0.86053;0.86047;1;T;True;2
1621265010000;11572998;0.86041;0.86053;0.86047;2;T;True;2
1621265011000;11572999;0.86041;0.86053;0.86047;0;T;True;2
1621265012000;11573000;0.86041;0.86053;0.86047;0;T;True;2
1621265013000;11573003;0.86043;0.86055;0.86049;2;T;True;2
1621265014000;11573006;0.86043;0.86055;0.86049;2;T;True;2
1621265015000;11573008;0.86044;0.86056;0.8605;1;T;True;2
1621265016000;11573012;0.86046;0.86058;0.86052;3;T;True;2
1621265017000;11573015;0.86048;0.8606;0.86054;2;T;True;2
1621265018000;11573018;0.86047;0.86059;0.86053;2;T;True;2
1621265019000;11573020;0.86047;0.86059;0.86053;1;T;True;2
1621265020000;11573022;0.86046;0.86058;0.86052;1;T;True;2
1621265021000;11573023;0.86046;0.86058;0.86052;0;T;True;2
1621265022000;11573025;0.86046;0.86058;0.86052;1;T;True;2
1621265023000;11573029;0.86044;0.86056;0.8605;3;T;True;2
1621265024000;11573030;0.86044;0.86056;0.8605;0;T;True;2
1621265025000;11573032;0.86043;0.86055;0.86049;1;T;True;2
1621265026000;11573034;0.86043;0.86055;0.86049;1;T;True;2
1621265027000;11573038;0.86041;0.86053;0.86047;3;T;True;2
1621265028000;11573040;0.8604;0.86052;0.86046;1;T;True;2
1621265029000;11573041;0.8604;0.86052;0.86046;0;T;True;2
1621265030000;11573042;0.8604;0.86052;0.86046;0;T;True;2
1621265031000;11573043;0.8604;0.86052;0.86046;0;T;True;2
1621265032000;11573045;0.8604;0.86052;0.86046;1;T;True;2
1621265033000;11573047;0.86039;0.86051;0.86045;1;T;True;2
1621265034000;11573049;0.86039;0.86051;0.86045;1;T;True;2
1621265035000;11573051;0.8604;0.86052;0.86046;1;T;True;2
1621265036000;11573052;0.8604;0.86052;0.86046;0;T;True;2
1621265037000;11573053;0.8604;0.86052;0.86046;0;T;True;2
1621265038000;11573054;0.8604;0.86052;0.86046;0;T;True;2
1621265039000;11573055;0.8604;0.86052;0.86046;0;T;True;2
1621265040000;11573056;0.8604;0.86052;0.86046;0;T;True;2
1621265041000;11573057;0.8604;0.86052;0.86046;0;T;True;2
1621265042000;11573059;0.86041;0.86053;0.86047;1;T;True;2
1621265043000;11573060;0.86041;0.86053;0.86047;0;T;True;2
1621265044000;11573061;0.86041;0.86053;0.86047;0;T;True;2
1621265045000;11573062;0.86041;0.86053;0.86047;0;T;True;2
1621265046000;11573063;0.86041;0.86053;0.86047;0;T;True;2
1621265047000;11573064;0.86041;0.86053;0.86047;0;T;True;2
1621265048000;11573067;0.8604;0.86052;0.86046;2;T;True;2
1621265049000;11573069;0.86039;0.86051;0.86045;1;T;True;2
1621265050000;11573070;0.86039;0.86051;0.86045;0;T;True;2
1621265051000;11573071;0.86039;0.86051;0.86045;0;T;True;2
1621265052000;11573072;0.86039;0.86051;0.86045;0;T;True;2
1621265053000;11573073;0.86039;0.86051;0.86045;0;T;True;2
1621265054000;11573074;0.86039;0.86051;0.86045;0;T;True;2
1621265055000;11573075;0.86039;0.86051;0.86045;0;T;True;2
1621265056000;11573079;0.86041;0.86053;0.86047;3;T;True;2
1621265057000;11573081;0.86041;0.86053;0.86047;1;T;True;2
1621265058000;11573082;0.86041;0.86053;0.86047;0;T;True;2
1621265059000;11573083;0.86041;0.86053;0.86047;0;T;True;2
1621265060000;11573084;0.86041;0.86053;0.86047;0;T;True;2
1621265061000;11573085;0.86041;0.86053;0.86047;0;T;True;2
1621265062000;11573086;0.86041;0.86053;0.86047;0;T;True;2
1621265063000;11573089;0.86041;0.86053;0.86047;2;T;True;2
1621265064000;11573090;0.86041;0.86053;0.86047;0;T;True;2
1621265065000;11573091;0.86041;0.86053;0.86047;0;T;True;2
1621265066000;11573092;0.86041;0.86053;0.86047;0;T;True;2
1621265067000;11573093;0.86041;0.86053;0.86047;0;T;True;2
1621265068000;11573096;0.86041;0.86053;0.86047;2;T;True;2
1621265069000;11573098;0.86041;0.86053;0.86047;1;T;True;2
1621265070000;11573099;0.86041;0.86053;0.86047;0;T;True;2
1621265071000;11573101;0.86043;0.86055;0.86049;1;T;True;2
1621265072000;11573102;0.86043;0.86055;0.86049;0;T;True;2
1621265073000;11573107;0.86048;0.8606;0.86054;4;T;True;2
1621265074000;11573109;0.86049;0.86061;0.86055;1;T;True;2
1621265075000;11573113;0.86052;0.86064;0.86058;3;T;True;2
1621265076000;11573114;0.86052;0.86064;0.86058;0;T;True;2
1621265077000;11573116;0.86051;0.86063;0.86057;1;T;True;2
1621265078000;11573118;0.86052;0.86064;0.86058;1;T;True;2
1621265079000;11573122;0.8605;0.86062;0.86056;3;T;True;2
1621265080000;11573123;0.8605;0.86062;0.86056;0;T;True;2
1621265081000;11573125;0.86051;0.86063;0.86057;1;T;True;2
1621265082000;11573126;0.86051;0.86063;0.86057;0;T;True;2
1621265083000;11573127;0.86051;0.86063;0.86057;0;T;True;2
1621265084000;11573128;0.86051;0.86063;0.86057;0;T;True;2
1621265085000;11573129;0.86051;0.86063;0.86057;0;T;True;2
1621265086000;11573130;0.86051;0.86063;0.86057;0;T;True;2
1621265087000;11573134;0.86049;0.86061;0.86055;3;T;True;2
1621265088000;11573135;0.86049;0.86061;0.86055;0;T;True;2
1621265089000;11573140;0.86051;0.86063;0.86057;4;T;True;2
1621265090000;11573141;0.86051;0.86063;0.86057;0;T;True;2
1621265091000;11573142;0.86051;0.86063;0.86057;0;T;True;2
1621265092000;11573143;0.86051;0.86063;0.86057;0;T;True;2
1621265093000;11573148;0.86047;0.86059;0.86053;4;T;True;2
1621265094000;11573151;0.86047;0.86059;0.86053;2;T;True;2
1621265095000;11573152;0.86047;0.86059;0.86053;0;T;True;2
1621265096000;11573153;0.86047;0.86059;0.86053;0;T;True;2
1621265097000;11573155;0.86046;0.86058;0.86052;1;T;True;2
1621265098000;11573158;0.86046;0.86058;0.86052;2;T;True;2
1621265099000;11573159;0.86046;0.86058;0.86052;0;T;True;2
1621265100000;11573160;0.86046;0.86058;0.86052;0;T;True;2
1621265101000;11573164;0.86044;0.86056;0.8605;3;T;True;2
1621265102000;11573165;0.86044;0.86056;0.8605;0;T;True;2
1621265103000;11573168;0.86043;0.86055;0.86049;2;T;True;2
1621265104000;11573169;0.86043;0.86055;0.86049;0;T;True;2
1621265105000;11573170;0.86043;0.86055;0.86049;0;T;True;2
1621265106000;11573171;0.86043;0.86055;0.86049;0;T;True;2
1621265107000;11573172;0.86043;0.86055;0.86049;0;T;True;2
1621265108000;11573175;0.86043;0.86055;0.86049;2;T;True;2
1621265109000;11573176;0.86043;0.86055;0.86049;0;T;True;2
1621265110000;11573177;0.86043;0.86055;0.86049;0;T;True;2
1621265111000;11573180;0.86042;0.86054;0.86048;2;T;True;2
1621265112000;11573184;0.86043;0.86055;0.86049;3;T;True;2
1621265113000;11573185;0.86043;0.86055;0.86049;0;T;True;2
1621265114000;11573186;0.86043;0.86055;0.86049;0;T;True;2
1621265115000;11573187;0.86043;0.86055;0.86049;0;T;True;2
1621265116000;11573195;0.86047;0.86059;0.86053;7;T;True;2
1621265117000;11573201;0.86047;0.86059;0.86053;5;T;True;2
1621265118000;11573202;0.86047;0.86059;0.86053;0;T;True;2
1621265119000;11573203;0.86047;0.86059;0.86053;0;T;True;2
1621265120000;11573207;0.86046;0.86058;0.86052;3;T;True;2
1621265121000;11573208;0.86046;0.86058;0.86052;0;T;True;2
1621265122000;11573213;0.86045;0.86057;0.86051;4;T;True;2
1621265123000;11573217;0.86047;0.86059;0.86053;3;T;True;2
1621265124000;11573222;0.86046;0.86058;0.86052;4;T;True;2
1621265125000;11573224;0.86046;0.86058;0.86052;1;T;True;2
1621265126000;11573226;0.86046;0.86058;0.86052;1;T;True;2
1621265127000;11573227;0.86046;0.86058;0.86052;0;T;True;2
1621265128000;11573228;0.86046;0.86058;0.86052;0;T;True;2
1621265129000;11573235;0.8605;0.86062;0.86056;6;T;True;2
1621265130000;11573236;0.8605;0.86062;0.86056;0;T;True;2
1621265131000;11573238;0.86051;0.86063;0.86057;1;T;True;2
1621265132000;11573239;0.86051;0.86063;0.86057;0;T;True;2
1621265133000;11573240;0.86051;0.86063;0.86057;0;T;True;2
1621265134000;11573242;0.86053;0.86065;0.86059;1;T;True;2
1621265135000;11573243;0.86053;0.86065;0.86059;0;T;True;2
1621265136000;11573245;0.86053;0.86065;0.86059;1;T;True;2
1621265137000;11573246;0.86053;0.86065;0.86059;0;T;True;2
1621265138000;11573248;0.86054;0.86066;0.8606;1;T;True;2
1621265139000;11573251;0.86054;0.86066;0.8606;2;T;True;2
1621265140000;11573254;0.86053;0.86065;0.86059;2;T;True;2
1621265141000;11573255;0.86053;0.86065;0.86059;0;T;True;2
1621265142000;11573257;0.86052;0.86064;0.86058;1;T;True;2
1621265143000;11573259;0.86051;0.86063;0.86057;1;T;True;2
1621265144000;11573260;0.86051;0.86063;0.86057;0;T;True;2
1621265145000;11573261;0.86051;0.86063;0.86057;0;T;True;2
1621265146000;11573262;0.86051;0.86063;0.86057;0;T;True;2
1621265147000;11573263;0.86051;0.86063;0.86057;0;T;True;2
1621265148000;11573266;0.86051;0.86063;0.86057;2;T;True;2
1621265149000;11573268;0.86051;0.86063;0.86057;1;T;True;2
1621265150000;11573269;0.86051;0.86063;0.86057;0;T;True;2
1621265151000;11573270;0.86051;0.86063;0.86057;0;T;True;2
1621265152000;11573272;0.86051;0.86063;0.86057;1;T;True;2
1621265153000;11573273;0.86051;0.86063;0.86057;0;T;True;2
1621265154000;11573274;0.86051;0.86063;0.86057;0;T;True;2
1621265155000;11573275;0.86051;0.86063;0.86057;0;T;True;2
1621265156000;11573277;0.86052;0.86064;0.86058;1;T;True;2
1621265157000;11573278;0.86052;0.86064;0.86058;0;T;True;2
1621265158000;11573280;0.86051;0.86063;0.86057;1;T;True;2
1621265159000;11573282;0.86052;0.86064;0.86058;1;T;True;2
1621265160000;11573285;0.86051;0.86063;0.86057;2;T;True;2
1621265161000;11573289;0.86051;0.86063;0.86057;3;T;True;2
1621265162000;11573291;0.86051;0.86063;0.86057;1;T;True;2
1621265163000;11573293;0.86051;0.86063;0.86057;1;T;True;2
1621265164000;11573294;0.86051;0.86063;0.86057;0;T;True;2
1621265165000;11573295;0.86051;0.86063;0.86057;0;T;True;2
1621265166000;11573299;0.86049;0.86061;0.86055;3;T;True;2
1621265167000;11573300;0.86049;0.86061;0.86055;0;T;True;2
1621265168000;11573301;0.86049;0.86061;0.86055;0;T;True;2
1621265169000;11573302;0.86049;0.86061;0.86055;0;T;True;2
1621265170000;11573304;0.86047;0.86059;0.86053;1;T;True;2
1621265171000;11573305;0.86047;0.86059;0.86053;0;T;True;2
1621265172000;11573306;0.86047;0.86059;0.86053;0;T;True;2
1621265173000;11573307;0.86047;0.86059;0.86053;0;T;True;2
1621265174000;11573308;0.86047;0.86059;0.86053;0;T;True;2
1621265175000;11573309;0.86047;0.86059;0.86053;0;T;True;2
1621265176000;11573311;0.86047;0.86059;0.86053;1;T;True;2
1621265177000;11573312;0.86047;0.86059;0.86053;0;T;True;2
1621265178000;11573313;0.86047;0.86059;0.86053;0;T;True;2
1621265179000;11573314;0.86047;0.86059;0.86053;0;T;True;2
1621265180000;11573315;0.86047;0.86059;0.86053;0;T;True;2
1621265181000;11573320;0.86042;0.86054;0.86048;4;T;True;2
1621265182000;11573323;0.86043;0.86055;0.86049;2;T;True;2
1621265183000;11573327;0.86043;0.86055;0.86049;3;T;True;2
1621265184000;11573328;0.86043;0.86055;0.86049;0;T;True;2
1621265185000;11573329;0.86043;0.86055;0.86049;0;T;True;2
1621265186000;11573330;0.86043;0.86055;0.86049;0;T;True;2
1621265187000;11573331;0.86043;0.86055;0.86049;0;T;True;2
