ts;n;bid;ask;value;volume;phase;round;active_id
1621258062000;11555142;0.86088;0.861;0.86094;1;T;True;2
1621258063000;11555143;0.86088;0.861;0.86094;0;T;True;2
1621258064000;11555144;0.86088;0.861;0.86094;0;T;True;2
1621258065000;11555145;0.86088;0.861;0.86094;0;T;True;2
1621258066000;11555146;0.86088;0.861;0.86094;0;T;True;2
1621258067000;11555147;0.86088;0.861;0.86094;0;T;True;2
1621258068000;11555148;0.86088;0.861;0.86094;0;T;True;2
1621258069000;11555149;0.86088;0.861;0.86094;0;T;True;2
1621258070000;11555151;0.86088;0.861;0.86094;1;T;True;2
1621258071000;11555152;0.86088;0.861;0.86094;0;T;True;2
1621258072000;11555153;0.86088;0.861;0.86094;0;T;True;2
1621258073000;11555154;0.86088;0.861;0.86094;0;T;True;2
1621258074000;11555155;0.86088;0.861;0.86094;0;T;True;2
1621258075000;11555156;0.86088;0.861;0.86094;0;T;True;2
1621258076000;11555157;0.86088;0.861;0.86094;0;T;True;2
1621258077000;11555158;0.86088;0.861;0.86094;0;T;True;2
1621258078000;11555159;0.86088;0.861;0.86094;0;T;True;2
1621258079000;11555161;0.86087;0.86099;0.86093;1;T;True;2
1621258080000;11555166;0.86091;0.86103;0.86097;4;T;True;2
1621258081000;11555171;0.86093;0.86105;0.86099;4;T;True;2
1621258082000;11555176;0.86095;0.86107;0.86101;4;T;True;2
1621258083000;11555177;0.86095;0.86107;0.86101;0;T;True;2
1621258084000;11555184;0.86094;0.86106;0.861;6;T;True;2
1621258085000;11555185;0.86094;0.86106;0.861;0;T;True;2
1621258086000;11555187;0.86093;0.86105;0.86099;1;T;True;2
1621258087000;11555188;0.86093;0.86105;0.86099;0;T;True;2
1621258088000;11555189;0.86093;0.86105;0.86099;0;T;True;2
1621258089000;11555190;0.86093;0.86105;0.86099;0;T;True;2
1621258090000;11555192;0.86092;0.86104;0.86098;1;T;True;2
1621258091000;11555197;0.86089;0.86101;0.86095;4;T;True;2
1621258092000;11555199;0.86089;0.86101;0.86095;1;T;True;2
1621258093000;11555200;0.86089;0.86101;0.86095;0;T;True;2
1621258094000;11555201;0.86089;0.86101;0.86095;0;T;True;2
1621258095000;11555203;0.86089;0.86101;0.86095;1;T;True;2
1621258096000;11555208;0.86093;0.86105;0.86099;4;T;True;2
1621258097000;11555209;0.86093;0.86105;0.86099;0;T;True;2
1621258098000;11555210;0.86093;0.86105;0.86099;0;T;True;2
1621258099000;11555212;0.86093;0.86105;0.86099;1;T;True;2
1621258100000;11555214;0.86093;0.86105;0.86099;1;T;True;2
1621258101000;11555215;0.86093;0.86105;0.86099;0;T;True;2
1621258102000;11555217;0.86094;0.86106;0.861;1;T;True;2
1621258103000;11555220;0.86093;0.86105;0.86099;2;T;True;2
1621258104000;11555221;0.86093;0.86105;0.86099;0;T;True;2
1621258105000;11555224;0.86092;0.86104;0.86098;2;T;True;2
1621258106000;11555225;0.86092;0.86104;0.86098;0;T;True;2
1621258107000;11555226;0.86092;0.86104;0.86098;0;T;True;2
1621258108000;11555231;0.86093;0.86105;0.86099;4;T;True;2
1621258109000;11555232;0.86093;0.86105;0.86099;0;T;True;2
1621258110000;11555233;0.86093;0.86105;0.86099;0;T;True;2
1621258111000;11555234;0.86093;0.86105;0.86099;0;T;True;2
1621258112000;11555235;0.86093;0.86105;0.86099;0;T;True;2
1621258113000;11555236;0.86093;0.86105;0.86099;0;T;True;2
1621258114000;11555237;0.86093;0.86105;0.86099;0;T;True;2
1621258115000;11555238;0.86093;0.86105;0.86099;0;T;True;2
1621258116000;11555239;0.86093;0.86105;0.86099;0;T;True;2
1621258117000;11555240;0.86093;0.86105;0.86099;0;T;True;2
1621258118000;11555241;0.86093;0.86105;0.86099;0;T;True;2
1621258119000;11555242;0.86093;0.86105;0.86099;0;T;True;2
1621258120000;11555243;0.86093;0.86105;0.86099;0;T;True;2
1621258121000;11555244;0.86093;0.86105;0.86099;0;T;True;2
1621258122000;11555245;0.86093;0.86105;0.86099;0;T;True;2
1621258123000;11555246;0.86093;0.86105;0.86099;0;T;True;2
1621258124000;11555249;0.86093;0.86105;0.86099;2;T;True;2
1621258125000;11555250;0.86093;0.86105;0.86099;0;T;True;2
1621258126000;11555254;0.86093;0.86105;0.86099;3;T;True;2
1621258127000;11555255;0.86093;0.86105;0.86099;0;T;True;2
1621258128000;11555256;0.86093;0.86105;0.86099;0;T;True;2
1621258129000;11555257;0.86093;0.86105;0.86099;0;T;True;2
1621258130000;11555258;0.86093;0.86105;0.86099;0;T;True;2
1621258131000;11555261;0.86093;0.86105;0.86099;2;T;True;2
1621258132000;11555263;0.86092;0.86104;0.86098;1;T;True;2
1621258133000;11555264;0.86092;0.86104;0.86098;0;T;True;2
1621258134000;11555265;0.86092;0.86104;0.86098;0;T;True;2
1621258135000;11555266;0.86092;0.86104;0.86098;0;T;True;2
1621258136000;11555267;0.86092;0.86104;0.86098;0;T;True;2
1621258137000;11555270;0.86091;0.86103;0.86097;2;T;True;2
1621258138000;11555272;0.8609;0.86102;0.86096;1;T;True;2
1621258139000;11555273;0.8609;0.86102;0.86096;0;T;True;2
1621258140000;11555274;0.8609;0.86102;0.86096;0;T;True;2
1621258141000;11555275;0.8609;0.86102;0.86096;0;T;True;2
1621258142000;11555276;0.8609;0.86102;0.86096;0;T;True;2
1621258143000;11555277;0.8609;0.86102;0.86096;0;T;True;2
1621258144000;11555278;0.8609;0.86102;0.86096;0;T;True;2
1621258145000;11555279;0.8609;0.86102;0.86096;0;T;True;2
1621258146000;11555281;0.86089;0.86101;0.86095;1;T;True;2
1621258147000;11555283;0.86089;0.86101;0.86095;1;T;True;2
1621258148000;11555284;0.86089;0.86101;0.86095;0;T;True;2
1621258149000;11555285;0.86089;0.86101;0.86095;0;T;True;2
1621258150000;11555286;0.86089;0.86101;0.86095;0;T;True;2
1621258151000;11555287;0.86089;0.86101;0.86095;0;T;True;2
1621258152000;11555289;0.86089;0.86101;0.86095;1;T;True;2
1621258153000;11555291;0.86091;0.86103;0.86097;1;T;True;2
1621258154000;11555292;0.86091;0.86103;0.86097;0;T;True;2
1621258155000;11555293;0.86091;0.86103;0.86097;0;T;True;2
1621258156000;11555295;0.86091;0.86103;0.86097;1;T;True;2
1621258157000;11555297;0.86091;0.86103;0.86097;1;T;True;2
1621258158000;11555298;0.86091;0.86103;0.86097;0;T;True;2
1621258159000;11555299;0.86091;0.86103;0.86097;0;T;True;2
1621258160000;11555300;0.86091;0.86103;0.86097;0;T;True;2
1621258161000;11555301;0.86091;0.86103;0.86097;0;T;True;2
1621258162000;11555302;0.86091;0.86103;0.86097;0;T;True;2
1621258163000;11555305;0.86092;0.86104;0.86098;2;T;True;2
1621258164000;11555306;0.86092;0.86104;0.86098;0;T;True;2
1621258165000;11555308;0.8609;0.86102;0.86096;1;T;True;2
1621258166000;11555309;0.8609;0.86102;0.86096;0;T;True;2
1621258167000;11555310;0.8609;0.86102;0.86096;0;T;True;2
1621258168000;11555311;0.8609;0.86102;0.86096;0;T;True;2
1621258169000;11555312;0.8609;0.86102;0.86096;0;T;True;2
1621258170000;11555313;0.8609;0.86102;0.86096;0;T;True;2
1621258171000;11555322;0.86091;0.86103;0.86097;8;T;True;2
1621258172000;11555326;0.86092;0.86104;0.86098;3;T;True;2
1621258173000;11555327;0.86092;0.86104;0.86098;0;T;True;2
1621258174000;11555328;0.86092;0.86104;0.86098;0;T;True;2
1621258175000;11555330;0.86091;0.86103;0.86097;1;T;True;2
1621258176000;11555334;0.86092;0.86104;0.86098;3;T;True;2
1621258177000;11555335;0.86092;0.86104;0.86098;0;T;True;2
1621258178000;11555337;0.86091;0.86103;0.86097;1;T;True;2
1621258179000;11555338;0.86091;0.86103;0.86097;0;T;True;2
1621258180000;11555339;0.86091;0.86103;0.86097;0;T;True;2
1621258181000;11555340;0.86091;0.86103;0.86097;0;T;True;2
1621258182000;11555341;0.86091;0.86103;0.86097;0;T;True;2
1621258183000;11555342;0.86091;0.86103;0.86097;0;T;True;2
1621258184000;11555343;0.86091;0.86103;0.86097;0;T;True;2
1621258185000;11555344;0.86091;0.86103;0.86097;0;T;True;2
1621258186000;11555346;0.86091;0.86103;0.86097;1;T;True;2
1621258187000;11555348;0.86091;0.86103;0.86097;1;T;True;2
1621258188000;11555349;0.86091;0.86103;0.86097;0;T;True;2
1621258189000;11555350;0.86091;0.86103;0.86097;0;T;True;2
1621258190000;11555351;0.86091;0.86103;0.86097;0;T;True;2
1621258191000;11555357;0.86094;0.86106;0.861;5;T;True;2
1621258192000;11555362;0.86093;0.86105;0.86099;4;T;True;2
1621258193000;11555365;0.86093;0.86105;0.86099;2;T;True;2
1621258194000;11555367;0.86093;0.86105;0.86099;1;T;True;2
1621258195000;11555369;0.86093;0.86105;0.86099;1;T;True;2
1621258196000;11555371;0.86092;0.86104;0.86098;1;T;True;2
1621258197000;11555372;0.86092;0.86104;0.86098;0;T;True;2
1621258198000;11555373;0.86092;0.86104;0.86098;0;T;True;2
1621258199000;11555374;0.86092;0.86104;0.86098;0;T;True;2
1621258200000;11555375;0.86092;0.86104;0.86098;0;T;True;2
1621258201000;11555384;0.86089;0.86101;0.86095;8;T;True;2
1621258202000;11555389;0.8609;0.86102;0.86096;4;T;True;2
1621258203000;11555395;0.86089;0.86101;0.86095;5;T;True;2
1621258204000;11555398;0.86089;0.86101;0.86095;2;T;True;2
1621258205000;11555400;0.8609;0.86102;0.86096;1;T;True;2
1621258206000;11555404;0.86087;0.86099;0.86093;3;T;True;2
1621258207000;11555406;0.86088;0.861;0.86094;1;T;True;2
1621258208000;11555407;0.86088;0.861;0.86094;0;T;True;2
1621258209000;11555409;0.86088;0.861;0.86094;1;T;True;2
1621258210000;11555413;0.86088;0.861;0.86094;3;T;True;2
1621258211000;11555417;0.86089;0.86101;0.86095;3;T;True;2
1621258212000;11555418;0.86089;0.86101;0.86095;0;T;True;2
1621258213000;11555422;0.86087;0.86099;0.86093;3;T;True;2
1621258214000;11555427;0.86088;0.861;0.86094;4;T;True;2
1621258215000;11555431;0.86089;0.86101;0.86095;3;T;True;2
1621258216000;11555432;0.86089;0.86101;0.86095;0;T;True;2
1621258217000;11555435;0.86089;0.86101;0.86095;2;T;True;2
1621258218000;11555436;0.86089;0.86101;0.86095;0;T;True;2
1621258219000;11555440;0.86087;0.86099;0.86093;3;T;True;2
1621258220000;11555441;0.86087;0.86099;0.86093;0;T;True;2
1621258221000;11555443;0.86087;0.86099;0.86093;1;T;True;2
1621258222000;11555450;0.86088;0.861;0.86094;6;T;True;2
1621258223000;11555459;0.86091;0.86103;0.86097;8;T;True;2
1621258224000;11555460;0.86091;0.86103;0.86097;0;T;True;2
1621258225000;11555462;0.86091;0.86103;0.86097;1;T;True;2
1621258226000;11555465;0.86091;0.86103;0.86097;2;T;True;2
1621258227000;11555472;0.86093;0.86105;0.86099;6;T;True;2
1621258228000;11555477;0.86095;0.86107;0.86101;4;T;True;2
1621258229000;11555481;0.86095;0.86107;0.86101;3;T;True;2
1621258230000;11555487;0.86097;0.86109;0.86103;5;T;True;2
1621258231000;11555488;0.86097;0.86109;0.86103;0;T;True;2
1621258232000;11555489;0.86097;0.86109;0.86103;0;T;True;2
1621258233000;11555490;0.86097;0.86109;0.86103;0;T;True;2
1621258234000;11555491;0.86097;0.86109;0.86103;0;T;True;2
1621258235000;11555493;0.86097;0.86109;0.86103;1;T;True;2
1621258236000;11555495;0.86097;0.86109;0.86103;1;T;True;2
1621258237000;11555499;0.86095;0.86107;0.86101;3;T;True;2
1621258238000;11555504;0.86094;0.86106;0.861;4;T;True;2
1621258239000;11555507;0.86095;0.86107;0.86101;2;T;True;2
1621258240000;11555510;0.86094;0.86106;0.861;2;T;True;2
1621258241000;11555514;0.86095;0.86107;0.86101;3;T;True;2
1621258242000;11555515;0.86095;0.86107;0.86101;0;T;True;2
1621258243000;11555516;0.86095;0.86107;0.86101;0;T;True;2
1621258244000;11555517;0.86095;0.86107;0.86101;0;T;True;2
1621258245000;11555520;0.86095;0.86107;0.86101;2;T;True;2
1621258246000;11555522;0.86094;0.86106;0.861;1;T;True;2
1621258247000;11555523;0.86094;0.86106;0.861;0;T;True;2
1621258248000;11555525;0.86095;0.86107;0.86101;1;T;True;2
1621258249000;11555530;0.86095;0.86107;0.86101;4;T;True;2
1621258250000;11555534;0.86097;0.86109;0.86103;3;T;True;2
1621258251000;11555539;0.86098;0.8611;0.86104;4;T;True;2
1621258252000;11555542;0.86098;0.8611;0.86104;2;T;True;2
1621258253000;11555544;0.86098;0.8611;0.86104;1;T;True;2
1621258254000;11555547;0.86099;0.86111;0.86105;2;T;True;2
1621258255000;11555549;0.86099;0.86111;0.86105;1;T;True;2
1621258256000;11555550;0.86099;0.86111;0.86105;0;T;True;2
1621258257000;11555551;0.86099;0.86111;0.86105;0;T;True;2
1621258258000;11555552;0.86099;0.86111;0.86105;0;T;True;2
1621258259000;11555553;0.86099;0.86111;0.86105;0;T;True;2
1621258260000;11555559;0.86099;0.86111;0.86105;5;T;True;2
1621258261000;11555562;0.86099;0.86111;0.86105;2;T;True;2
1621258262000;11555563;0.86099;0.86111;0.86105;0;T;True;2
1621258263000;11555564;0.86099;0.86111;0.86105;0;T;True;2
1621258264000;11555567;0.861;0.86112;0.86106;2;T;True;2
1621258265000;11555570;0.861;0.86112;0.86106;2;T;True;2
1621258266000;11555580;0.86105;0.86117;0.86111;9;T;True;2
1621258267000;11555582;0.86105;0.86117;0.86111;1;T;True;2
1621258268000;11555583;0.86105;0.86117;0.86111;0;T;True;2
1621258269000;11555584;0.86105;0.86117;0.86111;0;T;True;2
1621258270000;11555587;0.86105;0.86117;0.86111;2;T;True;2
1621258271000;11555590;0.86105;0.86117;0.86111;2;T;True;2
1621258272000;11555594;0.86103;0.86115;0.86109;3;T;True;2
1621258273000;11555599;0.86104;0.86116;0.8611;4;T;True;2
1621258274000;11555613;0.86101;0.86113;0.86107;13;T;True;2
1621258275000;11555621;0.86101;0.86113;0.86107;7;T;True;2
1621258276000;11555623;0.86101;0.86113;0.86107;1;T;True;2
1621258277000;11555627;0.86099;0.86111;0.86105;3;T;True;2
1621258278000;11555628;0.86099;0.86111;0.86105;0;T;True;2
1621258279000;11555630;0.86099;0.86111;0.86105;1;T;True;2
1621258280000;11555634;0.86099;0.86111;0.86105;3;T;True;2
1621258281000;11555639;0.86099;0.86111;0.86105;4;T;True;2
1621258282000;11555645;0.86101;0.86113;0.86107;5;T;True;2
1621258283000;11555646;0.86101;0.86113;0.86107;0;T;True;2
1621258284000;11555650;0.86103;0.86115;0.86109;3;T;True;2
1621258285000;11555659;0.86101;0.86113;0.86107;8;T;True;2
1621258286000;11555660;0.86101;0.86113;0.86107;0;T;True;2
1621258287000;11555661;0.86101;0.86113;0.86107;0;T;True;2
1621258288000;11555662;0.86101;0.86113;0.86107;0;T;True;2
1621258289000;11555665;0.86101;0.86113;0.86107;2;T;True;2
1621258290000;11555666;0.86101;0.86113;0.86107;0;T;True;2
1621258291000;11555668;0.86101;0.86113;0.86107;1;T;True;2
1621258292000;11555673;0.861;0.86112;0.86106;4;T;True;2
1621258293000;11555674;0.861;0.86112;0.86106;0;T;True;2
1621258294000;11555677;0.861;0.86112;0.86106;2;T;True;2
1621258295000;11555680;0.86099;0.86111;0.86105;2;T;True;2
1621258296000;11555682;0.86099;0.86111;0.86105;1;T;True;2
1621258297000;11555684;0.86099;0.86111;0.86105;1;T;True;2
1621258298000;11555690;0.86099;0.86111;0.86105;5;T;True;2
1621258299000;11555693;0.86099;0.86111;0.86105;2;T;True;2
1621258300000;11555698;0.86099;0.86111;0.86105;4;T;True;2
1621258301000;11555699;0.86099;0.86111;0.86105;0;T;True;2
1621258302000;11555703;0.86099;0.86111;0.86105;3;T;True;2
1621258303000;11555704;0.86099;0.86111;0.86105;0;T;True;2
1621258304000;11555705;0.86099;0.86111;0.86105;0;T;True;2
1621258305000;11555711;0.86099;0.86111;0.86105;5;T;True;2
1621258306000;11555713;0.86097;0.86109;0.86103;1;T;True;2
1621258307000;11555717;0.86099;0.86111;0.86105;3;T;True;2
1621258308000;11555720;0.86099;0.86111;0.86105;2;T;True;2
1621258309000;11555721;0.86099;0.86111;0.86105;0;T;True;2
1621258310000;11555722;0.86099;0.86111;0.86105;0;T;True;2
1621258311000;11555723;0.86099;0.86111;0.86105;0;T;True;2
1621258312000;11555726;0.861;0.86112;0.86106;2;T;True;2
1621258313000;11555727;0.861;0.86112;0.86106;0;T;True;2
1621258314000;11555728;0.861;0.86112;0.86106;0;T;True;2
1621258315000;11555729;0.861;0.86112;0.86106;0;T;True;2
1621258316000;11555730;0.861;0.86112;0.86106;0;T;True;2
1621258317000;11555731;0.861;0.86112;0.86106;0;T;True;2
1621258318000;11555732;0.861;0.86112;0.86106;0;T;True;2
1621258319000;11555733;0.861;0.86112;0.86106;0;T;True;2
1621258320000;11555735;0.86101;0.86113;0.86107;1;T;True;2
1621258321000;11555736;0.86101;0.86113;0.86107;0;T;True;2
1621258322000;11555737;0.86101;0.86113;0.86107;0;T;True;2
1621258323000;11555738;0.86101;0.86113;0.86107;0;T;True;2
1621258324000;11555742;0.86099;0.86111;0.86105;3;T;True;2
1621258325000;11555746;0.86097;0.86109;0.86103;3;T;True;2
1621258326000;11555749;0.86097;0.86109;0.86103;2;T;True;2
1621258327000;11555750;0.86097;0.86109;0.86103;0;T;True;2
1621258328000;11555754;0.86099;0.86111;0.86105;3;T;True;2
1621258329000;11555759;0.86097;0.86109;0.86103;4;T;True;2
1621258330000;11555762;0.86099;0.86111;0.86105;2;T;True;2
1621258331000;11555765;0.86099;0.86111;0.86105;2;T;True;2
1621258332000;11555767;0.86099;0.86111;0.86105;1;T;True;2
1621258333000;11555768;0.86099;0.86111;0.86105;0;T;True;2
1621258334000;11555769;0.86099;0.86111;0.86105;0;T;True;2
1621258335000;11555771;0.86099;0.86111;0.86105;1;T;True;2
1621258336000;11555772;0.86099;0.86111;0.86105;0;T;True;2
1621258337000;11555773;0.86099;0.86111;0.86105;0;T;True;2
1621258338000;11555775;0.86099;0.86111;0.86105;1;T;True;2
1621258339000;11555777;0.86099;0.86111;0.86105;1;T;True;2
1621258340000;11555782;0.86097;0.86109;0.86103;4;T;True;2
1621258341000;11555785;0.86097;0.86109;0.86103;2;T;True;2
1621258342000;11555787;0.86097;0.86109;0.86103;1;T;True;2
1621258343000;11555788;0.86097;0.86109;0.86103;0;T;True;2
1621258344000;11555789;0.86097;0.86109;0.86103;0;T;True;2
1621258345000;11555795;0.86099;0.86111;0.86105;5;T;True;2
1621258346000;11555796;0.86099;0.86111;0.86105;0;T;True;2
1621258347000;11555797;0.86099;0.86111;0.86105;0;T;True;2
1621258348000;11555804;0.861;0.86112;0.86106;6;T;True;2
1621258349000;11555809;0.86099;0.86111;0.86105;4;T;True;2
1621258350000;11555811;0.86099;0.86111;0.86105;1;T;True;2
1621258351000;11555815;0.86099;0.86111;0.86105;3;T;True;2
1621258352000;11555818;0.86097;0.86109;0.86103;2;T;True;2
1621258353000;11555822;0.861;0.86112;0.86106;3;T;True;2
1621258354000;11555824;0.86099;0.86111;0.86105;1;T;True;2
1621258355000;11555830;0.86102;0.86114;0.86108;5;T;True;2
1621258356000;11555834;0.86102;0.86114;0.86108;3;T;True;2
1621258357000;11555841;0.86101;0.86113;0.86107;6;T;True;2
1621258358000;11555843;0.86101;0.86113;0.86107;1;T;True;2
1621258359000;11555847;0.86103;0.86115;0.86109;3;T;True;2
1621258360000;11555851;0.86103;0.86115;0.86109;3;T;True;2
1621258361000;11555856;0.86103;0.86115;0.86109;4;T;True;2
1621258362000;11555862;0.86103;0.86115;0.86109;5;T;True;2
1621258363000;11555863;0.86103;0.86115;0.86109;0;T;True;2
1621258364000;11555867;0.86104;0.86116;0.8611;3;T;True;2
1621258365000;11555874;0.86103;0.86115;0.86109;6;T;True;2
1621258366000;11555876;0.86103;0.86115;0.86109;1;T;True;2
1621258367000;11555877;0.86103;0.86115;0.86109;0;T;True;2
1621258368000;11555880;0.86104;0.86116;0.8611;2;T;True;2
1621258369000;11555884;0.86101;0.86113;0.86107;3;T;True;2
1621258370000;11555886;0.86101;0.86113;0.86107;1;T;True;2
1621258371000;11555889;0.86098;0.8611;0.86104;2;T;True;2
1621258372000;11555891;0.86097;0.86109;0.86103;1;T;True;2
1621258373000;11555892;0.86097;0.86109;0.86103;0;T;True;2
1621258374000;11555893;0.86097;0.86109;0.86103;0;T;True;2
1621258375000;11555894;0.86097;0.86109;0.86103;0;T;True;2
1621258376000;11555895;0.86097;0.86109;0.86103;0;T;True;2
1621258377000;11555898;0.86096;0.86108;0.86102;2;T;True;2
1621258378000;11555901;0.86097;0.86109;0.86103;2;T;True;2
1621258379000;11555903;0.86098;0.8611;0.86104;1;T;True;2
1621258380000;11555905;0.86099;0.86111;0.86105;1;T;True;2
1621258381000;11555908;0.86098;0.8611;0.86104;2;T;True;2
1621258382000;11555909;0.86098;0.8611;0.86104;0;T;True;2
1621258383000;11555910;0.86098;0.8611;0.86104;0;T;True;2
1621258384000;11555911;0.86098;0.8611;0.86104;0;T;True;2
1621258385000;11555912;0.86098;0.8611;0.86104;0;T;True;2
1621258386000;11555913;0.86098;0.8611;0.86104;0;T;True;2
1621258387000;11555915;0.86097;0.86109;0.86103;1;T;True;2
1621258388000;11555918;0.86097;0.86109;0.86103;2;T;True;2
1621258389000;11555922;0.86099;0.86111;0.86105;3;T;True;2
1621258390000;11555927;0.86101;0.86113;0.86107;4;T;True;2
1621258391000;11555931;0.86102;0.86114;0.86108;3;T;True;2
1621258392000;11555932;0.86102;0.86114;0.86108;0;T;True;2
1621258393000;11555938;0.86099;0.86111;0.86105;5;T;True;2
1621258394000;11555939;0.86099;0.86111;0.86105;0;T;True;2
1621258395000;11555940;0.86099;0.86111;0.86105;0;T;True;2
1621258396000;11555941;0.86099;0.86111;0.86105;0;T;True;2
1621258397000;11555942;0.86099;0.86111;0.86105;0;T;True;2
1621258398000;11555943;0.86099;0.86111;0.86105;0;T;True;2
1621258399000;11555944;0.86099;0.86111;0.86105;0;T;True;2
1621258400000;11555946;0.86099;0.86111;0.86105;1;T;True;2
1621258401000;11555947;0.86099;0.86111;0.86105;0;T;True;2
1621258402000;11555952;0.86097;0.86109;0.86103;4;T;True;2
1621258403000;11555954;0.86097;0.86109;0.86103;1;T;True;2
1621258404000;11555958;0.86097;0.86109;0.86103;3;T;True;2
1621258405000;11555962;0.86099;0.86111;0.86105;3;T;True;2
1621258406000;11555964;0.86099;0.86111;0.86105;1;T;True;2
1621258407000;11555965;0.86099;0.86111;0.86105;0;T;True;2
1621258408000;11555966;0.86099;0.86111;0.86105;0;T;True;2
1621258409000;11555969;0.86101;0.86113;0.86107;2;T;True;2
1621258410000;11555971;0.861;0.86112;0.86106;1;T;True;2
1621258411000;11555973;0.86099;0.86111;0.86105;1;T;True;2
1621258412000;11555977;0.86101;0.86113;0.86107;3;T;True;2
1621258413000;11555984;0.861;0.86112;0.86106;6;T;True;2
1621258414000;11555987;0.86099;0.86111;0.86105;2;T;True;2
1621258415000;11555989;0.86099;0.86111;0.86105;1;T;True;2
1621258416000;11555991;0.86098;0.8611;0.86104;1;T;True;2
1621258417000;11555992;0.86098;0.8611;0.86104;0;T;True;2
1621258418000;11555994;0.86099;0.86111;0.86105;1;T;True;2
1621258419000;11555996;0.86097;0.86109;0.86103;1;T;True;2
1621258420000;11555997;0.86097;0.86109;0.86103;0;T;True;2
1621258421000;11555999;0.86097;0.86109;0.86103;1;T;True;2
1621258422000;11556000;0.86097;0.86109;0.86103;0;T;True;2
1621258423000;11556003;0.86097;0.86109;0.86103;2;T;True;2
1621258424000;11556006;0.86096;0.86108;0.86102;2;T;True;2
1621258425000;11556007;0.86096;0.86108;0.86102;0;T;True;2
1621258426000;11556009;0.86095;0.86107;0.86101;1;T;True;2
1621258427000;11556012;0.86097;0.86109;0.86103;2;T;True;2
1621258428000;11556015;0.86097;0.86109;0.86103;2;T;True;2
1621258429000;11556020;0.86097;0.86109;0.86103;4;T;True;2
1621258430000;11556022;0.86097;0.86109;0.86103;1;T;True;2
1621258431000;11556024;0.86097;0.86109;0.86103;1;T;True;2
1621258432000;11556025;0.86097;0.86109;0.86103;0;T;True;2
1621258433000;11556028;0.86096;0.86108;0.86102;2;T;True;2
1621258434000;11556029;0.86096;0.86108;0.86102;0;T;True;2
1621258435000;11556030;0.86096;0.86108;0.86102;0;T;True;2
1621258436000;11556035;0.86091;0.86103;0.86097;4;T;True;2
1621258437000;11556041;0.86087;0.86099;0.86093;5;T;True;2
1621258438000;11556043;0.86085;0.86097;0.86091;1;T;True;2
1621258439000;11556047;0.86085;0.86097;0.86091;3;T;True;2
1621258440000;11556048;0.86085;0.86097;0.86091;0;T;True;2
1621258441000;11556054;0.86086;0.86098;0.86092;5;T;True;2
1621258442000;11556058;0.86086;0.86098;0.86092;3;T;True;2
1621258443000;11556061;0.86085;0.86097;0.86091;2;T;True;2
1621258444000;11556064;0.86086;0.86098;0.86092;2;T;True;2
1621258445000;11556066;0.86086;0.86098;0.86092;1;T;True;2
1621258446000;11556070;0.86085;0.86097;0.86091;3;T;True;2
1621258447000;11556071;0.86085;0.86097;0.86091;0;T;True;2
1621258448000;11556073;0.86083;0.86095;0.86089;1;T;True;2
1621258449000;11556076;0.8608;0.86092;0.86086;2;T;True;2
1621258450000;11556081;0.8608;0.86092;0.86086;4;T;True;2
1621258451000;11556083;0.86081;0.86093;0.86087;1;T;True;2
1621258452000;11556084;0.86081;0.86093;0.86087;0;T;True;2
1621258453000;11556085;0.86081;0.86093;0.86087;0;T;True;2
1621258454000;11556086;0.86081;0.86093;0.86087;0;T;True;2
1621258455000;11556087;0.86081;0.86093;0.86087;0;T;True;2
1621258456000;11556090;0.86079;0.86091;0.86085;2;T;True;2
1621258457000;11556094;0.86077;0.86089;0.86083;3;T;True;2
1621258458000;11556096;0.86077;0.86089;0.86083;1;T;True;2
1621258459000;11556098;0.86079;0.86091;0.86085;1;T;True;2
1621258460000;11556099;0.86079;0.86091;0.86085;0;T;True;2
1621258461000;11556102;0.86077;0.86089;0.86083;2;T;True;2
1621258462000;11556105;0.86077;0.86089;0.86083;2;T;True;2
1621258463000;11556106;0.86077;0.86089;0.86083;0;T;True;2
1621258464000;11556112;0.86075;0.86087;0.86081;5;T;True;2
1621258465000;11556114;0.86074;0.86086;0.8608;1;T;True;2
1621258466000;11556118;0.86076;0.86088;0.86082;3;T;True;2
1621258467000;11556119;0.86076;0.86088;0.86082;0;T;True;2
1621258468000;11556121;0.86077;0.86089;0.86083;1;T;True;2
1621258469000;11556122;0.86077;0.86089;0.86083;0;T;True;2
1621258470000;11556123;0.86077;0.86089;0.86083;0;T;True;2
1621258471000;11556124;0.86077;0.86089;0.86083;0;T;True;2
1621258472000;11556125;0.86077;0.86089;0.86083;0;T;True;2
1621258473000;11556129;0.86078;0.8609;0.86084;3;T;True;2
1621258474000;11556130;0.86078;0.8609;0.86084;0;T;True;2
1621258475000;11556131;0.86078;0.8609;0.86084;0;T;True;2
1621258476000;11556132;0.86078;0.8609;0.86084;0;T;True;2
1621258477000;11556133;0.86078;0.8609;0.86084;0;T;True;2
1621258478000;11556134;0.86078;0.8609;0.86084;0;T;True;2
1621258479000;11556136;0.86079;0.86091;0.86085;1;T;True;2
1621258480000;11556137;0.86079;0.86091;0.86085;0;T;True;2
1621258481000;11556145;0.86084;0.86096;0.8609;7;T;True;2
1621258482000;11556147;0.86081;0.86093;0.86087;1;T;True;2
1621258483000;11556148;0.86081;0.86093;0.86087;0;T;True;2
1621258484000;11556154;0.86084;0.86096;0.8609;5;T;True;2
1621258485000;11556156;0.86085;0.86097;0.86091;1;T;True;2
1621258486000;11556157;0.86085;0.86097;0.86091;0;T;True;2
1621258487000;11556158;0.86085;0.86097;0.86091;0;T;True;2
1621258488000;11556159;0.86085;0.86097;0.86091;0;T;True;2
1621258489000;11556161;0.86085;0.86097;0.86091;1;T;True;2
1621258490000;11556166;0.86085;0.86097;0.86091;4;T;True;2
1621258491000;11556169;0.86085;0.86097;0.86091;2;T;True;2
1621258492000;11556173;0.86086;0.86098;0.86092;3;T;True;2
1621258493000;11556179;0.86086;0.86098;0.86092;5;T;True;2
1621258494000;11556185;0.86086;0.86098;0.86092;5;T;True;2
1621258495000;11556191;0.86085;0.86097;0.86091;5;T;True;2
1621258496000;11556194;0.86087;0.86099;0.86093;2;T;True;2
1621258497000;11556200;0.86087;0.86099;0.86093;5;T;True;2
1621258498000;11556204;0.86086;0.86098;0.86092;3;T;True;2
1621258499000;11556206;0.86086;0.86098;0.86092;1;T;True;2
1621258500000;11556209;0.86086;0.86098;0.86092;2;T;True;2
1621258501000;11556213;0.86087;0.86099;0.86093;3;T;True;2
1621258502000;11556217;0.86089;0.86101;0.86095;3;T;True;2
1621258503000;11556218;0.86089;0.86101;0.86095;0;T;True;2
1621258504000;11556219;0.86089;0.86101;0.86095;0;T;True;2
1621258505000;11556223;0.86089;0.86101;0.86095;3;T;True;2
1621258506000;11556227;0.86087;0.86099;0.86093;3;T;True;2
1621258507000;11556231;0.86087;0.86099;0.86093;3;T;True;2
1621258508000;11556232;0.86087;0.86099;0.86093;0;T;True;2
1621258509000;11556233;0.86087;0.86099;0.86093;0;T;True;2
1621258510000;11556235;0.86086;0.86098;0.86092;1;T;True;2
1621258511000;11556236;0.86086;0.86098;0.86092;0;T;True;2
1621258512000;11556237;0.86086;0.86098;0.86092;0;T;True;2
1621258513000;11556238;0.86086;0.86098;0.86092;0;T;True;2
1621258514000;11556241;0.86085;0.86097;0.86091;2;T;True;2
1621258515000;11556242;0.86085;0.86097;0.86091;0;T;True;2
1621258516000;11556246;0.86082;0.86094;0.86088;3;T;True;2
1621258517000;11556247;0.86082;0.86094;0.86088;0;T;True;2
1621258518000;11556250;0.86081;0.86093;0.86087;2;T;True;2
1621258519000;11556252;0.86081;0.86093;0.86087;1;T;True;2
1621258520000;11556253;0.86081;0.86093;0.86087;0;T;True;2
1621258521000;11556254;0.86081;0.86093;0.86087;0;T;True;2
1621258522000;11556256;0.86081;0.86093;0.86087;1;T;True;2
1621258523000;11556257;0.86081;0.86093;0.86087;0;T;True;2
1621258524000;11556258;0.86081;0.86093;0.86087;0;T;True;2
1621258525000;11556259;0.86081;0.86093;0.86087;0;T;True;2
1621258526000;11556260;0.86081;0.86093;0.86087;0;T;True;2
1621258527000;11556268;0.86086;0.86098;0.86092;7;T;True;2
1621258528000;11556269;0.86086;0.86098;0.86092;0;T;True;2
1621258529000;11556275;0.86087;0.86099;0.86093;5;T;True;2
1621258530000;11556277;0.86087;0.86099;0.86093;1;T;True;2
1621258531000;11556279;0.86087;0.86099;0.86093;1;T;True;2
1621258532000;11556282;0.86087;0.86099;0.86093;2;T;True;2
1621258533000;11556283;0.86087;0.86099;0.86093;0;T;True;2
1621258534000;11556286;0.86086;0.86098;0.86092;2;T;True;2
1621258535000;11556290;0.86087;0.86099;0.86093;3;T;True;2
1621258536000;11556293;0.86085;0.86097;0.86091;2;T;True;2
1621258537000;11556296;0.86085;0.86097;0.86091;2;T;True;2
1621258538000;11556298;0.86085;0.86097;0.86091;1;T;True;2
1621258539000;11556300;0.86086;0.86098;0.86092;1;T;True;2
1621258540000;11556302;0.86087;0.86099;0.86093;1;T;True;2
1621258541000;11556309;0.86091;0.86103;0.86097;6;T;True;2
1621258542000;11556311;0.8609;0.86102;0.86096;1;T;True;2
1621258543000;11556316;0.86088;0.861;0.86094;4;T;True;2
1621258544000;11556318;0.86087;0.86099;0.86093;1;T;True;2
1621258545000;11556321;0.86087;0.86099;0.86093;2;T;True;2
1621258546000;11556322;0.86087;0.86099;0.86093;0;T;True;2
1621258547000;11556324;0.86088;0.861;0.86094;1;T;True;2
1621258548000;11556327;0.86089;0.86101;0.86095;2;T;True;2
1621258549000;11556329;0.86089;0.86101;0.86095;1;T;True;2
1621258550000;11556330;0.86089;0.86101;0.86095;0;T;True;2
1621258551000;11556332;0.86089;0.86101;0.86095;1;T;True;2
1621258552000;11556333;0.86089;0.86101;0.86095;0;T;True;2
1621258553000;11556334;0.86089;0.86101;0.86095;0;T;True;2
1621258554000;11556338;0.86088;0.861;0.86094;3;T;True;2
1621258555000;11556340;0.86087;0.86099;0.86093;1;T;True;2
1621258556000;11556343;0.86087;0.86099;0.86093;2;T;True;2
1621258557000;11556345;0.86087;0.86099;0.86093;1;T;True;2
1621258558000;11556346;0.86087;0.86099;0.86093;0;T;True;2
1621258559000;11556349;0.86087;0.86099;0.86093;2;T;True;2
1621258560000;11556354;0.86089;0.86101;0.86095;4;T;True;2
1621258561000;11556356;0.86089;0.86101;0.86095;1;T;True;2
1621258562000;11556362;0.86093;0.86105;0.86099;5;T;True;2
1621258563000;11556365;0.86093;0.86105;0.86099;2;T;True;2
1621258564000;11556366;0.86093;0.86105;0.86099;0;T;True;2
1621258565000;11556369;0.86093;0.86105;0.86099;2;T;True;2
1621258566000;11556373;0.86091;0.86103;0.86097;3;T;True;2
1621258567000;11556376;0.86091;0.86103;0.86097;2;T;True;2
1621258568000;11556377;0.86091;0.86103;0.86097;0;T;True;2
1621258569000;11556378;0.86091;0.86103;0.86097;0;T;True;2
1621258570000;11556381;0.8609;0.86102;0.86096;2;T;True;2
1621258571000;11556384;0.86089;0.86101;0.86095;2;T;True;2
1621258572000;11556385;0.86089;0.86101;0.86095;0;T;True;2
1621258573000;11556394;0.86089;0.86101;0.86095;8;T;True;2
1621258574000;11556396;0.86089;0.86101;0.86095;1;T;True;2
1621258575000;11556397;0.86089;0.86101;0.86095;0;T;True;2
1621258576000;11556400;0.86087;0.86099;0.86093;2;T;True;2
1621258577000;11556403;0.86087;0.86099;0.86093;2;T;True;2
1621258578000;11556407;0.86087;0.86099;0.86093;3;T;True;2
1621258579000;11556411;0.86087;0.86099;0.86093;3;T;True;2
1621258580000;11556422;0.86089;0.86101;0.86095;10;T;True;2
1621258581000;11556423;0.86089;0.86101;0.86095;0;T;True;2
1621258582000;11556428;0.86093;0.86105;0.86099;4;T;True;2
1621258583000;11556433;0.86095;0.86107;0.86101;4;T;True;2
1621258584000;11556434;0.86095;0.86107;0.86101;0;T;True;2
1621258585000;11556435;0.86095;0.86107;0.86101;0;T;True;2
1621258586000;11556438;0.86093;0.86105;0.86099;2;T;True;2
1621258587000;11556445;0.86095;0.86107;0.86101;6;T;True;2
1621258588000;11556450;0.86091;0.86103;0.86097;4;T;True;2
1621258589000;11556452;0.86091;0.86103;0.86097;1;T;True;2
1621258590000;11556453;0.86091;0.86103;0.86097;0;T;True;2
1621258591000;11556457;0.86087;0.86099;0.86093;3;T;True;2
1621258592000;11556460;0.86088;0.861;0.86094;2;T;True;2
1621258593000;11556461;0.86088;0.861;0.86094;0;T;True;2
1621258594000;11556466;0.86089;0.86101;0.86095;4;T;True;2
1621258595000;11556468;0.86089;0.86101;0.86095;1;T;True;2
1621258596000;11556473;0.8609;0.86102;0.86096;4;T;True;2
1621258597000;11556475;0.8609;0.86102;0.86096;1;T;True;2
1621258598000;11556477;0.8609;0.86102;0.86096;1;T;True;2
1621258599000;11556479;0.8609;0.86102;0.86096;1;T;True;2
1621258600000;11556483;0.86091;0.86103;0.86097;3;T;True;2
1621258601000;11556486;0.86091;0.86103;0.86097;2;T;True;2
1621258602000;11556491;0.86089;0.86101;0.86095;4;T;True;2
1621258603000;11556493;0.86088;0.861;0.86094;1;T;True;2
1621258604000;11556495;0.86087;0.86099;0.86093;1;T;True;2
1621258605000;11556496;0.86087;0.86099;0.86093;0;T;True;2
1621258606000;11556497;0.86087;0.86099;0.86093;0;T;True;2
1621258607000;11556498;0.86087;0.86099;0.86093;0;T;True;2
1621258608000;11556499;0.86087;0.86099;0.86093;0;T;True;2
1621258609000;11556500;0.86087;0.86099;0.86093;0;T;True;2
1621258610000;11556501;0.86087;0.86099;0.86093;0;T;True;2
1621258611000;11556502;0.86087;0.86099;0.86093;0;T;True;2
1621258612000;11556503;0.86087;0.86099;0.86093;0;T;True;2
1621258613000;11556505;0.86086;0.86098;0.86092;1;T;True;2
1621258614000;11556510;0.86085;0.86097;0.86091;4;T;True;2
1621258615000;11556511;0.86085;0.86097;0.86091;0;T;True;2
1621258616000;11556512;0.86085;0.86097;0.86091;0;T;True;2
1621258617000;11556513;0.86085;0.86097;0.86091;0;T;True;2
1621258618000;11556516;0.86085;0.86097;0.86091;2;T;True;2
1621258619000;11556520;0.86085;0.86097;0.86091;3;T;True;2
1621258620000;11556521;0.86085;0.86097;0.86091;0;T;True;2
1621258621000;11556522;0.86085;0.86097;0.86091;0;T;True;2
1621258622000;11556524;0.86085;0.86097;0.86091;1;T;True;2
1621258623000;11556526;0.86085;0.86097;0.86091;1;T;True;2
1621258624000;11556531;0.86083;0.86095;0.86089;4;T;True;2
1621258625000;11556537;0.86085;0.86097;0.86091;5;T;True;2
1621258626000;11556540;0.86085;0.86097;0.86091;2;T;True;2
1621258627000;11556542;0.86085;0.86097;0.86091;1;T;True;2
1621258628000;11556544;0.86085;0.86097;0.86091;1;T;True;2
1621258629000;11556547;0.86086;0.86098;0.86092;2;T;True;2
1621258630000;11556548;0.86086;0.86098;0.86092;0;T;True;2
1621258631000;11556552;0.86085;0.86097;0.86091;3;T;True;2
1621258632000;11556563;0.86085;0.86097;0.86091;10;T;True;2
1621258633000;11556567;0.86084;0.86096;0.8609;3;T;True;2
1621258634000;11556570;0.86083;0.86095;0.86089;2;T;True;2
1621258635000;11556573;0.86083;0.86095;0.86089;2;T;True;2
1621258636000;11556576;0.86083;0.86095;0.86089;2;T;True;2
1621258637000;11556578;0.86083;0.86095;0.86089;1;T;True;2
1621258638000;11556581;0.86082;0.86094;0.86088;2;T;True;2
1621258639000;11556584;0.86083;0.86095;0.86089;2;T;True;2
1621258640000;11556586;0.86083;0.86095;0.86089;1;T;True;2
1621258641000;11556588;0.86084;0.86096;0.8609;1;T;True;2
1621258642000;11556591;0.86083;0.86095;0.86089;2;T;True;2
1621258643000;11556592;0.86083;0.86095;0.86089;0;T;True;2
1621258644000;11556594;0.86083;0.86095;0.86089;1;T;True;2
1621258645000;11556595;0.86083;0.86095;0.86089;0;T;True;2
1621258646000;11556597;0.86083;0.86095;0.86089;1;T;True;2
1621258647000;11556598;0.86083;0.86095;0.86089;0;T;True;2
1621258648000;11556600;0.86084;0.86096;0.8609;1;T;True;2
1621258649000;11556601;0.86084;0.86096;0.8609;0;T;True;2
1621258650000;11556604;0.86084;0.86096;0.8609;2;T;True;2
1621258651000;11556610;0.86086;0.86098;0.86092;5;T;True;2
1621258652000;11556612;0.86085;0.86097;0.86091;1;T;True;2
1621258653000;11556613;0.86085;0.86097;0.86091;0;T;True;2
1621258654000;11556617;0.86083;0.86095;0.86089;3;T;True;2
1621258655000;11556619;0.86083;0.86095;0.86089;1;T;True;2
1621258656000;11556622;0.86084;0.86096;0.8609;2;T;True;2
1621258657000;11556625;0.86085;0.86097;0.86091;2;T;True;2
1621258658000;11556631;0.86086;0.86098;0.86092;5;T;True;2
1621258659000;11556632;0.86086;0.86098;0.86092;0;T;True;2
1621258660000;11556636;0.86087;0.86099;0.86093;3;T;True;2
1621258661000;11556639;0.86087;0.86099;0.86093;2;T;True;2
1621258662000;11556641;0.86087;0.86099;0.86093;1;T;True;2
1621258663000;11556645;0.86089;0.86101;0.86095;3;T;True;2
1621258664000;11556648;0.86089;0.86101;0.86095;2;T;True;2
1621258665000;11556649;0.86089;0.86101;0.86095;0;T;True;2
1621258666000;11556654;0.86089;0.86101;0.86095;4;T;True;2
1621258667000;11556660;0.8609;0.86102;0.86096;5;T;True;2
1621258668000;11556665;0.8609;0.86102;0.86096;4;T;True;2
1621258669000;11556669;0.8609;0.86102;0.86096;3;T;True;2
1621258670000;11556671;0.8609;0.86102;0.86096;1;T;True;2
1621258671000;11556673;0.8609;0.86102;0.86096;1;T;True;2
1621258672000;11556676;0.86089;0.86101;0.86095;2;T;True;2
1621258673000;11556678;0.86089;0.86101;0.86095;1;T;True;2
1621258674000;11556683;0.86087;0.86099;0.86093;4;T;True;2
1621258675000;11556689;0.86085;0.86097;0.86091;5;T;True;2
1621258676000;11556693;0.86085;0.86097;0.86091;3;T;True;2
1621258677000;11556697;0.86083;0.86095;0.86089;3;T;True;2
1621258678000;11556700;0.86083;0.86095;0.86089;2;T;True;2
1621258679000;11556701;0.86083;0.86095;0.86089;0;T;True;2
1621258680000;11556703;0.86084;0.86096;0.8609;1;T;True;2
1621258681000;11556705;0.86084;0.86096;0.8609;1;T;True;2
1621258682000;11556708;0.86083;0.86095;0.86089;2;T;True;2
1621258683000;11556710;0.86081;0.86093;0.86087;1;T;True;2
1621258684000;11556712;0.86081;0.86093;0.86087;1;T;True;2
1621258685000;11556718;0.86082;0.86094;0.86088;5;T;True;2
1621258686000;11556724;0.86087;0.86099;0.86093;5;T;True;2
1621258687000;11556725;0.86087;0.86099;0.86093;0;T;True;2
1621258688000;11556732;0.86088;0.861;0.86094;6;T;True;2
1621258689000;11556733;0.86088;0.861;0.86094;0;T;True;2
1621258690000;11556736;0.86089;0.86101;0.86095;2;T;True;2
1621258691000;11556737;0.86089;0.86101;0.86095;0;T;True;2
1621258692000;11556738;0.86089;0.86101;0.86095;0;T;True;2
1621258693000;11556739;0.86089;0.86101;0.86095;0;T;True;2
1621258694000;11556745;0.86093;0.86105;0.86099;5;T;True;2
1621258695000;11556746;0.86093;0.86105;0.86099;0;T;True;2
1621258696000;11556749;0.86094;0.86106;0.861;2;T;True;2
1621258697000;11556752;0.86094;0.86106;0.861;2;T;True;2
1621258698000;11556753;0.86094;0.86106;0.861;0;T;True;2
1621258699000;11556757;0.86093;0.86105;0.86099;3;T;True;2
1621258700000;11556762;0.8609;0.86102;0.86096;4;T;True;2
1621258701000;11556763;0.8609;0.86102;0.86096;0;T;True;2
1621258702000;11556764;0.8609;0.86102;0.86096;0;T;True;2
1621258703000;11556766;0.8609;0.86102;0.86096;1;T;True;2
1621258704000;11556767;0.8609;0.86102;0.86096;0;T;True;2
1621258705000;11556769;0.8609;0.86102;0.86096;1;T;True;2
1621258706000;11556776;0.86091;0.86103;0.86097;6;T;True;2
1621258707000;11556779;0.86093;0.86105;0.86099;2;T;True;2
1621258708000;11556780;0.86093;0.86105;0.86099;0;T;True;2
1621258709000;11556784;0.86091;0.86103;0.86097;3;T;True;2
1621258710000;11556785;0.86091;0.86103;0.86097;0;T;True;2
1621258711000;11556790;0.86088;0.861;0.86094;4;T;True;2
1621258712000;11556791;0.86088;0.861;0.86094;0;T;True;2
1621258713000;11556796;0.86087;0.86099;0.86093;4;T;True;2
1621258714000;11556798;0.86087;0.86099;0.86093;1;T;True;2
1621258715000;11556800;0.86087;0.86099;0.86093;1;T;True;2
1621258716000;11556806;0.86089;0.86101;0.86095;5;T;True;2
1621258717000;11556811;0.86091;0.86103;0.86097;4;T;True;2
1621258718000;11556813;0.86091;0.86103;0.86097;1;T;True;2
1621258719000;11556814;0.86091;0.86103;0.86097;0;T;True;2
1621258720000;11556815;0.86091;0.86103;0.86097;0;T;True;2
1621258721000;11556818;0.86091;0.86103;0.86097;2;T;True;2
1621258722000;11556820;0.86091;0.86103;0.86097;1;T;True;2
1621258723000;11556830;0.86091;0.86103;0.86097;9;T;True;2
1621258724000;11556834;0.8609;0.86102;0.86096;3;T;True;2
1621258725000;11556835;0.8609;0.86102;0.86096;0;T;True;2
1621258726000;11556839;0.86093;0.86105;0.86099;3;T;True;2
1621258727000;11556841;0.86093;0.86105;0.86099;1;T;True;2
1621258728000;11556847;0.86095;0.86107;0.86101;5;T;True;2
1621258729000;11556849;0.86094;0.86106;0.861;1;T;True;2
1621258730000;11556850;0.86094;0.86106;0.861;0;T;True;2
1621258731000;11556852;0.86095;0.86107;0.86101;1;T;True;2
1621258732000;11556853;0.86095;0.86107;0.86101;0;T;True;2
1621258733000;11556854;0.86095;0.86107;0.86101;0;T;True;2
1621258734000;11556855;0.86095;0.86107;0.86101;0;T;True;2
1621258735000;11556856;0.86095;0.86107;0.86101;0;T;True;2
1621258736000;11556857;0.86095;0.86107;0.86101;0;T;True;2
1621258737000;11556862;0.86097;0.86109;0.86103;4;T;True;2
1621258738000;11556863;0.86097;0.86109;0.86103;0;T;True;2
1621258739000;11556869;0.861;0.86112;0.86106;5;T;True;2
1621258740000;11556870;0.861;0.86112;0.86106;0;T;True;2
1621258741000;11556873;0.86101;0.86113;0.86107;2;T;True;2
1621258742000;11556875;0.861;0.86112;0.86106;1;T;True;2
1621258743000;11556877;0.861;0.86112;0.86106;1;T;True;2
1621258744000;11556878;0.861;0.86112;0.86106;0;T;True;2
1621258745000;11556880;0.86099;0.86111;0.86105;1;T;True;2
1621258746000;11556883;0.86096;0.86108;0.86102;2;T;True;2
1621258747000;11556884;0.86096;0.86108;0.86102;0;T;True;2
1621258748000;11556887;0.86096;0.86108;0.86102;2;T;True;2
1621258749000;11556888;0.86096;0.86108;0.86102;0;T;True;2
1621258750000;11556890;0.86097;0.86109;0.86103;1;T;True;2
1621258751000;11556893;0.86097;0.86109;0.86103;2;T;True;2
1621258752000;11556895;0.86096;0.86108;0.86102;1;T;True;2
1621258753000;11556898;0.86095;0.86107;0.86101;2;T;True;2
1621258754000;11556899;0.86095;0.86107;0.86101;0;T;True;2
1621258755000;11556903;0.86091;0.86103;0.86097;3;T;True;2
1621258756000;11556904;0.86091;0.86103;0.86097;0;T;True;2
1621258757000;11556905;0.86091;0.86103;0.86097;0;T;True;2
1621258758000;11556906;0.86091;0.86103;0.86097;0;T;True;2
1621258759000;11556909;0.8609;0.86102;0.86096;2;T;True;2
1621258760000;11556910;0.8609;0.86102;0.86096;0;T;True;2
1621258761000;11556913;0.86092;0.86104;0.86098;2;T;True;2
1621258762000;11556917;0.86093;0.86105;0.86099;3;T;True;2
1621258763000;11556921;0.86091;0.86103;0.86097;3;T;True;2
1621258764000;11556922;0.86091;0.86103;0.86097;0;T;True;2
1621258765000;11556923;0.86091;0.86103;0.86097;0;T;True;2
1621258766000;11556926;0.86091;0.86103;0.86097;2;T;True;2
1621258767000;11556927;0.86091;0.86103;0.86097;0;T;True;2
1621258768000;11556929;0.86091;0.86103;0.86097;1;T;True;2
1621258769000;11556930;0.86091;0.86103;0.86097;0;T;True;2
1621258770000;11556932;0.86091;0.86103;0.86097;1;T;True;2
1621258771000;11556933;0.86091;0.86103;0.86097;0;T;True;2
1621258772000;11556936;0.86091;0.86103;0.86097;2;T;True;2
1621258773000;11556937;0.86091;0.86103;0.86097;0;T;True;2
1621258774000;11556938;0.86091;0.86103;0.86097;0;T;True;2
1621258775000;11556939;0.86091;0.86103;0.86097;0;T;True;2
1621258776000;11556940;0.86091;0.86103;0.86097;0;T;True;2
1621258777000;11556942;0.86091;0.86103;0.86097;1;T;True;2
1621258778000;11556945;0.8609;0.86102;0.86096;2;T;True;2
1621258779000;11556946;0.8609;0.86102;0.86096;0;T;True;2
1621258780000;11556947;0.8609;0.86102;0.86096;0;T;True;2
1621258781000;11556948;0.8609;0.86102;0.86096;0;T;True;2
1621258782000;11556949;0.8609;0.86102;0.86096;0;T;True;2
1621258783000;11556950;0.8609;0.86102;0.86096;0;T;True;2
1621258784000;11556951;0.8609;0.86102;0.86096;0;T;True;2
1621258785000;11556956;0.86088;0.861;0.86094;4;T;True;2
1621258786000;11556959;0.86089;0.86101;0.86095;2;T;True;2
1621258787000;11556960;0.86089;0.86101;0.86095;0;T;True;2
1621258788000;11556962;0.86088;0.861;0.86094;1;T;True;2
1621258789000;11556963;0.86088;0.861;0.86094;0;T;True;2
1621258790000;11556964;0.86088;0.861;0.86094;0;T;True;2
1621258791000;11556967;0.86087;0.86099;0.86093;2;T;True;2
1621258792000;11556969;0.86087;0.86099;0.86093;1;T;True;2
1621258793000;11556970;0.86087;0.86099;0.86093;0;T;True;2
1621258794000;11556973;0.86087;0.86099;0.86093;2;T;True;2
1621258795000;11556977;0.86087;0.86099;0.86093;3;T;True;2
1621258796000;11556978;0.86087;0.86099;0.86093;0;T;True;2
1621258797000;11556979;0.86087;0.86099;0.86093;0;T;True;2
1621258798000;11556981;0.86087;0.86099;0.86093;1;T;True;2
1621258799000;11556982;0.86087;0.86099;0.86093;0;T;True;2
1621258800000;11556984;0.86087;0.86099;0.86093;1;T;True;2
1621258801000;11556988;0.86087;0.86099;0.86093;3;T;True;2
1621258802000;11556993;0.86087;0.86099;0.86093;4;T;True;2
1621258803000;11556996;0.86087;0.86099;0.86093;2;T;True;2
1621258804000;11556998;0.86087;0.86099;0.86093;1;T;True;2
1621258805000;11556999;0.86087;0.86099;0.86093;0;T;True;2
1621258806000;11557000;0.86087;0.86099;0.86093;0;T;True;2
1621258807000;11557001;0.86087;0.86099;0.86093;0;T;True;2
1621258808000;11557006;0.86085;0.86097;0.86091;4;T;True;2
1621258809000;11557007;0.86085;0.86097;0.86091;0;T;True;2
1621258810000;11557012;0.86083;0.86095;0.86089;4;T;True;2
1621258811000;11557017;0.86085;0.86097;0.86091;4;T;True;2
1621258812000;11557020;0.86085;0.86097;0.86091;2;T;True;2
1621258813000;11557027;0.86089;0.86101;0.86095;6;T;True;2
1621258814000;11557032;0.8609;0.86102;0.86096;4;T;True;2
1621258815000;11557034;0.86091;0.86103;0.86097;1;T;True;2
1621258816000;11557035;0.86091;0.86103;0.86097;0;T;True;2
1621258817000;11557040;0.86092;0.86104;0.86098;4;T;True;2
1621258818000;11557044;0.86093;0.86105;0.86099;3;T;True;2
1621258819000;11557048;0.86095;0.86107;0.86101;3;T;True;2
1621258820000;11557051;0.86097;0.86109;0.86103;2;T;True;2
1621258821000;11557057;0.86095;0.86107;0.86101;5;T;True;2
1621258822000;11557061;0.86098;0.8611;0.86104;3;T;True;2
1621258823000;11557062;0.86098;0.8611;0.86104;0;T;True;2
1621258824000;11557063;0.86098;0.8611;0.86104;0;T;True;2
1621258825000;11557066;0.86098;0.8611;0.86104;2;T;True;2
1621258826000;11557067;0.86098;0.8611;0.86104;0;T;True;2
1621258827000;11557068;0.86098;0.8611;0.86104;0;T;True;2
1621258828000;11557072;0.86099;0.86111;0.86105;3;T;True;2
1621258829000;11557075;0.861;0.86112;0.86106;2;T;True;2
1621258830000;11557077;0.86099;0.86111;0.86105;1;T;True;2
1621258831000;11557085;0.86102;0.86114;0.86108;7;T;True;2
1621258832000;11557089;0.86101;0.86113;0.86107;3;T;True;2
1621258833000;11557094;0.86102;0.86114;0.86108;4;T;True;2
1621258834000;11557102;0.86106;0.86118;0.86112;7;T;True;2
1621258835000;11557107;0.86105;0.86117;0.86111;4;T;True;2
1621258836000;11557110;0.86105;0.86117;0.86111;2;T;True;2
1621258837000;11557113;0.86105;0.86117;0.86111;2;T;True;2
1621258838000;11557114;0.86105;0.86117;0.86111;0;T;True;2
1621258839000;11557122;0.86103;0.86115;0.86109;7;T;True;2
1621258840000;11557129;0.86103;0.86115;0.86109;6;T;True;2
1621258841000;11557134;0.86105;0.86117;0.86111;4;T;True;2
1621258842000;11557141;0.86105;0.86117;0.86111;6;T;True;2
1621258843000;11557144;0.86106;0.86118;0.86112;2;T;True;2
1621258844000;11557146;0.86105;0.86117;0.86111;1;T;True;2
1621258845000;11557148;0.86106;0.86118;0.86112;1;T;True;2
1621258846000;11557151;0.86105;0.86117;0.86111;2;T;True;2
1621258847000;11557155;0.86105;0.86117;0.86111;3;T;True;2
1621258848000;11557156;0.86105;0.86117;0.86111;0;T;True;2
1621258849000;11557158;0.86105;0.86117;0.86111;1;T;True;2
1621258850000;11557164;0.86101;0.86113;0.86107;5;T;True;2
1621258851000;11557166;0.86102;0.86114;0.86108;1;T;True;2
1621258852000;11557169;0.86101;0.86113;0.86107;2;T;True;2
1621258853000;11557173;0.86102;0.86114;0.86108;3;T;True;2
1621258854000;11557174;0.86102;0.86114;0.86108;0;T;True;2
1621258855000;11557175;0.86102;0.86114;0.86108;0;T;True;2
1621258856000;11557182;0.86099;0.86111;0.86105;6;T;True;2
1621258857000;11557183;0.86099;0.86111;0.86105;0;T;True;2
1621258858000;11557184;0.86099;0.86111;0.86105;0;T;True;2
1621258859000;11557186;0.86099;0.86111;0.86105;1;T;True;2
1621258860000;11557192;0.86098;0.8611;0.86104;5;T;True;2
1621258861000;11557193;0.86098;0.8611;0.86104;0;T;True;2
1621258862000;11557196;0.86098;0.8611;0.86104;2;T;True;2
1621258863000;11557202;0.86099;0.86111;0.86105;5;T;True;2
1621258864000;11557204;0.861;0.86112;0.86106;1;T;True;2
1621258865000;11557206;0.861;0.86112;0.86106;1;T;True;2
1621258866000;11557207;0.861;0.86112;0.86106;0;T;True;2
1621258867000;11557208;0.861;0.86112;0.86106;0;T;True;2
1621258868000;11557213;0.86104;0.86116;0.8611;4;T;True;2
1621258869000;11557214;0.86104;0.86116;0.8611;0;T;True;2
1621258870000;11557217;0.86104;0.86116;0.8611;2;T;True;2
1621258871000;11557220;0.86105;0.86117;0.86111;2;T;True;2
1621258872000;11557224;0.86105;0.86117;0.86111;3;T;True;2
1621258873000;11557225;0.86105;0.86117;0.86111;0;T;True;2
1621258874000;11557228;0.86107;0.86119;0.86113;2;T;True;2
1621258875000;11557230;0.86107;0.86119;0.86113;1;T;True;2
1621258876000;11557231;0.86107;0.86119;0.86113;0;T;True;2
1621258877000;11557232;0.86107;0.86119;0.86113;0;T;True;2
1621258878000;11557235;0.86105;0.86117;0.86111;2;T;True;2
1621258879000;11557237;0.86106;0.86118;0.86112;1;T;True;2
1621258880000;11557238;0.86106;0.86118;0.86112;0;T;True;2
1621258881000;11557240;0.86105;0.86117;0.86111;1;T;True;2
1621258882000;11557244;0.86105;0.86117;0.86111;3;T;True;2
1621258883000;11557247;0.86107;0.86119;0.86113;2;T;True;2
1621258884000;11557251;0.86107;0.86119;0.86113;3;T;True;2
1621258885000;11557252;0.86107;0.86119;0.86113;0;T;True;2
1621258886000;11557253;0.86107;0.86119;0.86113;0;T;True;2
1621258887000;11557255;0.86108;0.8612;0.86114;1;T;True;2
1621258888000;11557256;0.86108;0.8612;0.86114;0;T;True;2
1621258889000;11557257;0.86108;0.8612;0.86114;0;T;True;2
1621258890000;11557259;0.86109;0.86121;0.86115;1;T;True;2
1621258891000;11557260;0.86109;0.86121;0.86115;0;T;True;2
1621258892000;11557264;0.86112;0.86124;0.86118;3;T;True;2
1621258893000;11557268;0.86109;0.86121;0.86115;3;T;True;2
1621258894000;11557281;0.86119;0.86131;0.86125;12;T;True;2
1621258895000;11557284;0.86119;0.86131;0.86125;2;T;True;2
1621258896000;11557287;0.86118;0.8613;0.86124;2;T;True;2
1621258897000;11557290;0.86118;0.8613;0.86124;2;T;True;2
1621258898000;11557292;0.86119;0.86131;0.86125;1;T;True;2
1621258899000;11557297;0.8612;0.86132;0.86126;4;T;True;2
1621258900000;11557299;0.86121;0.86133;0.86127;1;T;True;2
1621258901000;11557301;0.86122;0.86134;0.86128;1;T;True;2
1621258902000;11557302;0.86122;0.86134;0.86128;0;T;True;2
1621258903000;11557303;0.86122;0.86134;0.86128;0;T;True;2
1621258904000;11557304;0.86122;0.86134;0.86128;0;T;True;2
1621258905000;11557308;0.86121;0.86133;0.86127;3;T;True;2
1621258906000;11557309;0.86121;0.86133;0.86127;0;T;True;2
1621258907000;11557312;0.86121;0.86133;0.86127;2;T;True;2
1621258908000;11557315;0.86119;0.86131;0.86125;2;T;True;2
1621258909000;11557316;0.86119;0.86131;0.86125;0;T;True;2
1621258910000;11557317;0.86119;0.86131;0.86125;0;T;True;2
1621258911000;11557318;0.86119;0.86131;0.86125;0;T;True;2
1621258912000;11557322;0.86121;0.86133;0.86127;3;T;True;2
1621258913000;11557324;0.86121;0.86133;0.86127;1;T;True;2
1621258914000;11557327;0.86123;0.86135;0.86129;2;T;True;2
1621258915000;11557330;0.86123;0.86135;0.86129;2;T;True;2
1621258916000;11557331;0.86123;0.86135;0.86129;0;T;True;2
1621258917000;11557333;0.86124;0.86136;0.8613;1;T;True;2
1621258918000;11557334;0.86124;0.86136;0.8613;0;T;True;2
1621258919000;11557336;0.86123;0.86135;0.86129;1;T;True;2
1621258920000;11557337;0.86123;0.86135;0.86129;0;T;True;2
1621258921000;11557338;0.86123;0.86135;0.86129;0;T;True;2
1621258922000;11557339;0.86123;0.86135;0.86129;0;T;True;2
1621258923000;11557342;0.86119;0.86131;0.86125;2;T;True;2
1621258924000;11557343;0.86119;0.86131;0.86125;0;T;True;2
1621258925000;11557344;0.86119;0.86131;0.86125;0;T;True;2
1621258926000;11557345;0.86119;0.86131;0.86125;0;T;True;2
1621258927000;11557346;0.86119;0.86131;0.86125;0;T;True;2
1621258928000;11557347;0.86119;0.86131;0.86125;0;T;True;2
1621258929000;11557350;0.86119;0.86131;0.86125;2;T;True;2
1621258930000;11557352;0.8612;0.86132;0.86126;1;T;True;2
1621258931000;11557353;0.8612;0.86132;0.86126;0;T;True;2
1621258932000;11557356;0.86119;0.86131;0.86125;2;T;True;2
1621258933000;11557358;0.86118;0.8613;0.86124;1;T;True;2
1621258934000;11557359;0.86118;0.8613;0.86124;0;T;True;2
1621258935000;11557362;0.86117;0.86129;0.86123;2;T;True;2
1621258936000;11557364;0.86117;0.86129;0.86123;1;T;True;2
1621258937000;11557366;0.86117;0.86129;0.86123;1;T;True;2
1621258938000;11557368;0.86118;0.8613;0.86124;1;T;True;2
1621258939000;11557370;0.86119;0.86131;0.86125;1;T;True;2
1621258940000;11557371;0.86119;0.86131;0.86125;0;T;True;2
1621258941000;11557372;0.86119;0.86131;0.86125;0;T;True;2
1621258942000;11557373;0.86119;0.86131;0.86125;0;T;True;2
1621258943000;11557374;0.86119;0.86131;0.86125;0;T;True;2
1621258944000;11557375;0.86119;0.86131;0.86125;0;T;True;2
1621258945000;11557376;0.86119;0.86131;0.86125;0;T;True;2
1621258946000;11557378;0.86118;0.8613;0.86124;1;T;True;2
1621258947000;11557380;0.86119;0.86131;0.86125;1;T;True;2
1621258948000;11557381;0.86119;0.86131;0.86125;0;T;True;2
1621258949000;11557384;0.86119;0.86131;0.86125;2;T;True;2
1621258950000;11557387;0.86122;0.86134;0.86128;2;T;True;2
1621258951000;11557393;0.86121;0.86133;0.86127;5;T;True;2
1621258952000;11557395;0.86121;0.86133;0.86127;1;T;True;2
1621258953000;11557402;0.86119;0.86131;0.86125;6;T;True;2
1621258954000;11557403;0.86119;0.86131;0.86125;0;T;True;2
1621258955000;11557404;0.86119;0.86131;0.86125;0;T;True;2
1621258956000;11557405;0.86119;0.86131;0.86125;0;T;True;2
1621258957000;11557407;0.86119;0.86131;0.86125;1;T;True;2
1621258958000;11557412;0.86118;0.8613;0.86124;4;T;True;2
1621258959000;11557413;0.86118;0.8613;0.86124;0;T;True;2
1621258960000;11557415;0.86118;0.8613;0.86124;1;T;True;2
1621258961000;11557417;0.86117;0.86129;0.86123;1;T;True;2
1621258962000;11557418;0.86117;0.86129;0.86123;0;T;True;2
1621258963000;11557420;0.86117;0.86129;0.86123;1;T;True;2
1621258964000;11557421;0.86117;0.86129;0.86123;0;T;True;2
1621258965000;11557422;0.86117;0.86129;0.86123;0;T;True;2
1621258966000;11557423;0.86117;0.86129;0.86123;0;T;True;2
1621258967000;11557424;0.86117;0.86129;0.86123;0;T;True;2
1621258968000;11557428;0.86115;0.86127;0.86121;3;T;True;2
1621258969000;11557429;0.86115;0.86127;0.86121;0;T;True;2
1621258970000;11557431;0.86115;0.86127;0.86121;1;T;True;2
1621258971000;11557434;0.86115;0.86127;0.86121;2;T;True;2
1621258972000;11557439;0.86117;0.86129;0.86123;4;T;True;2
1621258973000;11557441;0.86118;0.8613;0.86124;1;T;True;2
1621258974000;11557443;0.86117;0.86129;0.86123;1;T;True;2
1621258975000;11557445;0.86118;0.8613;0.86124;1;T;True;2
1621258976000;11557446;0.86118;0.8613;0.86124;0;T;True;2
1621258977000;11557448;0.86119;0.86131;0.86125;1;T;True;2
1621258978000;11557452;0.86121;0.86133;0.86127;3;T;True;2
1621258979000;11557453;0.86121;0.86133;0.86127;0;T;True;2
1621258980000;11557455;0.86119;0.86131;0.86125;1;T;True;2
1621258981000;11557456;0.86119;0.86131;0.86125;0;T;True;2
1621258982000;11557461;0.86118;0.8613;0.86124;4;T;True;2
1621258983000;11557463;0.86118;0.8613;0.86124;1;T;True;2
1621258984000;11557465;0.86118;0.8613;0.86124;1;T;True;2
1621258985000;11557466;0.86118;0.8613;0.86124;0;T;True;2
1621258986000;11557468;0.86119;0.86131;0.86125;1;T;True;2
1621258987000;11557469;0.86119;0.86131;0.86125;0;T;True;2
1621258988000;11557471;0.86119;0.86131;0.86125;1;T;True;2
1621258989000;11557472;0.86119;0.86131;0.86125;0;T;True;2
1621258990000;11557474;0.86119;0.86131;0.86125;1;T;True;2
1621258991000;11557475;0.86119;0.86131;0.86125;0;T;True;2
1621258992000;11557478;0.86119;0.86131;0.86125;2;T;True;2
1621258993000;11557481;0.86121;0.86133;0.86127;2;T;True;2
1621258994000;11557483;0.8612;0.86132;0.86126;1;T;True;2
1621258995000;11557487;0.86119;0.86131;0.86125;3;T;True;2
1621258996000;11557488;0.86119;0.86131;0.86125;0;T;True;2
1621258997000;11557490;0.86119;0.86131;0.86125;1;T;True;2
1621258998000;11557496;0.86117;0.86129;0.86123;5;T;True;2
1621258999000;11557497;0.86117;0.86129;0.86123;0;T;True;2
1621259000000;11557500;0.86117;0.86129;0.86123;2;T;True;2
1621259001000;11557503;0.86119;0.86131;0.86125;2;T;True;2
1621259002000;11557505;0.8612;0.86132;0.86126;1;T;True;2
1621259003000;11557506;0.8612;0.86132;0.86126;0;T;True;2
1621259004000;11557508;0.86121;0.86133;0.86127;1;T;True;2
1621259005000;11557509;0.86121;0.86133;0.86127;0;T;True;2
1621259006000;11557514;0.86121;0.86133;0.86127;4;T;True;2
1621259007000;11557516;0.86121;0.86133;0.86127;1;T;True;2
1621259008000;11557518;0.86122;0.86134;0.86128;1;T;True;2
1621259009000;11557519;0.86122;0.86134;0.86128;0;T;True;2
1621259010000;11557520;0.86122;0.86134;0.86128;0;T;True;2
1621259011000;11557522;0.86121;0.86133;0.86127;1;T;True;2
1621259012000;11557526;0.86123;0.86135;0.86129;3;T;True;2
1621259013000;11557532;0.86126;0.86138;0.86132;5;T;True;2
1621259014000;11557535;0.86127;0.86139;0.86133;2;T;True;2
1621259015000;11557537;0.86126;0.86138;0.86132;1;T;True;2
1621259016000;11557541;0.86127;0.86139;0.86133;3;T;True;2
1621259017000;11557544;0.86127;0.86139;0.86133;2;T;True;2
1621259018000;11557548;0.86127;0.86139;0.86133;3;T;True;2
1621259019000;11557551;0.86127;0.86139;0.86133;2;T;True;2
1621259020000;11557552;0.86127;0.86139;0.86133;0;T;True;2
1621259021000;11557554;0.86126;0.86138;0.86132;1;T;True;2
1621259022000;11557557;0.86127;0.86139;0.86133;2;T;True;2
1621259023000;11557564;0.86126;0.86138;0.86132;6;T;True;2
1621259024000;11557565;0.86126;0.86138;0.86132;0;T;True;2
1621259025000;11557567;0.86126;0.86138;0.86132;1;T;True;2
1621259026000;11557568;0.86126;0.86138;0.86132;0;T;True;2
1621259027000;11557569;0.86126;0.86138;0.86132;0;T;True;2
1621259028000;11557572;0.86125;0.86137;0.86131;2;T;True;2
1621259029000;11557574;0.86126;0.86138;0.86132;1;T;True;2
1621259030000;11557578;0.86126;0.86138;0.86132;3;T;True;2
1621259031000;11557581;0.86127;0.86139;0.86133;2;T;True;2
1621259032000;11557582;0.86127;0.86139;0.86133;0;T;True;2
1621259033000;11557583;0.86127;0.86139;0.86133;0;T;True;2
1621259034000;11557584;0.86127;0.86139;0.86133;0;T;True;2
1621259035000;11557585;0.86127;0.86139;0.86133;0;T;True;2
1621259036000;11557590;0.86123;0.86135;0.86129;4;T;True;2
1621259037000;11557591;0.86123;0.86135;0.86129;0;T;True;2
1621259038000;11557594;0.86125;0.86137;0.86131;2;T;True;2
1621259039000;11557595;0.86125;0.86137;0.86131;0;T;True;2
1621259040000;11557596;0.86125;0.86137;0.86131;0;T;True;2
1621259041000;11557598;0.86125;0.86137;0.86131;1;T;True;2
1621259042000;11557599;0.86125;0.86137;0.86131;0;T;True;2
1621259043000;11557604;0.86125;0.86137;0.86131;4;T;True;2
1621259044000;11557605;0.86125;0.86137;0.86131;0;T;True;2
1621259045000;11557607;0.86124;0.86136;0.8613;1;T;True;2
1621259046000;11557609;0.86123;0.86135;0.86129;1;T;True;2
1621259047000;11557611;0.86123;0.86135;0.86129;1;T;True;2
1621259048000;11557614;0.86123;0.86135;0.86129;2;T;True;2
1621259049000;11557622;0.86118;0.8613;0.86124;7;T;True;2
1621259050000;11557628;0.86117;0.86129;0.86123;5;T;True;2
1621259051000;11557629;0.86117;0.86129;0.86123;0;T;True;2
1621259052000;11557630;0.86117;0.86129;0.86123;0;T;True;2
1621259053000;11557631;0.86117;0.86129;0.86123;0;T;True;2
1621259054000;11557632;0.86117;0.86129;0.86123;0;T;True;2
1621259055000;11557633;0.86117;0.86129;0.86123;0;T;True;2
1621259056000;11557635;0.86117;0.86129;0.86123;1;T;True;2
1621259057000;11557639;0.86119;0.86131;0.86125;3;T;True;2
1621259058000;11557642;0.86119;0.86131;0.86125;2;T;True;2
1621259059000;11557648;0.86119;0.86131;0.86125;5;T;True;2
1621259060000;11557650;0.86119;0.86131;0.86125;1;T;True;2
1621259061000;11557653;0.86119;0.86131;0.86125;2;T;True;2
1621259062000;11557657;0.86115;0.86127;0.86121;3;T;True;2
1621259063000;11557659;0.86116;0.86128;0.86122;1;T;True;2
1621259064000;11557660;0.86116;0.86128;0.86122;0;T;True;2
1621259065000;11557663;0.86116;0.86128;0.86122;2;T;True;2
1621259066000;11557664;0.86116;0.86128;0.86122;0;T;True;2
1621259067000;11557666;0.86115;0.86127;0.86121;1;T;True;2
1621259068000;11557667;0.86115;0.86127;0.86121;0;T;True;2
1621259069000;11557668;0.86115;0.86127;0.86121;0;T;True;2
1621259070000;11557669;0.86115;0.86127;0.86121;0;T;True;2
1621259071000;11557671;0.86112;0.86124;0.86118;1;T;True;2
1621259072000;11557673;0.86112;0.86124;0.86118;1;T;True;2
1621259073000;11557674;0.86112;0.86124;0.86118;0;T;True;2
1621259074000;11557677;0.86111;0.86123;0.86117;2;T;True;2
1621259075000;11557685;0.8611;0.86122;0.86116;7;T;True;2
1621259076000;11557687;0.8611;0.86122;0.86116;1;T;True;2
1621259077000;11557688;0.8611;0.86122;0.86116;0;T;True;2
1621259078000;11557689;0.8611;0.86122;0.86116;0;T;True;2
1621259079000;11557690;0.8611;0.86122;0.86116;0;T;True;2
1621259080000;11557692;0.86109;0.86121;0.86115;1;T;True;2
1621259081000;11557694;0.8611;0.86122;0.86116;1;T;True;2
1621259082000;11557696;0.8611;0.86122;0.86116;1;T;True;2
1621259083000;11557699;0.8611;0.86122;0.86116;2;T;True;2
1621259084000;11557705;0.86109;0.86121;0.86115;5;T;True;2
1621259085000;11557707;0.86109;0.86121;0.86115;1;T;True;2
1621259086000;11557709;0.86109;0.86121;0.86115;1;T;True;2
1621259087000;11557710;0.86109;0.86121;0.86115;0;T;True;2
1621259088000;11557711;0.86109;0.86121;0.86115;0;T;True;2
1621259089000;11557714;0.86109;0.86121;0.86115;2;T;True;2
1621259090000;11557718;0.86109;0.86121;0.86115;3;T;True;2
1621259091000;11557720;0.8611;0.86122;0.86116;1;T;True;2
1621259092000;11557721;0.8611;0.86122;0.86116;0;T;True;2
1621259093000;11557727;0.8611;0.86122;0.86116;5;T;True;2
1621259094000;11557731;0.86111;0.86123;0.86117;3;T;True;2
1621259095000;11557735;0.8611;0.86122;0.86116;3;T;True;2
1621259096000;11557736;0.8611;0.86122;0.86116;0;T;True;2
1621259097000;11557740;0.8611;0.86122;0.86116;3;T;True;2
1621259098000;11557742;0.8611;0.86122;0.86116;1;T;True;2
1621259099000;11557744;0.86109;0.86121;0.86115;1;T;True;2
1621259100000;11557745;0.86109;0.86121;0.86115;0;T;True;2
1621259101000;11557749;0.8611;0.86122;0.86116;3;T;True;2
1621259102000;11557754;0.86112;0.86124;0.86118;4;T;True;2
1621259103000;11557756;0.86111;0.86123;0.86117;1;T;True;2
1621259104000;11557758;0.8611;0.86122;0.86116;1;T;True;2
1621259105000;11557760;0.86111;0.86123;0.86117;1;T;True;2
1621259106000;11557761;0.86111;0.86123;0.86117;0;T;True;2
1621259107000;11557762;0.86111;0.86123;0.86117;0;T;True;2
1621259108000;11557763;0.86111;0.86123;0.86117;0;T;True;2
1621259109000;11557764;0.86111;0.86123;0.86117;0;T;True;2
1621259110000;11557765;0.86111;0.86123;0.86117;0;T;True;2
1621259111000;11557766;0.86111;0.86123;0.86117;0;T;True;2
1621259112000;11557768;0.86109;0.86121;0.86115;1;T;True;2
1621259113000;11557773;0.86103;0.86115;0.86109;4;T;True;2
1621259114000;11557775;0.86103;0.86115;0.86109;1;T;True;2
1621259115000;11557776;0.86103;0.86115;0.86109;0;T;True;2
1621259116000;11557777;0.86103;0.86115;0.86109;0;T;True;2
1621259117000;11557779;0.86102;0.86114;0.86108;1;T;True;2
1621259118000;11557781;0.86103;0.86115;0.86109;1;T;True;2
1621259119000;11557784;0.86103;0.86115;0.86109;2;T;True;2
1621259120000;11557785;0.86103;0.86115;0.86109;0;T;True;2
1621259121000;11557786;0.86103;0.86115;0.86109;0;T;True;2
1621259122000;11557787;0.86103;0.86115;0.86109;0;T;True;2
1621259123000;11557788;0.86103;0.86115;0.86109;0;T;True;2
1621259124000;11557789;0.86103;0.86115;0.86109;0;T;True;2
1621259125000;11557790;0.86103;0.86115;0.86109;0;T;True;2
1621259126000;11557791;0.86103;0.86115;0.86109;0;T;True;2
1621259127000;11557792;0.86103;0.86115;0.86109;0;T;True;2
1621259128000;11557794;0.86102;0.86114;0.86108;1;T;True;2
1621259129000;11557802;0.86105;0.86117;0.86111;7;T;True;2
1621259130000;11557803;0.86105;0.86117;0.86111;0;T;True;2
1621259131000;11557811;0.86113;0.86125;0.86119;7;T;True;2
1621259132000;11557812;0.86113;0.86125;0.86119;0;T;True;2
1621259133000;11557816;0.86112;0.86124;0.86118;3;T;True;2
1621259134000;11557817;0.86112;0.86124;0.86118;0;T;True;2
1621259135000;11557818;0.86112;0.86124;0.86118;0;T;True;2
1621259136000;11557820;0.86111;0.86123;0.86117;1;T;True;2
1621259137000;11557821;0.86111;0.86123;0.86117;0;T;True;2
1621259138000;11557822;0.86111;0.86123;0.86117;0;T;True;2
1621259139000;11557823;0.86111;0.86123;0.86117;0;T;True;2
1621259140000;11557824;0.86111;0.86123;0.86117;0;T;True;2
1621259141000;11557825;0.86111;0.86123;0.86117;0;T;True;2
1621259142000;11557829;0.86115;0.86127;0.86121;3;T;True;2
1621259143000;11557830;0.86115;0.86127;0.86121;0;T;True;2
1621259144000;11557831;0.86115;0.86127;0.86121;0;T;True;2
1621259145000;11557832;0.86115;0.86127;0.86121;0;T;True;2
1621259146000;11557833;0.86115;0.86127;0.86121;0;T;True;2
1621259147000;11557834;0.86115;0.86127;0.86121;0;T;True;2
1621259148000;11557835;0.86115;0.86127;0.86121;0;T;True;2
1621259149000;11557836;0.86115;0.86127;0.86121;0;T;True;2
1621259150000;11557837;0.86115;0.86127;0.86121;0;T;True;2
1621259151000;11557838;0.86115;0.86127;0.86121;0;T;True;2
1621259152000;11557842;0.86116;0.86128;0.86122;3;T;True;2
1621259153000;11557843;0.86116;0.86128;0.86122;0;T;True;2
1621259154000;11557844;0.86116;0.86128;0.86122;0;T;True;2
1621259155000;11557846;0.86115;0.86127;0.86121;1;T;True;2
1621259156000;11557847;0.86115;0.86127;0.86121;0;T;True;2
1621259157000;11557850;0.86116;0.86128;0.86122;2;T;True;2
1621259158000;11557851;0.86116;0.86128;0.86122;0;T;True;2
1621259159000;11557852;0.86116;0.86128;0.86122;0;T;True;2
1621259160000;11557857;0.86115;0.86127;0.86121;4;T;True;2
1621259161000;11557860;0.86116;0.86128;0.86122;2;T;True;2
1621259162000;11557866;0.86112;0.86124;0.86118;5;T;True;2
1621259163000;11557867;0.86112;0.86124;0.86118;0;T;True;2
1621259164000;11557871;0.86109;0.86121;0.86115;3;T;True;2
1621259165000;11557872;0.86109;0.86121;0.86115;0;T;True;2
1621259166000;11557873;0.86109;0.86121;0.86115;0;T;True;2
1621259167000;11557874;0.86109;0.86121;0.86115;0;T;True;2
1621259168000;11557875;0.86109;0.86121;0.86115;0;T;True;2
1621259169000;11557876;0.86109;0.86121;0.86115;0;T;True;2
1621259170000;11557878;0.86109;0.86121;0.86115;1;T;True;2
1621259171000;11557879;0.86109;0.86121;0.86115;0;T;True;2
1621259172000;11557883;0.86108;0.8612;0.86114;3;T;True;2
1621259173000;11557884;0.86108;0.8612;0.86114;0;T;True;2
1621259174000;11557887;0.86109;0.86121;0.86115;2;T;True;2
1621259175000;11557906;0.86101;0.86113;0.86107;18;T;True;2
1621259176000;11557908;0.86101;0.86113;0.86107;1;T;True;2
1621259177000;11557909;0.86101;0.86113;0.86107;0;T;True;2
1621259178000;11557910;0.86101;0.86113;0.86107;0;T;True;2
1621259179000;11557916;0.86105;0.86117;0.86111;5;T;True;2
1621259180000;11557920;0.86106;0.86118;0.86112;3;T;True;2
1621259181000;11557922;0.86106;0.86118;0.86112;1;T;True;2
1621259182000;11557925;0.86108;0.8612;0.86114;2;T;True;2
1621259183000;11557930;0.86106;0.86118;0.86112;4;T;True;2
1621259184000;11557931;0.86106;0.86118;0.86112;0;T;True;2
1621259185000;11557935;0.86106;0.86118;0.86112;3;T;True;2
1621259186000;11557937;0.86106;0.86118;0.86112;1;T;True;2
1621259187000;11557938;0.86106;0.86118;0.86112;0;T;True;2
1621259188000;11557940;0.86107;0.86119;0.86113;1;T;True;2
1621259189000;11557941;0.86107;0.86119;0.86113;0;T;True;2
1621259190000;11557943;0.86107;0.86119;0.86113;1;T;True;2
1621259191000;11557944;0.86107;0.86119;0.86113;0;T;True;2
1621259192000;11557947;0.86105;0.86117;0.86111;2;T;True;2
1621259193000;11557949;0.86105;0.86117;0.86111;1;T;True;2
1621259194000;11557951;0.86106;0.86118;0.86112;1;T;True;2
1621259195000;11557952;0.86106;0.86118;0.86112;0;T;True;2
1621259196000;11557954;0.86106;0.86118;0.86112;1;T;True;2
1621259197000;11557955;0.86106;0.86118;0.86112;0;T;True;2
1621259198000;11557956;0.86106;0.86118;0.86112;0;T;True;2
1621259199000;11557959;0.86106;0.86118;0.86112;2;T;True;2
1621259200000;11557963;0.86107;0.86119;0.86113;3;T;True;2
1621259201000;11557964;0.86107;0.86119;0.86113;0;T;True;2
1621259202000;11557965;0.86107;0.86119;0.86113;0;T;True;2
1621259203000;11557970;0.86112;0.86124;0.86118;4;T;True;2
1621259204000;11557971;0.86112;0.86124;0.86118;0;T;True;2
1621259205000;11557972;0.86112;0.86124;0.86118;0;T;True;2
1621259206000;11557974;0.86111;0.86123;0.86117;1;T;True;2
1621259207000;11557976;0.86111;0.86123;0.86117;1;T;True;2
1621259208000;11557977;0.86111;0.86123;0.86117;0;T;True;2
1621259209000;11557978;0.86111;0.86123;0.86117;0;T;True;2
1621259210000;11557979;0.86111;0.86123;0.86117;0;T;True;2
1621259211000;11557982;0.86112;0.86124;0.86118;2;T;True;2
1621259212000;11557983;0.86112;0.86124;0.86118;0;T;True;2
1621259213000;11557984;0.86112;0.86124;0.86118;0;T;True;2
1621259214000;11557987;0.86111;0.86123;0.86117;2;T;True;2
1621259215000;11557988;0.86111;0.86123;0.86117;0;T;True;2
1621259216000;11557989;0.86111;0.86123;0.86117;0;T;True;2
1621259217000;11557990;0.86111;0.86123;0.86117;0;T;True;2
1621259218000;11557991;0.86111;0.86123;0.86117;0;T;True;2
1621259219000;11557997;0.86115;0.86127;0.86121;5;T;True;2
1621259220000;11557998;0.86115;0.86127;0.86121;0;T;True;2
1621259221000;11558002;0.86115;0.86127;0.86121;3;T;True;2
1621259222000;11558003;0.86115;0.86127;0.86121;0;T;True;2
1621259223000;11558006;0.86116;0.86128;0.86122;2;T;True;2
1621259224000;11558007;0.86116;0.86128;0.86122;0;T;True;2
1621259225000;11558008;0.86116;0.86128;0.86122;0;T;True;2
1621259226000;11558009;0.86116;0.86128;0.86122;0;T;True;2
1621259227000;11558010;0.86116;0.86128;0.86122;0;T;True;2
1621259228000;11558015;0.86115;0.86127;0.86121;4;T;True;2
1621259229000;11558016;0.86115;0.86127;0.86121;0;T;True;2
1621259230000;11558017;0.86115;0.86127;0.86121;0;T;True;2
1621259231000;11558020;0.86115;0.86127;0.86121;2;T;True;2
1621259232000;11558022;0.86116;0.86128;0.86122;1;T;True;2
1621259233000;11558023;0.86116;0.86128;0.86122;0;T;True;2
1621259234000;11558029;0.86113;0.86125;0.86119;5;T;True;2
1621259235000;11558031;0.86113;0.86125;0.86119;1;T;True;2
1621259236000;11558034;0.8611;0.86122;0.86116;2;T;True;2
1621259237000;11558035;0.8611;0.86122;0.86116;0;T;True;2
1621259238000;11558038;0.86112;0.86124;0.86118;2;T;True;2
1621259239000;11558039;0.86112;0.86124;0.86118;0;T;True;2
1621259240000;11558045;0.86114;0.86126;0.8612;5;T;True;2
1621259241000;11558049;0.86115;0.86127;0.86121;3;T;True;2
1621259242000;11558050;0.86115;0.86127;0.86121;0;T;True;2
1621259243000;11558055;0.86116;0.86128;0.86122;4;T;True;2
1621259244000;11558058;0.86117;0.86129;0.86123;2;T;True;2
1621259245000;11558060;0.86117;0.86129;0.86123;1;T;True;2
1621259246000;11558061;0.86117;0.86129;0.86123;0;T;True;2
1621259247000;11558062;0.86117;0.86129;0.86123;0;T;True;2
1621259248000;11558065;0.86117;0.86129;0.86123;2;T;True;2
1621259249000;11558066;0.86117;0.86129;0.86123;0;T;True;2
1621259250000;11558067;0.86117;0.86129;0.86123;0;T;True;2
1621259251000;11558069;0.86118;0.8613;0.86124;1;T;True;2
1621259252000;11558070;0.86118;0.8613;0.86124;0;T;True;2
1621259253000;11558071;0.86118;0.8613;0.86124;0;T;True;2
1621259254000;11558073;0.86118;0.8613;0.86124;1;T;True;2
1621259255000;11558075;0.86118;0.8613;0.86124;1;T;True;2
1621259256000;11558076;0.86118;0.8613;0.86124;0;T;True;2
1621259257000;11558078;0.86117;0.86129;0.86123;1;T;True;2
1621259258000;11558079;0.86117;0.86129;0.86123;0;T;True;2
1621259259000;11558088;0.86113;0.86125;0.86119;8;T;True;2
1621259260000;11558094;0.86115;0.86127;0.86121;5;T;True;2
1621259261000;11558095;0.86115;0.86127;0.86121;0;T;True;2
1621259262000;11558097;0.86113;0.86125;0.86119;1;T;True;2
1621259263000;11558098;0.86113;0.86125;0.86119;0;T;True;2
1621259264000;11558100;0.86113;0.86125;0.86119;1;T;True;2
1621259265000;11558101;0.86113;0.86125;0.86119;0;T;True;2
1621259266000;11558106;0.86112;0.86124;0.86118;4;T;True;2
1621259267000;11558107;0.86112;0.86124;0.86118;0;T;True;2
1621259268000;11558110;0.86111;0.86123;0.86117;2;T;True;2
1621259269000;11558114;0.86113;0.86125;0.86119;3;T;True;2
1621259270000;11558115;0.86113;0.86125;0.86119;0;T;True;2
1621259271000;11558117;0.86114;0.86126;0.8612;1;T;True;2
1621259272000;11558118;0.86114;0.86126;0.8612;0;T;True;2
1621259273000;11558119;0.86114;0.86126;0.8612;0;T;True;2
1621259274000;11558120;0.86114;0.86126;0.8612;0;T;True;2
1621259275000;11558121;0.86114;0.86126;0.8612;0;T;True;2
1621259276000;11558126;0.86113;0.86125;0.86119;4;T;True;2
1621259277000;11558131;0.86114;0.86126;0.8612;4;T;True;2
1621259278000;11558135;0.86117;0.86129;0.86123;3;T;True;2
1621259279000;11558146;0.86119;0.86131;0.86125;10;T;True;2
1621259280000;11558155;0.8612;0.86132;0.86126;8;T;True;2
1621259281000;11558161;0.86117;0.86129;0.86123;5;T;True;2
1621259282000;11558165;0.86115;0.86127;0.86121;3;T;True;2
1621259283000;11558171;0.86113;0.86125;0.86119;5;T;True;2
1621259284000;11558173;0.86113;0.86125;0.86119;1;T;True;2
1621259285000;11558177;0.86112;0.86124;0.86118;3;T;True;2
1621259286000;11558178;0.86112;0.86124;0.86118;0;T;True;2
1621259287000;11558181;0.86111;0.86123;0.86117;2;T;True;2
1621259288000;11558187;0.86112;0.86124;0.86118;5;T;True;2
1621259289000;11558191;0.86111;0.86123;0.86117;3;T;True;2
1621259290000;11558193;0.86111;0.86123;0.86117;1;T;True;2
1621259291000;11558194;0.86111;0.86123;0.86117;0;T;True;2
1621259292000;11558195;0.86111;0.86123;0.86117;0;T;True;2
1621259293000;11558204;0.86116;0.86128;0.86122;8;T;True;2
1621259294000;11558210;0.86117;0.86129;0.86123;5;T;True;2
1621259295000;11558211;0.86117;0.86129;0.86123;0;T;True;2
1621259296000;11558213;0.86116;0.86128;0.86122;1;T;True;2
1621259297000;11558215;0.86116;0.86128;0.86122;1;T;True;2
1621259298000;11558216;0.86116;0.86128;0.86122;0;T;True;2
1621259299000;11558217;0.86116;0.86128;0.86122;0;T;True;2
1621259300000;11558219;0.86118;0.8613;0.86124;1;T;True;2
1621259301000;11558220;0.86118;0.8613;0.86124;0;T;True;2
1621259302000;11558221;0.86118;0.8613;0.86124;0;T;True;2
1621259303000;11558223;0.86118;0.8613;0.86124;1;T;True;2
1621259304000;11558226;0.86119;0.86131;0.86125;2;T;True;2
1621259305000;11558232;0.86123;0.86135;0.86129;5;T;True;2
1621259306000;11558234;0.86123;0.86135;0.86129;1;T;True;2
1621259307000;11558235;0.86123;0.86135;0.86129;0;T;True;2
1621259308000;11558236;0.86123;0.86135;0.86129;0;T;True;2
1621259309000;11558241;0.86125;0.86137;0.86131;4;T;True;2
1621259310000;11558250;0.86125;0.86137;0.86131;8;T;True;2
1621259311000;11558256;0.86125;0.86137;0.86131;5;T;True;2
1621259312000;11558258;0.86125;0.86137;0.86131;1;T;True;2
1621259313000;11558263;0.86126;0.86138;0.86132;4;T;True;2
1621259314000;11558265;0.86126;0.86138;0.86132;1;T;True;2
1621259315000;11558270;0.86126;0.86138;0.86132;4;T;True;2
1621259316000;11558272;0.86126;0.86138;0.86132;1;T;True;2
1621259317000;11558275;0.86125;0.86137;0.86131;2;T;True;2
1621259318000;11558277;0.86125;0.86137;0.86131;1;T;True;2
1621259319000;11558278;0.86125;0.86137;0.86131;0;T;True;2
1621259320000;11558279;0.86125;0.86137;0.86131;0;T;True;2
1621259321000;11558280;0.86125;0.86137;0.86131;0;T;True;2
1621259322000;11558284;0.86122;0.86134;0.86128;3;T;True;2
1621259323000;11558285;0.86122;0.86134;0.86128;0;T;True;2
1621259324000;11558288;0.86121;0.86133;0.86127;2;T;True;2
1621259325000;11558289;0.86121;0.86133;0.86127;0;T;True;2
1621259326000;11558291;0.86121;0.86133;0.86127;1;T;True;2
1621259327000;11558297;0.86119;0.86131;0.86125;5;T;True;2
1621259328000;11558299;0.86118;0.8613;0.86124;1;T;True;2
1621259329000;11558302;0.86118;0.8613;0.86124;2;T;True;2
1621259330000;11558303;0.86118;0.8613;0.86124;0;T;True;2
1621259331000;11558304;0.86118;0.8613;0.86124;0;T;True;2
1621259332000;11558305;0.86118;0.8613;0.86124;0;T;True;2
1621259333000;11558309;0.86121;0.86133;0.86127;3;T;True;2
1621259334000;11558311;0.86121;0.86133;0.86127;1;T;True;2
1621259335000;11558313;0.86121;0.86133;0.86127;1;T;True;2
1621259336000;11558314;0.86121;0.86133;0.86127;0;T;True;2
1621259337000;11558316;0.8612;0.86132;0.86126;1;T;True;2
1621259338000;11558319;0.8612;0.86132;0.86126;2;T;True;2
1621259339000;11558322;0.86119;0.86131;0.86125;2;T;True;2
1621259340000;11558323;0.86119;0.86131;0.86125;0;T;True;2
1621259341000;11558326;0.86119;0.86131;0.86125;2;T;True;2
1621259342000;11558327;0.86119;0.86131;0.86125;0;T;True;2
1621259343000;11558328;0.86119;0.86131;0.86125;0;T;True;2
1621259344000;11558329;0.86119;0.86131;0.86125;0;T;True;2
1621259345000;11558330;0.86119;0.86131;0.86125;0;T;True;2
1621259346000;11558331;0.86119;0.86131;0.86125;0;T;True;2
1621259347000;11558333;0.86119;0.86131;0.86125;1;T;True;2
1621259348000;11558336;0.86119;0.86131;0.86125;2;T;True;2
1621259349000;11558339;0.8612;0.86132;0.86126;2;T;True;2
1621259350000;11558344;0.8612;0.86132;0.86126;4;T;True;2
1621259351000;11558345;0.8612;0.86132;0.86126;0;T;True;2
1621259352000;11558349;0.86121;0.86133;0.86127;3;T;True;2
1621259353000;11558350;0.86121;0.86133;0.86127;0;T;True;2
1621259354000;11558351;0.86121;0.86133;0.86127;0;T;True;2
1621259355000;11558353;0.86121;0.86133;0.86127;1;T;True;2
1621259356000;11558354;0.86121;0.86133;0.86127;0;T;True;2
1621259357000;11558358;0.86119;0.86131;0.86125;3;T;True;2
1621259358000;11558361;0.86119;0.86131;0.86125;2;T;True;2
1621259359000;11558364;0.86118;0.8613;0.86124;2;T;True;2
1621259360000;11558365;0.86118;0.8613;0.86124;0;T;True;2
1621259361000;11558366;0.86118;0.8613;0.86124;0;T;True;2
1621259362000;11558367;0.86118;0.8613;0.86124;0;T;True;2
1621259363000;11558368;0.86118;0.8613;0.86124;0;T;True;2
1621259364000;11558369;0.86118;0.8613;0.86124;0;T;True;2
1621259365000;11558370;0.86118;0.8613;0.86124;0;T;True;2
1621259366000;11558373;0.86117;0.86129;0.86123;2;T;True;2
1621259367000;11558376;0.86115;0.86127;0.86121;2;T;True;2
1621259368000;11558378;0.86114;0.86126;0.8612;1;T;True;2
1621259369000;11558382;0.86114;0.86126;0.8612;3;T;True;2
1621259370000;11558386;0.86115;0.86127;0.86121;3;T;True;2
1621259371000;11558387;0.86115;0.86127;0.86121;0;T;True;2
1621259372000;11558388;0.86115;0.86127;0.86121;0;T;True;2
1621259373000;11558389;0.86115;0.86127;0.86121;0;T;True;2
1621259374000;11558390;0.86115;0.86127;0.86121;0;T;True;2
1621259375000;11558394;0.86114;0.86126;0.8612;3;T;True;2
1621259376000;11558396;0.86115;0.86127;0.86121;1;T;True;2
1621259377000;11558397;0.86115;0.86127;0.86121;0;T;True;2
1621259378000;11558398;0.86115;0.86127;0.86121;0;T;True;2
1621259379000;11558399;0.86115;0.86127;0.86121;0;T;True;2
1621259380000;11558401;0.86115;0.86127;0.86121;1;T;True;2
1621259381000;11558402;0.86115;0.86127;0.86121;0;T;True;2
1621259382000;11558403;0.86115;0.86127;0.86121;0;T;True;2
1621259383000;11558404;0.86115;0.86127;0.86121;0;T;True;2
1621259384000;11558405;0.86115;0.86127;0.86121;0;T;True;2
1621259385000;11558407;0.86115;0.86127;0.86121;1;T;True;2
1621259386000;11558408;0.86115;0.86127;0.86121;0;T;True;2
1621259387000;11558409;0.86115;0.86127;0.86121;0;T;True;2
1621259388000;11558410;0.86115;0.86127;0.86121;0;T;True;2
1621259389000;11558411;0.86115;0.86127;0.86121;0;T;True;2
1621259390000;11558412;0.86115;0.86127;0.86121;0;T;True;2
1621259391000;11558413;0.86115;0.86127;0.86121;0;T;True;2
1621259392000;11558415;0.86116;0.86128;0.86122;1;T;True;2
1621259393000;11558417;0.86117;0.86129;0.86123;1;T;True;2
1621259394000;11558420;0.86117;0.86129;0.86123;2;T;True;2
1621259395000;11558423;0.86116;0.86128;0.86122;2;T;True;2
1621259396000;11558424;0.86116;0.86128;0.86122;0;T;True;2
1621259397000;11558425;0.86116;0.86128;0.86122;0;T;True;2
1621259398000;11558426;0.86116;0.86128;0.86122;0;T;True;2
1621259399000;11558428;0.86116;0.86128;0.86122;1;T;True;2
1621259400000;11558429;0.86116;0.86128;0.86122;0;T;True;2
1621259401000;11558432;0.86117;0.86129;0.86123;2;T;True;2
1621259402000;11558433;0.86117;0.86129;0.86123;0;T;True;2
1621259403000;11558435;0.86116;0.86128;0.86122;1;T;True;2
1621259404000;11558441;0.86117;0.86129;0.86123;5;T;True;2
1621259405000;11558451;0.86111;0.86123;0.86117;9;T;True;2
1621259406000;11558456;0.86109;0.86121;0.86115;4;T;True;2
1621259407000;11558460;0.86107;0.86119;0.86113;3;T;True;2
1621259408000;11558461;0.86107;0.86119;0.86113;0;T;True;2
1621259409000;11558462;0.86107;0.86119;0.86113;0;T;True;2
1621259410000;11558464;0.86108;0.8612;0.86114;1;T;True;2
1621259411000;11558465;0.86108;0.8612;0.86114;0;T;True;2
1621259412000;11558469;0.86109;0.86121;0.86115;3;T;True;2
1621259413000;11558471;0.8611;0.86122;0.86116;1;T;True;2
1621259414000;11558474;0.86112;0.86124;0.86118;2;T;True;2
1621259415000;11558475;0.86112;0.86124;0.86118;0;T;True;2
1621259416000;11558476;0.86112;0.86124;0.86118;0;T;True;2
1621259417000;11558477;0.86112;0.86124;0.86118;0;T;True;2
1621259418000;11558478;0.86112;0.86124;0.86118;0;T;True;2
1621259419000;11558479;0.86112;0.86124;0.86118;0;T;True;2
1621259420000;11558480;0.86112;0.86124;0.86118;0;T;True;2
1621259421000;11558481;0.86112;0.86124;0.86118;0;T;True;2
1621259422000;11558482;0.86112;0.86124;0.86118;0;T;True;2
1621259423000;11558485;0.86111;0.86123;0.86117;2;T;True;2
1621259424000;11558486;0.86111;0.86123;0.86117;0;T;True;2
1621259425000;11558487;0.86111;0.86123;0.86117;0;T;True;2
1621259426000;11558490;0.86113;0.86125;0.86119;2;T;True;2
1621259427000;11558494;0.86116;0.86128;0.86122;3;T;True;2
1621259428000;11558496;0.86117;0.86129;0.86123;1;T;True;2
1621259429000;11558498;0.86117;0.86129;0.86123;1;T;True;2
1621259430000;11558504;0.86115;0.86127;0.86121;5;T;True;2
1621259431000;11558505;0.86115;0.86127;0.86121;0;T;True;2
1621259432000;11558506;0.86115;0.86127;0.86121;0;T;True;2
1621259433000;11558508;0.86114;0.86126;0.8612;1;T;True;2
1621259434000;11558514;0.86111;0.86123;0.86117;5;T;True;2
1621259435000;11558517;0.86111;0.86123;0.86117;2;T;True;2
1621259436000;11558522;0.86111;0.86123;0.86117;4;T;True;2
1621259437000;11558537;0.86113;0.86125;0.86119;14;T;True;2
1621259438000;11558541;0.86113;0.86125;0.86119;3;T;True;2
1621259439000;11558542;0.86113;0.86125;0.86119;0;T;True;2
1621259440000;11558543;0.86113;0.86125;0.86119;0;T;True;2
1621259441000;11558544;0.86113;0.86125;0.86119;0;T;True;2
1621259442000;11558545;0.86113;0.86125;0.86119;0;T;True;2
1621259443000;11558546;0.86113;0.86125;0.86119;0;T;True;2
1621259444000;11558547;0.86113;0.86125;0.86119;0;T;True;2
1621259445000;11558548;0.86113;0.86125;0.86119;0;T;True;2
1621259446000;11558551;0.86113;0.86125;0.86119;2;T;True;2
1621259447000;11558552;0.86113;0.86125;0.86119;0;T;True;2
1621259448000;11558553;0.86113;0.86125;0.86119;0;T;True;2
1621259449000;11558554;0.86113;0.86125;0.86119;0;T;True;2
1621259450000;11558555;0.86113;0.86125;0.86119;0;T;True;2
1621259451000;11558556;0.86113;0.86125;0.86119;0;T;True;2
1621259452000;11558557;0.86113;0.86125;0.86119;0;T;True;2
1621259453000;11558558;0.86113;0.86125;0.86119;0;T;True;2
1621259454000;11558559;0.86113;0.86125;0.86119;0;T;True;2
1621259455000;11558560;0.86113;0.86125;0.86119;0;T;True;2
1621259456000;11558563;0.86114;0.86126;0.8612;2;T;True;2
1621259457000;11558565;0.86113;0.86125;0.86119;1;T;True;2
1621259458000;11558566;0.86113;0.86125;0.86119;0;T;True;2
1621259459000;11558567;0.86113;0.86125;0.86119;0;T;True;2
1621259460000;11558568;0.86113;0.86125;0.86119;0;T;True;2
1621259461000;11558569;0.86113;0.86125;0.86119;0;T;True;2
1621259462000;11558570;0.86113;0.86125;0.86119;0;T;True;2
1621259463000;11558572;0.86114;0.86126;0.8612;1;T;True;2
1621259464000;11558573;0.86114;0.86126;0.8612;0;T;True;2
1621259465000;11558575;0.86115;0.86127;0.86121;1;T;True;2
1621259466000;11558576;0.86115;0.86127;0.86121;0;T;True;2
1621259467000;11558577;0.86115;0.86127;0.86121;0;T;True;2
1621259468000;11558582;0.86116;0.86128;0.86122;4;T;True;2
1621259469000;11558583;0.86116;0.86128;0.86122;0;T;True;2
1621259470000;11558584;0.86116;0.86128;0.86122;0;T;True;2
1621259471000;11558586;0.86115;0.86127;0.86121;1;T;True;2
1621259472000;11558588;0.86115;0.86127;0.86121;1;T;True;2
1621259473000;11558591;0.86113;0.86125;0.86119;2;T;True;2
1621259474000;11558592;0.86113;0.86125;0.86119;0;T;True;2
1621259475000;11558593;0.86113;0.86125;0.86119;0;T;True;2
1621259476000;11558597;0.86113;0.86125;0.86119;3;T;True;2
1621259477000;11558598;0.86113;0.86125;0.86119;0;T;True;2
1621259478000;11558601;0.86113;0.86125;0.86119;2;T;True;2
1621259479000;11558606;0.86115;0.86127;0.86121;4;T;True;2
1621259480000;11558609;0.86115;0.86127;0.86121;2;T;True;2
1621259481000;11558613;0.86116;0.86128;0.86122;3;T;True;2
1621259482000;11558617;0.86115;0.86127;0.86121;3;T;True;2
1621259483000;11558620;0.86117;0.86129;0.86123;2;T;True;2
1621259484000;11558621;0.86117;0.86129;0.86123;0;T;True;2
1621259485000;11558624;0.86119;0.86131;0.86125;2;T;True;2
1621259486000;11558625;0.86119;0.86131;0.86125;0;T;True;2
1621259487000;11558634;0.8612;0.86132;0.86126;8;T;True;2
1621259488000;11558635;0.8612;0.86132;0.86126;0;T;True;2
1621259489000;11558638;0.8612;0.86132;0.86126;2;T;True;2
1621259490000;11558644;0.86121;0.86133;0.86127;5;T;True;2
1621259491000;11558649;0.86123;0.86135;0.86129;4;T;True;2
1621259492000;11558651;0.86122;0.86134;0.86128;1;T;True;2
1621259493000;11558655;0.86121;0.86133;0.86127;3;T;True;2
1621259494000;11558657;0.86121;0.86133;0.86127;1;T;True;2
1621259495000;11558660;0.86121;0.86133;0.86127;2;T;True;2
1621259496000;11558663;0.86121;0.86133;0.86127;2;T;True;2
1621259497000;11558667;0.86121;0.86133;0.86127;3;T;True;2
1621259498000;11558671;0.8612;0.86132;0.86126;3;T;True;2
1621259499000;11558677;0.86121;0.86133;0.86127;5;T;True;2
1621259500000;11558683;0.86122;0.86134;0.86128;5;T;True;2
1621259501000;11558685;0.86122;0.86134;0.86128;1;T;True;2
1621259502000;11558694;0.86122;0.86134;0.86128;8;T;True;2
1621259503000;11558696;0.86122;0.86134;0.86128;1;T;True;2
1621259504000;11558701;0.86122;0.86134;0.86128;4;T;True;2
1621259505000;11558702;0.86122;0.86134;0.86128;0;T;True;2
1621259506000;11558707;0.86123;0.86135;0.86129;4;T;True;2
1621259507000;11558712;0.86125;0.86137;0.86131;4;T;True;2
1621259508000;11558713;0.86125;0.86137;0.86131;0;T;True;2
1621259509000;11558714;0.86125;0.86137;0.86131;0;T;True;2
1621259510000;11558715;0.86125;0.86137;0.86131;0;T;True;2
1621259511000;11558716;0.86125;0.86137;0.86131;0;T;True;2
1621259512000;11558721;0.86127;0.86139;0.86133;4;T;True;2
1621259513000;11558724;0.86128;0.8614;0.86134;2;T;True;2
1621259514000;11558726;0.86129;0.86141;0.86135;1;T;True;2
1621259515000;11558730;0.86129;0.86141;0.86135;3;T;True;2
1621259516000;11558733;0.86129;0.86141;0.86135;2;T;True;2
1621259517000;11558734;0.86129;0.86141;0.86135;0;T;True;2
1621259518000;11558735;0.86129;0.86141;0.86135;0;T;True;2
1621259519000;11558737;0.8613;0.86142;0.86136;1;T;True;2
1621259520000;11558739;0.86131;0.86143;0.86137;1;T;True;2
1621259521000;11558745;0.86129;0.86141;0.86135;5;T;True;2
1621259522000;11558749;0.86129;0.86141;0.86135;3;T;True;2
1621259523000;11558750;0.86129;0.86141;0.86135;0;T;True;2
1621259524000;11558751;0.86129;0.86141;0.86135;0;T;True;2
1621259525000;11558753;0.86128;0.8614;0.86134;1;T;True;2
1621259526000;11558755;0.86127;0.86139;0.86133;1;T;True;2
1621259527000;11558756;0.86127;0.86139;0.86133;0;T;True;2
1621259528000;11558760;0.86125;0.86137;0.86131;3;T;True;2
1621259529000;11558763;0.86124;0.86136;0.8613;2;T;True;2
1621259530000;11558765;0.86124;0.86136;0.8613;1;T;True;2
1621259531000;11558766;0.86124;0.86136;0.8613;0;T;True;2
1621259532000;11558767;0.86124;0.86136;0.8613;0;T;True;2
1621259533000;11558769;0.86124;0.86136;0.8613;1;T;True;2
1621259534000;11558773;0.86123;0.86135;0.86129;3;T;True;2
1621259535000;11558775;0.86123;0.86135;0.86129;1;T;True;2
1621259536000;11558777;0.86123;0.86135;0.86129;1;T;True;2
1621259537000;11558778;0.86123;0.86135;0.86129;0;T;True;2
1621259538000;11558780;0.86123;0.86135;0.86129;1;T;True;2
1621259539000;11558782;0.86123;0.86135;0.86129;1;T;True;2
1621259540000;11558783;0.86123;0.86135;0.86129;0;T;True;2
1621259541000;11558785;0.86123;0.86135;0.86129;1;T;True;2
1621259542000;11558789;0.86122;0.86134;0.86128;3;T;True;2
1621259543000;11558791;0.86123;0.86135;0.86129;1;T;True;2
1621259544000;11558798;0.86123;0.86135;0.86129;6;T;True;2
1621259545000;11558803;0.86123;0.86135;0.86129;4;T;True;2
1621259546000;11558805;0.86123;0.86135;0.86129;1;T;True;2
1621259547000;11558806;0.86123;0.86135;0.86129;0;T;True;2
1621259548000;11558809;0.86122;0.86134;0.86128;2;T;True;2
1621259549000;11558811;0.86123;0.86135;0.86129;1;T;True;2
1621259550000;11558812;0.86123;0.86135;0.86129;0;T;True;2
1621259551000;11558814;0.86123;0.86135;0.86129;1;T;True;2
1621259552000;11558817;0.86123;0.86135;0.86129;2;T;True;2
1621259553000;11558823;0.86123;0.86135;0.86129;5;T;True;2
1621259554000;11558824;0.86123;0.86135;0.86129;0;T;True;2
1621259555000;11558825;0.86123;0.86135;0.86129;0;T;True;2
1621259556000;11558827;0.86123;0.86135;0.86129;1;T;True;2
1621259557000;11558828;0.86123;0.86135;0.86129;0;T;True;2
1621259558000;11558830;0.86124;0.86136;0.8613;1;T;True;2
1621259559000;11558831;0.86124;0.86136;0.8613;0;T;True;2
1621259560000;11558832;0.86124;0.86136;0.8613;0;T;True;2
1621259561000;11558834;0.86123;0.86135;0.86129;1;T;True;2
1621259562000;11558835;0.86123;0.86135;0.86129;0;T;True;2
1621259563000;11558836;0.86123;0.86135;0.86129;0;T;True;2
1621259564000;11558837;0.86123;0.86135;0.86129;0;T;True;2
1621259565000;11558838;0.86123;0.86135;0.86129;0;T;True;2
1621259566000;11558839;0.86123;0.86135;0.86129;0;T;True;2
1621259567000;11558840;0.86123;0.86135;0.86129;0;T;True;2
1621259568000;11558844;0.86123;0.86135;0.86129;3;T;True;2
1621259569000;11558847;0.86123;0.86135;0.86129;2;T;True;2
1621259570000;11558849;0.86123;0.86135;0.86129;1;T;True;2
1621259571000;11558850;0.86123;0.86135;0.86129;0;T;True;2
1621259572000;11558852;0.86123;0.86135;0.86129;1;T;True;2
1621259573000;11558857;0.86123;0.86135;0.86129;4;T;True;2
1621259574000;11558858;0.86123;0.86135;0.86129;0;T;True;2
1621259575000;11558859;0.86123;0.86135;0.86129;0;T;True;2
1621259576000;11558864;0.86123;0.86135;0.86129;4;T;True;2
1621259577000;11558865;0.86123;0.86135;0.86129;0;T;True;2
1621259578000;11558866;0.86123;0.86135;0.86129;0;T;True;2
1621259579000;11558870;0.86121;0.86133;0.86127;3;T;True;2
1621259580000;11558873;0.86122;0.86134;0.86128;2;T;True;2
1621259581000;11558874;0.86122;0.86134;0.86128;0;T;True;2
1621259582000;11558877;0.86123;0.86135;0.86129;2;T;True;2
1621259583000;11558880;0.86123;0.86135;0.86129;2;T;True;2
1621259584000;11558881;0.86123;0.86135;0.86129;0;T;True;2
1621259585000;11558882;0.86123;0.86135;0.86129;0;T;True;2
1621259586000;11558885;0.86121;0.86133;0.86127;2;T;True;2
1621259587000;11558886;0.86121;0.86133;0.86127;0;T;True;2
1621259588000;11558892;0.86124;0.86136;0.8613;5;T;True;2
1621259589000;11558894;0.86125;0.86137;0.86131;1;T;True;2
1621259590000;11558895;0.86125;0.86137;0.86131;0;T;True;2
1621259591000;11558899;0.86125;0.86137;0.86131;3;T;True;2
1621259592000;11558900;0.86125;0.86137;0.86131;0;T;True;2
1621259593000;11558902;0.86126;0.86138;0.86132;1;T;True;2
1621259594000;11558903;0.86126;0.86138;0.86132;0;T;True;2
1621259595000;11558904;0.86126;0.86138;0.86132;0;T;True;2
1621259596000;11558905;0.86126;0.86138;0.86132;0;T;True;2
1621259597000;11558907;0.86127;0.86139;0.86133;1;T;True;2
1621259598000;11558908;0.86127;0.86139;0.86133;0;T;True;2
1621259599000;11558909;0.86127;0.86139;0.86133;0;T;True;2
1621259600000;11558910;0.86127;0.86139;0.86133;0;T;True;2
1621259601000;11558911;0.86127;0.86139;0.86133;0;T;True;2
1621259602000;11558914;0.86127;0.86139;0.86133;2;T;True;2
1621259603000;11558915;0.86127;0.86139;0.86133;0;T;True;2
1621259604000;11558916;0.86127;0.86139;0.86133;0;T;True;2
1621259605000;11558921;0.86129;0.86141;0.86135;4;T;True;2
1621259606000;11558922;0.86129;0.86141;0.86135;0;T;True;2
1621259607000;11558923;0.86129;0.86141;0.86135;0;T;True;2
1621259608000;11558926;0.86131;0.86143;0.86137;2;T;True;2
1621259609000;11558927;0.86131;0.86143;0.86137;0;T;True;2
1621259610000;11558928;0.86131;0.86143;0.86137;0;T;True;2
1621259611000;11558930;0.86133;0.86145;0.86139;1;T;True;2
1621259612000;11558931;0.86133;0.86145;0.86139;0;T;True;2
1621259613000;11558932;0.86133;0.86145;0.86139;0;T;True;2
1621259614000;11558933;0.86133;0.86145;0.86139;0;T;True;2
1621259615000;11558936;0.86133;0.86145;0.86139;2;T;True;2
1621259616000;11558939;0.86135;0.86147;0.86141;2;T;True;2
1621259617000;11558943;0.86134;0.86146;0.8614;3;T;True;2
1621259618000;11558945;0.86134;0.86146;0.8614;1;T;True;2
1621259619000;11558946;0.86134;0.86146;0.8614;0;T;True;2
1621259620000;11558950;0.86133;0.86145;0.86139;3;T;True;2
1621259621000;11558960;0.86146;0.86158;0.86152;9;T;True;2
1621259622000;11558965;0.86147;0.86159;0.86153;4;T;True;2
1621259623000;11558966;0.86147;0.86159;0.86153;0;T;True;2
1621259624000;11558967;0.86147;0.86159;0.86153;0;T;True;2
1621259625000;11558972;0.86147;0.86159;0.86153;4;T;True;2
1621259626000;11558973;0.86147;0.86159;0.86153;0;T;True;2
1621259627000;11558974;0.86147;0.86159;0.86153;0;T;True;2
1621259628000;11558976;0.86147;0.86159;0.86153;1;T;True;2
1621259629000;11558986;0.86151;0.86163;0.86157;9;T;True;2
1621259630000;11558990;0.86153;0.86165;0.86159;3;T;True;2
1621259631000;11558999;0.86151;0.86163;0.86157;8;T;True;2
1621259632000;11559000;0.86151;0.86163;0.86157;0;T;True;2
1621259633000;11559003;0.86151;0.86163;0.86157;2;T;True;2
1621259634000;11559007;0.86153;0.86165;0.86159;3;T;True;2
1621259635000;11559010;0.86153;0.86165;0.86159;2;T;True;2
1621259636000;11559012;0.86155;0.86167;0.86161;1;T;True;2
1621259637000;11559013;0.86155;0.86167;0.86161;0;T;True;2
1621259638000;11559019;0.86155;0.86167;0.86161;5;T;True;2
1621259639000;11559020;0.86155;0.86167;0.86161;0;T;True;2
1621259640000;11559026;0.86153;0.86165;0.86159;5;T;True;2
1621259641000;11559029;0.86155;0.86167;0.86161;2;T;True;2
1621259642000;11559035;0.86157;0.86169;0.86163;5;T;True;2
1621259643000;11559040;0.86157;0.86169;0.86163;4;T;True;2
1621259644000;11559042;0.86156;0.86168;0.86162;1;T;True;2
1621259645000;11559047;0.86151;0.86163;0.86157;4;T;True;2
1621259646000;11559050;0.86151;0.86163;0.86157;2;T;True;2
1621259647000;11559052;0.86153;0.86165;0.86159;1;T;True;2
1621259648000;11559053;0.86153;0.86165;0.86159;0;T;True;2
1621259649000;11559055;0.86154;0.86166;0.8616;1;T;True;2
1621259650000;11559057;0.86155;0.86167;0.86161;1;T;True;2
1621259651000;11559063;0.8615;0.86162;0.86156;5;T;True;2
1621259652000;11559069;0.86149;0.86161;0.86155;5;T;True;2
1621259653000;11559070;0.86149;0.86161;0.86155;0;T;True;2
1621259654000;11559072;0.86148;0.8616;0.86154;1;T;True;2
1621259655000;11559074;0.86147;0.86159;0.86153;1;T;True;2
1621259656000;11559075;0.86147;0.86159;0.86153;0;T;True;2
1621259657000;11559076;0.86147;0.86159;0.86153;0;T;True;2
1621259658000;11559077;0.86147;0.86159;0.86153;0;T;True;2
1621259659000;11559078;0.86147;0.86159;0.86153;0;T;True;2
1621259660000;11559079;0.86147;0.86159;0.86153;0;T;True;2
1621259661000;11559081;0.86146;0.86158;0.86152;1;T;True;2
1621259662000;11559083;0.86146;0.86158;0.86152;1;T;True;2
1621259663000;11559084;0.86146;0.86158;0.86152;0;T;True;2
1621259664000;11559088;0.86147;0.86159;0.86153;3;T;True;2
1621259665000;11559092;0.86146;0.86158;0.86152;3;T;True;2
1621259666000;11559096;0.86145;0.86157;0.86151;3;T;True;2
1621259667000;11559097;0.86145;0.86157;0.86151;0;T;True;2
1621259668000;11559098;0.86145;0.86157;0.86151;0;T;True;2
1621259669000;11559099;0.86145;0.86157;0.86151;0;T;True;2
1621259670000;11559101;0.86145;0.86157;0.86151;1;T;True;2
1621259671000;11559103;0.86145;0.86157;0.86151;1;T;True;2
1621259672000;11559107;0.86145;0.86157;0.86151;3;T;True;2
1621259673000;11559111;0.86145;0.86157;0.86151;3;T;True;2
1621259674000;11559112;0.86145;0.86157;0.86151;0;T;True;2
1621259675000;11559113;0.86145;0.86157;0.86151;0;T;True;2
1621259676000;11559116;0.86145;0.86157;0.86151;2;T;True;2
1621259677000;11559117;0.86145;0.86157;0.86151;0;T;True;2
1621259678000;11559120;0.86145;0.86157;0.86151;2;T;True;2
1621259679000;11559121;0.86145;0.86157;0.86151;0;T;True;2
1621259680000;11559122;0.86145;0.86157;0.86151;0;T;True;2
1621259681000;11559123;0.86145;0.86157;0.86151;0;T;True;2
1621259682000;11559124;0.86145;0.86157;0.86151;0;T;True;2
1621259683000;11559125;0.86145;0.86157;0.86151;0;T;True;2
1621259684000;11559128;0.86145;0.86157;0.86151;2;T;True;2
1621259685000;11559131;0.86146;0.86158;0.86152;2;T;True;2
1621259686000;11559133;0.86146;0.86158;0.86152;1;T;True;2
1621259687000;11559135;0.86146;0.86158;0.86152;1;T;True;2
1621259688000;11559136;0.86146;0.86158;0.86152;0;T;True;2
1621259689000;11559137;0.86146;0.86158;0.86152;0;T;True;2
1621259690000;11559141;0.86146;0.86158;0.86152;3;T;True;2
1621259691000;11559145;0.86145;0.86157;0.86151;3;T;True;2
1621259692000;11559149;0.86145;0.86157;0.86151;3;T;True;2
1621259693000;11559153;0.86144;0.86156;0.8615;3;T;True;2
1621259694000;11559155;0.86144;0.86156;0.8615;1;T;True;2
1621259695000;11559156;0.86144;0.86156;0.8615;0;T;True;2
1621259696000;11559162;0.86147;0.86159;0.86153;5;T;True;2
1621259697000;11559171;0.86151;0.86163;0.86157;8;T;True;2
1621259698000;11559173;0.86151;0.86163;0.86157;1;T;True;2
1621259699000;11559175;0.86151;0.86163;0.86157;1;T;True;2
1621259700000;11559176;0.86151;0.86163;0.86157;0;T;True;2
1621259701000;11559177;0.86151;0.86163;0.86157;0;T;True;2
1621259702000;11559180;0.86149;0.86161;0.86155;2;T;True;2
1621259703000;11559189;0.86157;0.86169;0.86163;8;T;True;2
1621259704000;11559194;0.86155;0.86167;0.86161;4;T;True;2
1621259705000;11559196;0.86155;0.86167;0.86161;1;T;True;2
1621259706000;11559200;0.86155;0.86167;0.86161;3;T;True;2
1621259707000;11559201;0.86155;0.86167;0.86161;0;T;True;2
1621259708000;11559202;0.86155;0.86167;0.86161;0;T;True;2
1621259709000;11559204;0.86157;0.86169;0.86163;1;T;True;2
1621259710000;11559205;0.86157;0.86169;0.86163;0;T;True;2
1621259711000;11559217;0.86163;0.86175;0.86169;11;T;True;2
1621259712000;11559223;0.86161;0.86173;0.86167;5;T;True;2
1621259713000;11559229;0.86157;0.86169;0.86163;5;T;True;2
1621259714000;11559235;0.86158;0.8617;0.86164;5;T;True;2
1621259715000;11559238;0.86157;0.86169;0.86163;2;T;True;2
1621259716000;11559241;0.86157;0.86169;0.86163;2;T;True;2
1621259717000;11559244;0.86157;0.86169;0.86163;2;T;True;2
1621259718000;11559247;0.86157;0.86169;0.86163;2;T;True;2
1621259719000;11559249;0.86157;0.86169;0.86163;1;T;True;2
1621259720000;11559254;0.86153;0.86165;0.86159;4;T;True;2
1621259721000;11559258;0.86154;0.86166;0.8616;3;T;True;2
1621259722000;11559260;0.86156;0.86168;0.86162;1;T;True;2
1621259723000;11559263;0.86156;0.86168;0.86162;2;T;True;2
1621259724000;11559272;0.86151;0.86163;0.86157;8;T;True;2
1621259725000;11559278;0.86149;0.86161;0.86155;5;T;True;2
1621259726000;11559284;0.86145;0.86157;0.86151;5;T;True;2
1621259727000;11559292;0.86145;0.86157;0.86151;7;T;True;2
1621259728000;11559293;0.86145;0.86157;0.86151;0;T;True;2
1621259729000;11559294;0.86145;0.86157;0.86151;0;T;True;2
1621259730000;11559295;0.86145;0.86157;0.86151;0;T;True;2
1621259731000;11559299;0.86147;0.86159;0.86153;3;T;True;2
1621259732000;11559304;0.86147;0.86159;0.86153;4;T;True;2
1621259733000;11559306;0.86147;0.86159;0.86153;1;T;True;2
1621259734000;11559307;0.86147;0.86159;0.86153;0;T;True;2
1621259735000;11559309;0.86147;0.86159;0.86153;1;T;True;2
1621259736000;11559314;0.86147;0.86159;0.86153;4;T;True;2
1621259737000;11559315;0.86147;0.86159;0.86153;0;T;True;2
1621259738000;11559316;0.86147;0.86159;0.86153;0;T;True;2
1621259739000;11559317;0.86147;0.86159;0.86153;0;T;True;2
1621259740000;11559319;0.86148;0.8616;0.86154;1;T;True;2
1621259741000;11559321;0.86149;0.86161;0.86155;1;T;True;2
1621259742000;11559323;0.86151;0.86163;0.86157;1;T;True;2
1621259743000;11559324;0.86151;0.86163;0.86157;0;T;True;2
1621259744000;11559327;0.86148;0.8616;0.86154;2;T;True;2
1621259745000;11559329;0.86147;0.86159;0.86153;1;T;True;2
1621259746000;11559330;0.86147;0.86159;0.86153;0;T;True;2
1621259747000;11559331;0.86147;0.86159;0.86153;0;T;True;2
1621259748000;11559335;0.86148;0.8616;0.86154;3;T;True;2
1621259749000;11559339;0.86147;0.86159;0.86153;3;T;True;2
1621259750000;11559344;0.86143;0.86155;0.86149;4;T;True;2
1621259751000;11559347;0.86143;0.86155;0.86149;2;T;True;2
1621259752000;11559352;0.86141;0.86153;0.86147;4;T;True;2
1621259753000;11559357;0.8614;0.86152;0.86146;4;T;True;2
1621259754000;11559364;0.86139;0.86151;0.86145;6;T;True;2
1621259755000;11559372;0.86133;0.86145;0.86139;7;T;True;2
1621259756000;11559377;0.86133;0.86145;0.86139;4;T;True;2
1621259757000;11559378;0.86133;0.86145;0.86139;0;T;True;2
1621259758000;11559381;0.86133;0.86145;0.86139;2;T;True;2
1621259759000;11559382;0.86133;0.86145;0.86139;0;T;True;2
1621259760000;11559386;0.86137;0.86149;0.86143;3;T;True;2
1621259761000;11559391;0.86135;0.86147;0.86141;4;T;True;2
1621259762000;11559393;0.86135;0.86147;0.86141;1;T;True;2
1621259763000;11559396;0.86133;0.86145;0.86139;2;T;True;2
1621259764000;11559406;0.86133;0.86145;0.86139;9;T;True;2
1621259765000;11559410;0.86133;0.86145;0.86139;3;T;True;2
1621259766000;11559420;0.86135;0.86147;0.86141;9;T;True;2
1621259767000;11559431;0.86131;0.86143;0.86137;10;T;True;2
1621259768000;11559441;0.86134;0.86146;0.8614;9;T;True;2
1621259769000;11559450;0.86134;0.86146;0.8614;8;T;True;2
1621259770000;11559452;0.86135;0.86147;0.86141;1;T;True;2
1621259771000;11559456;0.86136;0.86148;0.86142;3;T;True;2
1621259772000;11559459;0.86136;0.86148;0.86142;2;T;True;2
1621259773000;11559460;0.86136;0.86148;0.86142;0;T;True;2
1621259774000;11559461;0.86136;0.86148;0.86142;0;T;True;2
1621259775000;11559465;0.86137;0.86149;0.86143;3;T;True;2
1621259776000;11559467;0.86137;0.86149;0.86143;1;T;True;2
1621259777000;11559474;0.86139;0.86151;0.86145;6;T;True;2
1621259778000;11559475;0.86139;0.86151;0.86145;0;T;True;2
1621259779000;11559477;0.86139;0.86151;0.86145;1;T;True;2
1621259780000;11559482;0.86142;0.86154;0.86148;4;T;True;2
1621259781000;11559490;0.86145;0.86157;0.86151;7;T;True;2
1621259782000;11559491;0.86145;0.86157;0.86151;0;T;True;2
1621259783000;11559494;0.86145;0.86157;0.86151;2;T;True;2
1621259784000;11559497;0.86146;0.86158;0.86152;2;T;True;2
1621259785000;11559498;0.86146;0.86158;0.86152;0;T;True;2
1621259786000;11559504;0.86142;0.86154;0.86148;5;T;True;2
1621259787000;11559508;0.86141;0.86153;0.86147;3;T;True;2
1621259788000;11559510;0.86141;0.86153;0.86147;1;T;True;2
1621259789000;11559511;0.86141;0.86153;0.86147;0;T;True;2
1621259790000;11559512;0.86141;0.86153;0.86147;0;T;True;2
