ts;n;bid;ask;value;volume;phase;round;active_id
1621267062000;11576830;0.86041;0.86053;0.86047;0;T;True;2
1621267063000;11576831;0.86041;0.86053;0.86047;0;T;True;2
1621267064000;11576833;0.8604;0.86052;0.86046;1;T;True;2
1621267065000;11576834;0.8604;0.86052;0.86046;0;T;True;2
1621267066000;11576835;0.8604;0.86052;0.86046;0;T;True;2
1621267067000;11576836;0.8604;0.86052;0.86046;0;T;True;2
1621267068000;11576839;0.86039;0.86051;0.86045;2;T;True;2
1621267069000;11576842;0.86038;0.8605;0.86044;2;T;True;2
1621267070000;11576843;0.86038;0.8605;0.86044;0;T;True;2
1621267071000;11576850;0.86036;0.86048;0.86042;6;T;True;2
1621267072000;11576852;0.86035;0.86047;0.86041;1;T;True;2
1621267073000;11576855;0.86035;0.86047;0.86041;2;T;True;2
1621267074000;11576859;0.86033;0.86045;0.86039;3;T;True;2
1621267075000;11576860;0.86033;0.86045;0.86039;0;T;True;2
1621267076000;11576861;0.86033;0.86045;0.86039;0;T;True;2
1621267077000;11576862;0.86033;0.86045;0.86039;0;T;True;2
1621267078000;11576863;0.86033;0.86045;0.86039;0;T;True;2
1621267079000;11576864;0.86033;0.86045;0.86039;0;T;True;2
1621267080000;11576865;0.86033;0.86045;0.86039;0;T;True;2
1621267081000;11576866;0.86033;0.86045;0.86039;0;T;True;2
1621267082000;11576870;0.86031;0.86043;0.86037;3;T;True;2
1621267083000;11576872;0.86031;0.86043;0.86037;1;T;True;2
1621267084000;11576873;0.86031;0.86043;0.86037;0;T;True;2
1621267085000;11576875;0.86031;0.86043;0.86037;1;T;True;2
1621267086000;11576880;0.86029;0.86041;0.86035;4;T;True;2
1621267087000;11576883;0.86029;0.86041;0.86035;2;T;True;2
1621267088000;11576884;0.86029;0.86041;0.86035;0;T;True;2
1621267089000;11576885;0.86029;0.86041;0.86035;0;T;True;2
1621267090000;11576888;0.86031;0.86043;0.86037;2;T;True;2
1621267091000;11576891;0.86033;0.86045;0.86039;2;T;True;2
1621267092000;11576892;0.86033;0.86045;0.86039;0;T;True;2
1621267093000;11576897;0.86036;0.86048;0.86042;4;T;True;2
1621267094000;11576899;0.86035;0.86047;0.86041;1;T;True;2
1621267095000;11576900;0.86035;0.86047;0.86041;0;T;True;2
1621267096000;11576901;0.86035;0.86047;0.86041;0;T;True;2
1621267097000;11576902;0.86035;0.86047;0.86041;0;T;True;2
1621267098000;11576903;0.86035;0.86047;0.86041;0;T;True;2
1621267099000;11576906;0.86035;0.86047;0.86041;2;T;True;2
1621267100000;11576907;0.86035;0.86047;0.86041;0;T;True;2
1621267101000;11576908;0.86035;0.86047;0.86041;0;T;True;2
1621267102000;11576909;0.86035;0.86047;0.86041;0;T;True;2
1621267103000;11576910;0.86035;0.86047;0.86041;0;T;True;2
1621267104000;11576912;0.86036;0.86048;0.86042;1;T;True;2
1621267105000;11576913;0.86036;0.86048;0.86042;0;T;True;2
1621267106000;11576914;0.86036;0.86048;0.86042;0;T;True;2
1621267107000;11576915;0.86036;0.86048;0.86042;0;T;True;2
1621267108000;11576916;0.86036;0.86048;0.86042;0;T;True;2
1621267109000;11576917;0.86036;0.86048;0.86042;0;T;True;2
1621267110000;11576918;0.86036;0.86048;0.86042;0;T;True;2
1621267111000;11576919;0.86036;0.86048;0.86042;0;T;True;2
1621267112000;11576920;0.86036;0.86048;0.86042;0;T;True;2
1621267113000;11576921;0.86036;0.86048;0.86042;0;T;True;2
1621267114000;11576922;0.86036;0.86048;0.86042;0;T;True;2
1621267115000;11576927;0.86033;0.86045;0.86039;4;T;True;2
1621267116000;11576928;0.86033;0.86045;0.86039;0;T;True;2
1621267117000;11576929;0.86033;0.86045;0.86039;0;T;True;2
1621267118000;11576930;0.86033;0.86045;0.86039;0;T;True;2
1621267119000;11576931;0.86033;0.86045;0.86039;0;T;True;2
1621267120000;11576932;0.86033;0.86045;0.86039;0;T;True;2
1621267121000;11576933;0.86033;0.86045;0.86039;0;T;True;2
1621267122000;11576934;0.86033;0.86045;0.86039;0;T;True;2
1621267123000;11576936;0.86032;0.86044;0.86038;1;T;True;2
1621267124000;11576937;0.86032;0.86044;0.86038;0;T;True;2
1621267125000;11576939;0.86033;0.86045;0.86039;1;T;True;2
1621267126000;11576941;0.86035;0.86047;0.86041;1;T;True;2
1621267127000;11576942;0.86035;0.86047;0.86041;0;T;True;2
1621267128000;11576943;0.86035;0.86047;0.86041;0;T;True;2
1621267129000;11576944;0.86035;0.86047;0.86041;0;T;True;2
1621267130000;11576945;0.86035;0.86047;0.86041;0;T;True;2
1621267131000;11576946;0.86035;0.86047;0.86041;0;T;True;2
1621267132000;11576947;0.86035;0.86047;0.86041;0;T;True;2
1621267133000;11576948;0.86035;0.86047;0.86041;0;T;True;2
1621267134000;11576954;0.86035;0.86047;0.86041;5;T;True;2
1621267135000;11576955;0.86035;0.86047;0.86041;0;T;True;2
1621267136000;11576957;0.86034;0.86046;0.8604;1;T;True;2
1621267137000;11576959;0.86035;0.86047;0.86041;1;T;True;2
1621267138000;11576960;0.86035;0.86047;0.86041;0;T;True;2
1621267139000;11576961;0.86035;0.86047;0.86041;0;T;True;2
1621267140000;11576962;0.86035;0.86047;0.86041;0;T;True;2
1621267141000;11576963;0.86035;0.86047;0.86041;0;T;True;2
1621267142000;11576965;0.86036;0.86048;0.86042;1;T;True;2
1621267143000;11576969;0.86037;0.86049;0.86043;3;T;True;2
1621267144000;11576970;0.86037;0.86049;0.86043;0;T;True;2
1621267145000;11576972;0.86036;0.86048;0.86042;1;T;True;2
1621267146000;11576973;0.86036;0.86048;0.86042;0;T;True;2
1621267147000;11576975;0.86037;0.86049;0.86043;1;T;True;2
1621267148000;11576976;0.86037;0.86049;0.86043;0;T;True;2
1621267149000;11576977;0.86037;0.86049;0.86043;0;T;True;2
1621267150000;11576981;0.86036;0.86048;0.86042;3;T;True;2
1621267151000;11576982;0.86036;0.86048;0.86042;0;T;True;2
1621267152000;11576983;0.86036;0.86048;0.86042;0;T;True;2
1621267153000;11576985;0.86035;0.86047;0.86041;1;T;True;2
1621267154000;11576987;0.86036;0.86048;0.86042;1;T;True;2
1621267155000;11576988;0.86036;0.86048;0.86042;0;T;True;2
1621267156000;11576990;0.86035;0.86047;0.86041;1;T;True;2
1621267157000;11576992;0.86036;0.86048;0.86042;1;T;True;2
1621267158000;11576993;0.86036;0.86048;0.86042;0;T;True;2
1621267159000;11576994;0.86036;0.86048;0.86042;0;T;True;2
1621267160000;11576996;0.86035;0.86047;0.86041;1;T;True;2
1621267161000;11576998;0.86035;0.86047;0.86041;1;T;True;2
1621267162000;11577000;0.86034;0.86046;0.8604;1;T;True;2
1621267163000;11577001;0.86034;0.86046;0.8604;0;T;True;2
1621267164000;11577002;0.86034;0.86046;0.8604;0;T;True;2
1621267165000;11577004;0.86035;0.86047;0.86041;1;T;True;2
1621267166000;11577005;0.86035;0.86047;0.86041;0;T;True;2
1621267167000;11577006;0.86035;0.86047;0.86041;0;T;True;2
1621267168000;11577008;0.86034;0.86046;0.8604;1;T;True;2
1621267169000;11577009;0.86034;0.86046;0.8604;0;T;True;2
1621267170000;11577010;0.86034;0.86046;0.8604;0;T;True;2
1621267171000;11577011;0.86034;0.86046;0.8604;0;T;True;2
1621267172000;11577012;0.86034;0.86046;0.8604;0;T;True;2
1621267173000;11577014;0.86035;0.86047;0.86041;1;T;True;2
1621267174000;11577017;0.86038;0.8605;0.86044;2;T;True;2
1621267175000;11577018;0.86038;0.8605;0.86044;0;T;True;2
1621267176000;11577019;0.86038;0.8605;0.86044;0;T;True;2
1621267177000;11577022;0.86038;0.8605;0.86044;2;T;True;2
1621267178000;11577023;0.86038;0.8605;0.86044;0;T;True;2
1621267179000;11577024;0.86038;0.8605;0.86044;0;T;True;2
1621267180000;11577026;0.86037;0.86049;0.86043;1;T;True;2
1621267181000;11577027;0.86037;0.86049;0.86043;0;T;True;2
1621267182000;11577028;0.86037;0.86049;0.86043;0;T;True;2
1621267183000;11577029;0.86037;0.86049;0.86043;0;T;True;2
1621267184000;11577030;0.86037;0.86049;0.86043;0;T;True;2
1621267185000;11577031;0.86037;0.86049;0.86043;0;T;True;2
1621267186000;11577032;0.86037;0.86049;0.86043;0;T;True;2
1621267187000;11577033;0.86037;0.86049;0.86043;0;T;True;2
1621267188000;11577034;0.86037;0.86049;0.86043;0;T;True;2
1621267189000;11577035;0.86037;0.86049;0.86043;0;T;True;2
1621267190000;11577036;0.86037;0.86049;0.86043;0;T;True;2
1621267191000;11577037;0.86037;0.86049;0.86043;0;T;True;2
1621267192000;11577039;0.86037;0.86049;0.86043;1;T;True;2
1621267193000;11577041;0.86037;0.86049;0.86043;1;T;True;2
1621267194000;11577042;0.86037;0.86049;0.86043;0;T;True;2
1621267195000;11577043;0.86037;0.86049;0.86043;0;T;True;2
1621267196000;11577044;0.86037;0.86049;0.86043;0;T;True;2
1621267197000;11577045;0.86037;0.86049;0.86043;0;T;True;2
1621267198000;11577046;0.86037;0.86049;0.86043;0;T;True;2
1621267199000;11577047;0.86037;0.86049;0.86043;0;T;True;2
1621267200000;11577049;0.86037;0.86049;0.86043;1;T;True;2
1621267201000;11577052;0.86037;0.86049;0.86043;2;T;True;2
1621267202000;11577053;0.86037;0.86049;0.86043;0;T;True;2
1621267203000;11577054;0.86037;0.86049;0.86043;0;T;True;2
1621267204000;11577056;0.86037;0.86049;0.86043;1;T;True;2
1621267205000;11577059;0.86039;0.86051;0.86045;2;T;True;2
1621267206000;11577060;0.86039;0.86051;0.86045;0;T;True;2
1621267207000;11577061;0.86039;0.86051;0.86045;0;T;True;2
1621267208000;11577064;0.86037;0.86049;0.86043;2;T;True;2
1621267209000;11577065;0.86037;0.86049;0.86043;0;T;True;2
1621267210000;11577069;0.8604;0.86052;0.86046;3;T;True;2
1621267211000;11577070;0.8604;0.86052;0.86046;0;T;True;2
1621267212000;11577071;0.8604;0.86052;0.86046;0;T;True;2
1621267213000;11577072;0.8604;0.86052;0.86046;0;T;True;2
1621267214000;11577074;0.86039;0.86051;0.86045;1;T;True;2
1621267215000;11577079;0.86042;0.86054;0.86048;4;T;True;2
1621267216000;11577081;0.86041;0.86053;0.86047;1;T;True;2
1621267217000;11577082;0.86041;0.86053;0.86047;0;T;True;2
1621267218000;11577084;0.8604;0.86052;0.86046;1;T;True;2
1621267219000;11577086;0.86039;0.86051;0.86045;1;T;True;2
1621267220000;11577087;0.86039;0.86051;0.86045;0;T;True;2
1621267221000;11577095;0.86043;0.86055;0.86049;7;T;True;2
1621267222000;11577098;0.86041;0.86053;0.86047;2;T;True;2
1621267223000;11577105;0.86037;0.86049;0.86043;6;T;True;2
1621267224000;11577106;0.86037;0.86049;0.86043;0;T;True;2
1621267225000;11577107;0.86037;0.86049;0.86043;0;T;True;2
1621267226000;11577114;0.86039;0.86051;0.86045;6;T;True;2
1621267227000;11577116;0.86037;0.86049;0.86043;1;T;True;2
1621267228000;11577117;0.86037;0.86049;0.86043;0;T;True;2
1621267229000;11577118;0.86037;0.86049;0.86043;0;T;True;2
1621267230000;11577119;0.86037;0.86049;0.86043;0;T;True;2
1621267231000;11577120;0.86037;0.86049;0.86043;0;T;True;2
1621267232000;11577121;0.86037;0.86049;0.86043;0;T;True;2
1621267233000;11577122;0.86037;0.86049;0.86043;0;T;True;2
1621267234000;11577123;0.86037;0.86049;0.86043;0;T;True;2
1621267235000;11577134;0.86033;0.86045;0.86039;10;T;True;2
1621267236000;11577136;0.86033;0.86045;0.86039;1;T;True;2
1621267237000;11577137;0.86033;0.86045;0.86039;0;T;True;2
1621267238000;11577139;0.86033;0.86045;0.86039;1;T;True;2
1621267239000;11577141;0.86033;0.86045;0.86039;1;T;True;2
1621267240000;11577145;0.86035;0.86047;0.86041;3;T;True;2
1621267241000;11577149;0.86033;0.86045;0.86039;3;T;True;2
1621267242000;11577151;0.86033;0.86045;0.86039;1;T;True;2
1621267243000;11577155;0.86035;0.86047;0.86041;3;T;True;2
1621267244000;11577157;0.86035;0.86047;0.86041;1;T;True;2
1621267245000;11577158;0.86035;0.86047;0.86041;0;T;True;2
1621267246000;11577159;0.86035;0.86047;0.86041;0;T;True;2
1621267247000;11577160;0.86035;0.86047;0.86041;0;T;True;2
1621267248000;11577161;0.86035;0.86047;0.86041;0;T;True;2
1621267249000;11577164;0.86035;0.86047;0.86041;2;T;True;2
1621267250000;11577165;0.86035;0.86047;0.86041;0;T;True;2
1621267251000;11577166;0.86035;0.86047;0.86041;0;T;True;2
1621267252000;11577167;0.86035;0.86047;0.86041;0;T;True;2
1621267253000;11577168;0.86035;0.86047;0.86041;0;T;True;2
1621267254000;11577169;0.86035;0.86047;0.86041;0;T;True;2
1621267255000;11577170;0.86035;0.86047;0.86041;0;T;True;2
1621267256000;11577172;0.86033;0.86045;0.86039;1;T;True;2
1621267257000;11577176;0.86032;0.86044;0.86038;3;T;True;2
1621267258000;11577177;0.86032;0.86044;0.86038;0;T;True;2
1621267259000;11577178;0.86032;0.86044;0.86038;0;T;True;2
1621267260000;11577179;0.86032;0.86044;0.86038;0;T;True;2
1621267261000;11577182;0.86032;0.86044;0.86038;2;T;True;2
1621267262000;11577184;0.86032;0.86044;0.86038;1;T;True;2
1621267263000;11577190;0.86032;0.86044;0.86038;5;T;True;2
1621267264000;11577191;0.86032;0.86044;0.86038;0;T;True;2
1621267265000;11577196;0.86031;0.86043;0.86037;4;T;True;2
1621267266000;11577201;0.86028;0.8604;0.86034;4;T;True;2
1621267267000;11577202;0.86028;0.8604;0.86034;0;T;True;2
1621267268000;11577203;0.86028;0.8604;0.86034;0;T;True;2
1621267269000;11577210;0.86021;0.86033;0.86027;6;T;True;2
1621267270000;11577213;0.8602;0.86032;0.86026;2;T;True;2
1621267271000;11577214;0.8602;0.86032;0.86026;0;T;True;2
1621267272000;11577215;0.8602;0.86032;0.86026;0;T;True;2
1621267273000;11577216;0.8602;0.86032;0.86026;0;T;True;2
1621267274000;11577217;0.8602;0.86032;0.86026;0;T;True;2
1621267275000;11577218;0.8602;0.86032;0.86026;0;T;True;2
1621267276000;11577219;0.8602;0.86032;0.86026;0;T;True;2
1621267277000;11577220;0.8602;0.86032;0.86026;0;T;True;2
1621267278000;11577221;0.8602;0.86032;0.86026;0;T;True;2
1621267279000;11577224;0.86019;0.86031;0.86025;2;T;True;2
1621267280000;11577225;0.86019;0.86031;0.86025;0;T;True;2
1621267281000;11577226;0.86019;0.86031;0.86025;0;T;True;2
1621267282000;11577234;0.8602;0.86032;0.86026;7;T;True;2
1621267283000;11577242;0.86024;0.86036;0.8603;7;T;True;2
1621267284000;11577246;0.86024;0.86036;0.8603;3;T;True;2
1621267285000;11577247;0.86024;0.86036;0.8603;0;T;True;2
1621267286000;11577248;0.86024;0.86036;0.8603;0;T;True;2
1621267287000;11577250;0.86024;0.86036;0.8603;1;T;True;2
1621267288000;11577251;0.86024;0.86036;0.8603;0;T;True;2
1621267289000;11577254;0.86023;0.86035;0.86029;2;T;True;2
1621267290000;11577257;0.86021;0.86033;0.86027;2;T;True;2
1621267291000;11577260;0.86019;0.86031;0.86025;2;T;True;2
1621267292000;11577262;0.86019;0.86031;0.86025;1;T;True;2
1621267293000;11577264;0.86019;0.86031;0.86025;1;T;True;2
1621267294000;11577265;0.86019;0.86031;0.86025;0;T;True;2
1621267295000;11577266;0.86019;0.86031;0.86025;0;T;True;2
1621267296000;11577268;0.86019;0.86031;0.86025;1;T;True;2
1621267297000;11577269;0.86019;0.86031;0.86025;0;T;True;2
1621267298000;11577273;0.86017;0.86029;0.86023;3;T;True;2
1621267299000;11577274;0.86017;0.86029;0.86023;0;T;True;2
1621267300000;11577275;0.86017;0.86029;0.86023;0;T;True;2
1621267301000;11577278;0.86017;0.86029;0.86023;2;T;True;2
1621267302000;11577279;0.86017;0.86029;0.86023;0;T;True;2
1621267303000;11577281;0.86017;0.86029;0.86023;1;T;True;2
1621267304000;11577285;0.86015;0.86027;0.86021;3;T;True;2
1621267305000;11577286;0.86015;0.86027;0.86021;0;T;True;2
1621267306000;11577287;0.86015;0.86027;0.86021;0;T;True;2
1621267307000;11577288;0.86015;0.86027;0.86021;0;T;True;2
1621267308000;11577291;0.86014;0.86026;0.8602;2;T;True;2
1621267309000;11577293;0.86013;0.86025;0.86019;1;T;True;2
1621267310000;11577294;0.86013;0.86025;0.86019;0;T;True;2
1621267311000;11577296;0.86011;0.86023;0.86017;1;T;True;2
1621267312000;11577301;0.86013;0.86025;0.86019;4;T;True;2
1621267313000;11577306;0.86015;0.86027;0.86021;4;T;True;2
1621267314000;11577307;0.86015;0.86027;0.86021;0;T;True;2
1621267315000;11577308;0.86015;0.86027;0.86021;0;T;True;2
1621267316000;11577309;0.86015;0.86027;0.86021;0;T;True;2
1621267317000;11577310;0.86015;0.86027;0.86021;0;T;True;2
1621267318000;11577312;0.86015;0.86027;0.86021;1;T;True;2
1621267319000;11577313;0.86015;0.86027;0.86021;0;T;True;2
1621267320000;11577314;0.86015;0.86027;0.86021;0;T;True;2
1621267321000;11577315;0.86015;0.86027;0.86021;0;T;True;2
1621267322000;11577317;0.86014;0.86026;0.8602;1;T;True;2
1621267323000;11577323;0.86011;0.86023;0.86017;5;T;True;2
1621267324000;11577326;0.86011;0.86023;0.86017;2;T;True;2
1621267325000;11577327;0.86011;0.86023;0.86017;0;T;True;2
1621267326000;11577328;0.86011;0.86023;0.86017;0;T;True;2
1621267327000;11577330;0.86011;0.86023;0.86017;1;T;True;2
1621267328000;11577334;0.86011;0.86023;0.86017;3;T;True;2
1621267329000;11577337;0.86011;0.86023;0.86017;2;T;True;2
1621267330000;11577340;0.86011;0.86023;0.86017;2;T;True;2
1621267331000;11577346;0.86009;0.86021;0.86015;5;T;True;2
1621267332000;11577352;0.86011;0.86023;0.86017;5;T;True;2
1621267333000;11577356;0.86012;0.86024;0.86018;3;T;True;2
1621267334000;11577358;0.86012;0.86024;0.86018;1;T;True;2
1621267335000;11577359;0.86012;0.86024;0.86018;0;T;True;2
1621267336000;11577361;0.86012;0.86024;0.86018;1;T;True;2
1621267337000;11577363;0.86012;0.86024;0.86018;1;T;True;2
1621267338000;11577364;0.86012;0.86024;0.86018;0;T;True;2
1621267339000;11577365;0.86012;0.86024;0.86018;0;T;True;2
1621267340000;11577367;0.86012;0.86024;0.86018;1;T;True;2
1621267341000;11577371;0.86013;0.86025;0.86019;3;T;True;2
1621267342000;11577372;0.86013;0.86025;0.86019;0;T;True;2
1621267343000;11577373;0.86013;0.86025;0.86019;0;T;True;2
1621267344000;11577377;0.86011;0.86023;0.86017;3;T;True;2
1621267345000;11577378;0.86011;0.86023;0.86017;0;T;True;2
1621267346000;11577380;0.86011;0.86023;0.86017;1;T;True;2
1621267347000;11577382;0.86011;0.86023;0.86017;1;T;True;2
1621267348000;11577385;0.86011;0.86023;0.86017;2;T;True;2
1621267349000;11577387;0.86011;0.86023;0.86017;1;T;True;2
1621267350000;11577388;0.86011;0.86023;0.86017;0;T;True;2
1621267351000;11577391;0.86011;0.86023;0.86017;2;T;True;2
1621267352000;11577393;0.86011;0.86023;0.86017;1;T;True;2
1621267353000;11577394;0.86011;0.86023;0.86017;0;T;True;2
1621267354000;11577395;0.86011;0.86023;0.86017;0;T;True;2
1621267355000;11577397;0.86012;0.86024;0.86018;1;T;True;2
1621267356000;11577398;0.86012;0.86024;0.86018;0;T;True;2
1621267357000;11577399;0.86012;0.86024;0.86018;0;T;True;2
1621267358000;11577402;0.86012;0.86024;0.86018;2;T;True;2
1621267359000;11577403;0.86012;0.86024;0.86018;0;T;True;2
1621267360000;11577407;0.86014;0.86026;0.8602;3;T;True;2
1621267361000;11577409;0.86015;0.86027;0.86021;1;T;True;2
1621267362000;11577410;0.86015;0.86027;0.86021;0;T;True;2
1621267363000;11577411;0.86015;0.86027;0.86021;0;T;True;2
1621267364000;11577412;0.86015;0.86027;0.86021;0;T;True;2
1621267365000;11577414;0.86015;0.86027;0.86021;1;T;True;2
1621267366000;11577416;0.86015;0.86027;0.86021;1;T;True;2
1621267367000;11577417;0.86015;0.86027;0.86021;0;T;True;2
1621267368000;11577418;0.86015;0.86027;0.86021;0;T;True;2
1621267369000;11577420;0.86016;0.86028;0.86022;1;T;True;2
1621267370000;11577425;0.86014;0.86026;0.8602;4;T;True;2
1621267371000;11577426;0.86014;0.86026;0.8602;0;T;True;2
1621267372000;11577428;0.86014;0.86026;0.8602;1;T;True;2
1621267373000;11577430;0.86013;0.86025;0.86019;1;T;True;2
1621267374000;11577432;0.86013;0.86025;0.86019;1;T;True;2
1621267375000;11577433;0.86013;0.86025;0.86019;0;T;True;2
1621267376000;11577436;0.86014;0.86026;0.8602;2;T;True;2
1621267377000;11577437;0.86014;0.86026;0.8602;0;T;True;2
1621267378000;11577438;0.86014;0.86026;0.8602;0;T;True;2
1621267379000;11577439;0.86014;0.86026;0.8602;0;T;True;2
1621267380000;11577441;0.86015;0.86027;0.86021;1;T;True;2
1621267381000;11577443;0.86015;0.86027;0.86021;1;T;True;2
1621267382000;11577447;0.86015;0.86027;0.86021;3;T;True;2
1621267383000;11577448;0.86015;0.86027;0.86021;0;T;True;2
1621267384000;11577449;0.86015;0.86027;0.86021;0;T;True;2
1621267385000;11577450;0.86015;0.86027;0.86021;0;T;True;2
1621267386000;11577451;0.86015;0.86027;0.86021;0;T;True;2
1621267387000;11577452;0.86015;0.86027;0.86021;0;T;True;2
1621267388000;11577454;0.86015;0.86027;0.86021;1;T;True;2
1621267389000;11577455;0.86015;0.86027;0.86021;0;T;True;2
1621267390000;11577456;0.86015;0.86027;0.86021;0;T;True;2
1621267391000;11577459;0.86014;0.86026;0.8602;2;T;True;2
1621267392000;11577460;0.86014;0.86026;0.8602;0;T;True;2
1621267393000;11577461;0.86014;0.86026;0.8602;0;T;True;2
1621267394000;11577462;0.86014;0.86026;0.8602;0;T;True;2
1621267395000;11577463;0.86014;0.86026;0.8602;0;T;True;2
1621267396000;11577464;0.86014;0.86026;0.8602;0;T;True;2
1621267397000;11577465;0.86014;0.86026;0.8602;0;T;True;2
1621267398000;11577466;0.86014;0.86026;0.8602;0;T;True;2
1621267399000;11577467;0.86014;0.86026;0.8602;0;T;True;2
1621267400000;11577468;0.86014;0.86026;0.8602;0;T;True;2
1621267401000;11577469;0.86014;0.86026;0.8602;0;T;True;2
1621267402000;11577470;0.86014;0.86026;0.8602;0;T;True;2
1621267403000;11577471;0.86014;0.86026;0.8602;0;T;True;2
1621267404000;11577472;0.86014;0.86026;0.8602;0;T;True;2
1621267405000;11577473;0.86014;0.86026;0.8602;0;T;True;2
1621267406000;11577474;0.86014;0.86026;0.8602;0;T;True;2
1621267407000;11577476;0.86014;0.86026;0.8602;1;T;True;2
1621267408000;11577478;0.86015;0.86027;0.86021;1;T;True;2
1621267409000;11577480;0.86014;0.86026;0.8602;1;T;True;2
1621267410000;11577481;0.86014;0.86026;0.8602;0;T;True;2
1621267411000;11577482;0.86014;0.86026;0.8602;0;T;True;2
1621267412000;11577484;0.86015;0.86027;0.86021;1;T;True;2
1621267413000;11577485;0.86015;0.86027;0.86021;0;T;True;2
1621267414000;11577486;0.86015;0.86027;0.86021;0;T;True;2
1621267415000;11577487;0.86015;0.86027;0.86021;0;T;True;2
1621267416000;11577490;0.86015;0.86027;0.86021;2;T;True;2
1621267417000;11577492;0.86015;0.86027;0.86021;1;T;True;2
1621267418000;11577493;0.86015;0.86027;0.86021;0;T;True;2
1621267419000;11577494;0.86015;0.86027;0.86021;0;T;True;2
1621267420000;11577495;0.86015;0.86027;0.86021;0;T;True;2
1621267421000;11577496;0.86015;0.86027;0.86021;0;T;True;2
1621267422000;11577502;0.86016;0.86028;0.86022;5;T;True;2
1621267423000;11577506;0.86018;0.8603;0.86024;3;T;True;2
1621267424000;11577507;0.86018;0.8603;0.86024;0;T;True;2
1621267425000;11577508;0.86018;0.8603;0.86024;0;T;True;2
1621267426000;11577509;0.86018;0.8603;0.86024;0;T;True;2
1621267427000;11577510;0.86018;0.8603;0.86024;0;T;True;2
1621267428000;11577511;0.86018;0.8603;0.86024;0;T;True;2
1621267429000;11577512;0.86018;0.8603;0.86024;0;T;True;2
1621267430000;11577513;0.86018;0.8603;0.86024;0;T;True;2
1621267431000;11577515;0.86019;0.86031;0.86025;1;T;True;2
1621267432000;11577516;0.86019;0.86031;0.86025;0;T;True;2
1621267433000;11577517;0.86019;0.86031;0.86025;0;T;True;2
1621267434000;11577520;0.86017;0.86029;0.86023;2;T;True;2
1621267435000;11577522;0.86019;0.86031;0.86025;1;T;True;2
1621267436000;11577529;0.86024;0.86036;0.8603;6;T;True;2
1621267437000;11577534;0.86023;0.86035;0.86029;4;T;True;2
1621267438000;11577536;0.86022;0.86034;0.86028;1;T;True;2
1621267439000;11577537;0.86022;0.86034;0.86028;0;T;True;2
1621267440000;11577539;0.86022;0.86034;0.86028;1;T;True;2
1621267441000;11577540;0.86022;0.86034;0.86028;0;T;True;2
1621267442000;11577541;0.86022;0.86034;0.86028;0;T;True;2
1621267443000;11577542;0.86022;0.86034;0.86028;0;T;True;2
1621267444000;11577546;0.86021;0.86033;0.86027;3;T;True;2
1621267445000;11577547;0.86021;0.86033;0.86027;0;T;True;2
1621267446000;11577548;0.86021;0.86033;0.86027;0;T;True;2
1621267447000;11577552;0.86021;0.86033;0.86027;3;T;True;2
1621267448000;11577554;0.86019;0.86031;0.86025;1;T;True;2
1621267449000;11577557;0.86019;0.86031;0.86025;2;T;True;2
1621267450000;11577559;0.86019;0.86031;0.86025;1;T;True;2
1621267451000;11577561;0.86019;0.86031;0.86025;1;T;True;2
1621267452000;11577563;0.86019;0.86031;0.86025;1;T;True;2
1621267453000;11577564;0.86019;0.86031;0.86025;0;T;True;2
1621267454000;11577565;0.86019;0.86031;0.86025;0;T;True;2
1621267455000;11577567;0.86019;0.86031;0.86025;1;T;True;2
1621267456000;11577569;0.86019;0.86031;0.86025;1;T;True;2
1621267457000;11577570;0.86019;0.86031;0.86025;0;T;True;2
1621267458000;11577571;0.86019;0.86031;0.86025;0;T;True;2
1621267459000;11577574;0.86019;0.86031;0.86025;2;T;True;2
1621267460000;11577577;0.86018;0.8603;0.86024;2;T;True;2
1621267461000;11577579;0.86017;0.86029;0.86023;1;T;True;2
1621267462000;11577580;0.86017;0.86029;0.86023;0;T;True;2
1621267463000;11577583;0.86018;0.8603;0.86024;2;T;True;2
1621267464000;11577584;0.86018;0.8603;0.86024;0;T;True;2
1621267465000;11577586;0.86019;0.86031;0.86025;1;T;True;2
1621267466000;11577588;0.86018;0.8603;0.86024;1;T;True;2
1621267467000;11577590;0.86017;0.86029;0.86023;1;T;True;2
1621267468000;11577591;0.86017;0.86029;0.86023;0;T;True;2
1621267469000;11577592;0.86017;0.86029;0.86023;0;T;True;2
1621267470000;11577593;0.86017;0.86029;0.86023;0;T;True;2
1621267471000;11577594;0.86017;0.86029;0.86023;0;T;True;2
1621267472000;11577595;0.86017;0.86029;0.86023;0;T;True;2
1621267473000;11577596;0.86017;0.86029;0.86023;0;T;True;2
1621267474000;11577597;0.86017;0.86029;0.86023;0;T;True;2
1621267475000;11577598;0.86017;0.86029;0.86023;0;T;True;2
1621267476000;11577600;0.86018;0.8603;0.86024;1;T;True;2
1621267477000;11577601;0.86018;0.8603;0.86024;0;T;True;2
1621267478000;11577602;0.86018;0.8603;0.86024;0;T;True;2
1621267479000;11577603;0.86018;0.8603;0.86024;0;T;True;2
1621267480000;11577604;0.86018;0.8603;0.86024;0;T;True;2
1621267481000;11577605;0.86018;0.8603;0.86024;0;T;True;2
1621267482000;11577608;0.86017;0.86029;0.86023;2;T;True;2
1621267483000;11577610;0.86017;0.86029;0.86023;1;T;True;2
1621267484000;11577611;0.86017;0.86029;0.86023;0;T;True;2
1621267485000;11577613;0.86017;0.86029;0.86023;1;T;True;2
1621267486000;11577614;0.86017;0.86029;0.86023;0;T;True;2
1621267487000;11577615;0.86017;0.86029;0.86023;0;T;True;2
1621267488000;11577616;0.86017;0.86029;0.86023;0;T;True;2
1621267489000;11577617;0.86017;0.86029;0.86023;0;T;True;2
1621267490000;11577618;0.86017;0.86029;0.86023;0;T;True;2
1621267491000;11577619;0.86017;0.86029;0.86023;0;T;True;2
1621267492000;11577620;0.86017;0.86029;0.86023;0;T;True;2
1621267493000;11577621;0.86017;0.86029;0.86023;0;T;True;2
1621267494000;11577623;0.86016;0.86028;0.86022;1;T;True;2
1621267495000;11577624;0.86016;0.86028;0.86022;0;T;True;2
1621267496000;11577625;0.86016;0.86028;0.86022;0;T;True;2
1621267497000;11577627;0.86017;0.86029;0.86023;1;T;True;2
1621267498000;11577629;0.86017;0.86029;0.86023;1;T;True;2
1621267499000;11577630;0.86017;0.86029;0.86023;0;T;True;2
1621267500000;11577631;0.86017;0.86029;0.86023;0;T;True;2
1621267501000;11577632;0.86017;0.86029;0.86023;0;T;True;2
1621267502000;11577633;0.86017;0.86029;0.86023;0;T;True;2
1621267503000;11577634;0.86017;0.86029;0.86023;0;T;True;2
1621267504000;11577635;0.86017;0.86029;0.86023;0;T;True;2
1621267505000;11577641;0.86021;0.86033;0.86027;5;T;True;2
1621267506000;11577645;0.86021;0.86033;0.86027;3;T;True;2
1621267507000;11577647;0.86021;0.86033;0.86027;1;T;True;2
1621267508000;11577648;0.86021;0.86033;0.86027;0;T;True;2
1621267509000;11577649;0.86021;0.86033;0.86027;0;T;True;2
1621267510000;11577650;0.86021;0.86033;0.86027;0;T;True;2
1621267511000;11577651;0.86021;0.86033;0.86027;0;T;True;2
1621267512000;11577652;0.86021;0.86033;0.86027;0;T;True;2
1621267513000;11577653;0.86021;0.86033;0.86027;0;T;True;2
1621267514000;11577657;0.86019;0.86031;0.86025;3;T;True;2
1621267515000;11577658;0.86019;0.86031;0.86025;0;T;True;2
1621267516000;11577661;0.86019;0.86031;0.86025;2;T;True;2
1621267517000;11577662;0.86019;0.86031;0.86025;0;T;True;2
1621267518000;11577663;0.86019;0.86031;0.86025;0;T;True;2
1621267519000;11577665;0.86019;0.86031;0.86025;1;T;True;2
1621267520000;11577669;0.86021;0.86033;0.86027;3;T;True;2
1621267521000;11577672;0.86023;0.86035;0.86029;2;T;True;2
1621267522000;11577676;0.86024;0.86036;0.8603;3;T;True;2
1621267523000;11577678;0.86025;0.86037;0.86031;1;T;True;2
1621267524000;11577681;0.86025;0.86037;0.86031;2;T;True;2
1621267525000;11577685;0.86022;0.86034;0.86028;3;T;True;2
1621267526000;11577687;0.86022;0.86034;0.86028;1;T;True;2
1621267527000;11577689;0.86021;0.86033;0.86027;1;T;True;2
1621267528000;11577690;0.86021;0.86033;0.86027;0;T;True;2
1621267529000;11577692;0.86021;0.86033;0.86027;1;T;True;2
1621267530000;11577693;0.86021;0.86033;0.86027;0;T;True;2
1621267531000;11577694;0.86021;0.86033;0.86027;0;T;True;2
1621267532000;11577696;0.86019;0.86031;0.86025;1;T;True;2
1621267533000;11577697;0.86019;0.86031;0.86025;0;T;True;2
1621267534000;11577698;0.86019;0.86031;0.86025;0;T;True;2
1621267535000;11577699;0.86019;0.86031;0.86025;0;T;True;2
1621267536000;11577700;0.86019;0.86031;0.86025;0;T;True;2
1621267537000;11577701;0.86019;0.86031;0.86025;0;T;True;2
1621267538000;11577704;0.86021;0.86033;0.86027;2;T;True;2
1621267539000;11577705;0.86021;0.86033;0.86027;0;T;True;2
1621267540000;11577706;0.86021;0.86033;0.86027;0;T;True;2
1621267541000;11577707;0.86021;0.86033;0.86027;0;T;True;2
1621267542000;11577708;0.86021;0.86033;0.86027;0;T;True;2
1621267543000;11577709;0.86021;0.86033;0.86027;0;T;True;2
1621267544000;11577710;0.86021;0.86033;0.86027;0;T;True;2
1621267545000;11577711;0.86021;0.86033;0.86027;0;T;True;2
1621267546000;11577712;0.86021;0.86033;0.86027;0;T;True;2
1621267547000;11577713;0.86021;0.86033;0.86027;0;T;True;2
1621267548000;11577714;0.86021;0.86033;0.86027;0;T;True;2
1621267549000;11577715;0.86021;0.86033;0.86027;0;T;True;2
1621267550000;11577716;0.86021;0.86033;0.86027;0;T;True;2
1621267551000;11577717;0.86021;0.86033;0.86027;0;T;True;2
1621267552000;11577718;0.86021;0.86033;0.86027;0;T;True;2
1621267553000;11577719;0.86021;0.86033;0.86027;0;T;True;2
1621267554000;11577720;0.86021;0.86033;0.86027;0;T;True;2
1621267555000;11577721;0.86021;0.86033;0.86027;0;T;True;2
1621267556000;11577722;0.86021;0.86033;0.86027;0;T;True;2
1621267557000;11577723;0.86021;0.86033;0.86027;0;T;True;2
1621267558000;11577724;0.86021;0.86033;0.86027;0;T;True;2
1621267559000;11577734;0.86019;0.86031;0.86025;9;T;True;2
1621267560000;11577737;0.86023;0.86035;0.86029;2;T;True;2
1621267561000;11577738;0.86023;0.86035;0.86029;0;T;True;2
1621267562000;11577739;0.86023;0.86035;0.86029;0;T;True;2
1621267563000;11577740;0.86023;0.86035;0.86029;0;T;True;2
1621267564000;11577742;0.86021;0.86033;0.86027;1;T;True;2
1621267565000;11577743;0.86021;0.86033;0.86027;0;T;True;2
1621267566000;11577744;0.86021;0.86033;0.86027;0;T;True;2
1621267567000;11577745;0.86021;0.86033;0.86027;0;T;True;2
1621267568000;11577746;0.86021;0.86033;0.86027;0;T;True;2
1621267569000;11577747;0.86021;0.86033;0.86027;0;T;True;2
1621267570000;11577748;0.86021;0.86033;0.86027;0;T;True;2
1621267571000;11577750;0.86023;0.86035;0.86029;1;T;True;2
1621267572000;11577751;0.86023;0.86035;0.86029;0;T;True;2
1621267573000;11577752;0.86023;0.86035;0.86029;0;T;True;2
1621267574000;11577753;0.86023;0.86035;0.86029;0;T;True;2
1621267575000;11577754;0.86023;0.86035;0.86029;0;T;True;2
1621267576000;11577755;0.86023;0.86035;0.86029;0;T;True;2
1621267577000;11577756;0.86023;0.86035;0.86029;0;T;True;2
1621267578000;11577757;0.86023;0.86035;0.86029;0;T;True;2
1621267579000;11577758;0.86023;0.86035;0.86029;0;T;True;2
1621267580000;11577759;0.86023;0.86035;0.86029;0;T;True;2
1621267581000;11577760;0.86023;0.86035;0.86029;0;T;True;2
1621267582000;11577764;0.86022;0.86034;0.86028;3;T;True;2
1621267583000;11577765;0.86022;0.86034;0.86028;0;T;True;2
1621267584000;11577766;0.86022;0.86034;0.86028;0;T;True;2
1621267585000;11577767;0.86022;0.86034;0.86028;0;T;True;2
1621267586000;11577768;0.86022;0.86034;0.86028;0;T;True;2
1621267587000;11577770;0.86022;0.86034;0.86028;1;T;True;2
1621267588000;11577773;0.86024;0.86036;0.8603;2;T;True;2
1621267589000;11577774;0.86024;0.86036;0.8603;0;T;True;2
1621267590000;11577775;0.86024;0.86036;0.8603;0;T;True;2
1621267591000;11577777;0.86025;0.86037;0.86031;1;T;True;2
1621267592000;11577779;0.86026;0.86038;0.86032;1;T;True;2
1621267593000;11577781;0.86027;0.86039;0.86033;1;T;True;2
1621267594000;11577783;0.86028;0.8604;0.86034;1;T;True;2
1621267595000;11577784;0.86028;0.8604;0.86034;0;T;True;2
1621267596000;11577785;0.86028;0.8604;0.86034;0;T;True;2
1621267597000;11577786;0.86028;0.8604;0.86034;0;T;True;2
1621267598000;11577788;0.86028;0.8604;0.86034;1;T;True;2
1621267599000;11577791;0.86029;0.86041;0.86035;2;T;True;2
1621267600000;11577792;0.86029;0.86041;0.86035;0;T;True;2
1621267601000;11577797;0.86027;0.86039;0.86033;4;T;True;2
1621267602000;11577798;0.86027;0.86039;0.86033;0;T;True;2
1621267603000;11577799;0.86027;0.86039;0.86033;0;T;True;2
1621267604000;11577801;0.86026;0.86038;0.86032;1;T;True;2
1621267605000;11577804;0.86026;0.86038;0.86032;2;T;True;2
1621267606000;11577805;0.86026;0.86038;0.86032;0;T;True;2
1621267607000;11577806;0.86026;0.86038;0.86032;0;T;True;2
1621267608000;11577808;0.86027;0.86039;0.86033;1;T;True;2
1621267609000;11577812;0.86027;0.86039;0.86033;3;T;True;2
1621267610000;11577813;0.86027;0.86039;0.86033;0;T;True;2
1621267611000;11577814;0.86027;0.86039;0.86033;0;T;True;2
1621267612000;11577818;0.86027;0.86039;0.86033;3;T;True;2
1621267613000;11577820;0.86027;0.86039;0.86033;1;T;True;2
1621267614000;11577823;0.86029;0.86041;0.86035;2;T;True;2
1621267615000;11577824;0.86029;0.86041;0.86035;0;T;True;2
1621267616000;11577825;0.86029;0.86041;0.86035;0;T;True;2
1621267617000;11577826;0.86029;0.86041;0.86035;0;T;True;2
1621267618000;11577829;0.86029;0.86041;0.86035;2;T;True;2
1621267619000;11577830;0.86029;0.86041;0.86035;0;T;True;2
1621267620000;11577832;0.86028;0.8604;0.86034;1;T;True;2
1621267621000;11577835;0.86029;0.86041;0.86035;2;T;True;2
1621267622000;11577840;0.86027;0.86039;0.86033;4;T;True;2
1621267623000;11577841;0.86027;0.86039;0.86033;0;T;True;2
1621267624000;11577842;0.86027;0.86039;0.86033;0;T;True;2
1621267625000;11577845;0.86025;0.86037;0.86031;2;T;True;2
1621267626000;11577846;0.86025;0.86037;0.86031;0;T;True;2
1621267627000;11577848;0.86026;0.86038;0.86032;1;T;True;2
1621267628000;11577849;0.86026;0.86038;0.86032;0;T;True;2
1621267629000;11577850;0.86026;0.86038;0.86032;0;T;True;2
1621267630000;11577851;0.86026;0.86038;0.86032;0;T;True;2
1621267631000;11577852;0.86026;0.86038;0.86032;0;T;True;2
1621267632000;11577853;0.86026;0.86038;0.86032;0;T;True;2
1621267633000;11577855;0.86027;0.86039;0.86033;1;T;True;2
1621267634000;11577856;0.86027;0.86039;0.86033;0;T;True;2
1621267635000;11577857;0.86027;0.86039;0.86033;0;T;True;2
1621267636000;11577858;0.86027;0.86039;0.86033;0;T;True;2
1621267637000;11577859;0.86027;0.86039;0.86033;0;T;True;2
1621267638000;11577860;0.86027;0.86039;0.86033;0;T;True;2
1621267639000;11577862;0.86027;0.86039;0.86033;1;T;True;2
1621267640000;11577864;0.86027;0.86039;0.86033;1;T;True;2
1621267641000;11577865;0.86027;0.86039;0.86033;0;T;True;2
1621267642000;11577866;0.86027;0.86039;0.86033;0;T;True;2
1621267643000;11577867;0.86027;0.86039;0.86033;0;T;True;2
1621267644000;11577868;0.86027;0.86039;0.86033;0;T;True;2
1621267645000;11577871;0.86027;0.86039;0.86033;2;T;True;2
1621267646000;11577874;0.86027;0.86039;0.86033;2;T;True;2
1621267647000;11577875;0.86027;0.86039;0.86033;0;T;True;2
1621267648000;11577876;0.86027;0.86039;0.86033;0;T;True;2
1621267649000;11577877;0.86027;0.86039;0.86033;0;T;True;2
1621267650000;11577878;0.86027;0.86039;0.86033;0;T;True;2
1621267651000;11577881;0.86028;0.8604;0.86034;2;T;True;2
1621267652000;11577883;0.86027;0.86039;0.86033;1;T;True;2
1621267653000;11577886;0.8603;0.86042;0.86036;2;T;True;2
1621267654000;11577888;0.86029;0.86041;0.86035;1;T;True;2
1621267655000;11577891;0.86029;0.86041;0.86035;2;T;True;2
1621267656000;11577893;0.86029;0.86041;0.86035;1;T;True;2
1621267657000;11577894;0.86029;0.86041;0.86035;0;T;True;2
1621267658000;11577895;0.86029;0.86041;0.86035;0;T;True;2
1621267659000;11577897;0.86028;0.8604;0.86034;1;T;True;2
1621267660000;11577899;0.86029;0.86041;0.86035;1;T;True;2
1621267661000;11577900;0.86029;0.86041;0.86035;0;T;True;2
1621267662000;11577901;0.86029;0.86041;0.86035;0;T;True;2
1621267663000;11577902;0.86029;0.86041;0.86035;0;T;True;2
1621267664000;11577903;0.86029;0.86041;0.86035;0;T;True;2
1621267665000;11577905;0.86029;0.86041;0.86035;1;T;True;2
1621267666000;11577907;0.86029;0.86041;0.86035;1;T;True;2
1621267667000;11577909;0.86028;0.8604;0.86034;1;T;True;2
1621267668000;11577911;0.86029;0.86041;0.86035;1;T;True;2
1621267669000;11577913;0.86029;0.86041;0.86035;1;T;True;2
1621267670000;11577914;0.86029;0.86041;0.86035;0;T;True;2
1621267671000;11577915;0.86029;0.86041;0.86035;0;T;True;2
1621267672000;11577916;0.86029;0.86041;0.86035;0;T;True;2
1621267673000;11577917;0.86029;0.86041;0.86035;0;T;True;2
1621267674000;11577919;0.8603;0.86042;0.86036;1;T;True;2
1621267675000;11577920;0.8603;0.86042;0.86036;0;T;True;2
1621267676000;11577921;0.8603;0.86042;0.86036;0;T;True;2
1621267677000;11577922;0.8603;0.86042;0.86036;0;T;True;2
1621267678000;11577923;0.8603;0.86042;0.86036;0;T;True;2
1621267679000;11577925;0.86031;0.86043;0.86037;1;T;True;2
1621267680000;11577926;0.86031;0.86043;0.86037;0;T;True;2
1621267681000;11577927;0.86031;0.86043;0.86037;0;T;True;2
1621267682000;11577928;0.86031;0.86043;0.86037;0;T;True;2
1621267683000;11577929;0.86031;0.86043;0.86037;0;T;True;2
1621267684000;11577930;0.86031;0.86043;0.86037;0;T;True;2
1621267685000;11577931;0.86031;0.86043;0.86037;0;T;True;2
1621267686000;11577932;0.86031;0.86043;0.86037;0;T;True;2
1621267687000;11577933;0.86031;0.86043;0.86037;0;T;True;2
1621267688000;11577936;0.86031;0.86043;0.86037;2;T;True;2
1621267689000;11577937;0.86031;0.86043;0.86037;0;T;True;2
1621267690000;11577938;0.86031;0.86043;0.86037;0;T;True;2
1621267691000;11577939;0.86031;0.86043;0.86037;0;T;True;2
1621267692000;11577940;0.86031;0.86043;0.86037;0;T;True;2
1621267693000;11577941;0.86031;0.86043;0.86037;0;T;True;2
1621267694000;11577944;0.86031;0.86043;0.86037;2;T;True;2
1621267695000;11577945;0.86031;0.86043;0.86037;0;T;True;2
1621267696000;11577946;0.86031;0.86043;0.86037;0;T;True;2
1621267697000;11577947;0.86031;0.86043;0.86037;0;T;True;2
1621267698000;11577948;0.86031;0.86043;0.86037;0;T;True;2
1621267699000;11577949;0.86031;0.86043;0.86037;0;T;True;2
1621267700000;11577950;0.86031;0.86043;0.86037;0;T;True;2
1621267701000;11577951;0.86031;0.86043;0.86037;0;T;True;2
1621267702000;11577952;0.86031;0.86043;0.86037;0;T;True;2
1621267703000;11577953;0.86031;0.86043;0.86037;0;T;True;2
1621267704000;11577954;0.86031;0.86043;0.86037;0;T;True;2
1621267705000;11577955;0.86031;0.86043;0.86037;0;T;True;2
1621267706000;11577956;0.86031;0.86043;0.86037;0;T;True;2
1621267707000;11577957;0.86031;0.86043;0.86037;0;T;True;2
1621267708000;11577960;0.86029;0.86041;0.86035;2;T;True;2
1621267709000;11577961;0.86029;0.86041;0.86035;0;T;True;2
1621267710000;11577962;0.86029;0.86041;0.86035;0;T;True;2
1621267711000;11577964;0.86029;0.86041;0.86035;1;T;True;2
1621267712000;11577966;0.86027;0.86039;0.86033;1;T;True;2
1621267713000;11577968;0.86028;0.8604;0.86034;1;T;True;2
1621267714000;11577969;0.86028;0.8604;0.86034;0;T;True;2
1621267715000;11577970;0.86028;0.8604;0.86034;0;T;True;2
1621267716000;11577971;0.86028;0.8604;0.86034;0;T;True;2
1621267717000;11577972;0.86028;0.8604;0.86034;0;T;True;2
1621267718000;11577973;0.86028;0.8604;0.86034;0;T;True;2
1621267719000;11577974;0.86028;0.8604;0.86034;0;T;True;2
1621267720000;11577975;0.86028;0.8604;0.86034;0;T;True;2
1621267721000;11577976;0.86028;0.8604;0.86034;0;T;True;2
1621267722000;11577977;0.86028;0.8604;0.86034;0;T;True;2
1621267723000;11577978;0.86028;0.8604;0.86034;0;T;True;2
1621267724000;11577979;0.86028;0.8604;0.86034;0;T;True;2
1621267725000;11577980;0.86028;0.8604;0.86034;0;T;True;2
1621267726000;11577984;0.86029;0.86041;0.86035;3;T;True;2
1621267727000;11577985;0.86029;0.86041;0.86035;0;T;True;2
1621267728000;11577986;0.86029;0.86041;0.86035;0;T;True;2
1621267729000;11577988;0.86029;0.86041;0.86035;1;T;True;2
1621267730000;11577989;0.86029;0.86041;0.86035;0;T;True;2
1621267731000;11577990;0.86029;0.86041;0.86035;0;T;True;2
1621267732000;11577991;0.86029;0.86041;0.86035;0;T;True;2
1621267733000;11577993;0.86029;0.86041;0.86035;1;T;True;2
1621267734000;11577994;0.86029;0.86041;0.86035;0;T;True;2
1621267735000;11577995;0.86029;0.86041;0.86035;0;T;True;2
1621267736000;11577996;0.86029;0.86041;0.86035;0;T;True;2
1621267737000;11577997;0.86029;0.86041;0.86035;0;T;True;2
1621267738000;11577998;0.86029;0.86041;0.86035;0;T;True;2
1621267739000;11577999;0.86029;0.86041;0.86035;0;T;True;2
1621267740000;11578000;0.86029;0.86041;0.86035;0;T;True;2
1621267741000;11578001;0.86029;0.86041;0.86035;0;T;True;2
1621267742000;11578006;0.86029;0.86041;0.86035;4;T;True;2
1621267743000;11578007;0.86029;0.86041;0.86035;0;T;True;2
1621267744000;11578010;0.86029;0.86041;0.86035;2;T;True;2
1621267745000;11578016;0.86028;0.8604;0.86034;5;T;True;2
1621267746000;11578022;0.86027;0.86039;0.86033;5;T;True;2
1621267747000;11578023;0.86027;0.86039;0.86033;0;T;True;2
1621267748000;11578024;0.86027;0.86039;0.86033;0;T;True;2
1621267749000;11578025;0.86027;0.86039;0.86033;0;T;True;2
1621267750000;11578026;0.86027;0.86039;0.86033;0;T;True;2
1621267751000;11578027;0.86027;0.86039;0.86033;0;T;True;2
1621267752000;11578028;0.86027;0.86039;0.86033;0;T;True;2
1621267753000;11578031;0.86027;0.86039;0.86033;2;T;True;2
1621267754000;11578033;0.86028;0.8604;0.86034;1;T;True;2
1621267755000;11578037;0.86027;0.86039;0.86033;3;T;True;2
1621267756000;11578038;0.86027;0.86039;0.86033;0;T;True;2
1621267757000;11578041;0.86029;0.86041;0.86035;2;T;True;2
1621267758000;11578044;0.86029;0.86041;0.86035;2;T;True;2
1621267759000;11578045;0.86029;0.86041;0.86035;0;T;True;2
1621267760000;11578048;0.86028;0.8604;0.86034;2;T;True;2
1621267761000;11578053;0.86029;0.86041;0.86035;4;T;True;2
1621267762000;11578057;0.86033;0.86045;0.86039;3;T;True;2
1621267763000;11578058;0.86033;0.86045;0.86039;0;T;True;2
1621267764000;11578061;0.86033;0.86045;0.86039;2;T;True;2
1621267765000;11578063;0.86033;0.86045;0.86039;1;T;True;2
1621267766000;11578064;0.86033;0.86045;0.86039;0;T;True;2
1621267767000;11578065;0.86033;0.86045;0.86039;0;T;True;2
1621267768000;11578066;0.86033;0.86045;0.86039;0;T;True;2
1621267769000;11578067;0.86033;0.86045;0.86039;0;T;True;2
1621267770000;11578068;0.86033;0.86045;0.86039;0;T;True;2
1621267771000;11578069;0.86033;0.86045;0.86039;0;T;True;2
1621267772000;11578070;0.86033;0.86045;0.86039;0;T;True;2
1621267773000;11578079;0.86039;0.86051;0.86045;8;T;True;2
1621267774000;11578081;0.86039;0.86051;0.86045;1;T;True;2
1621267775000;11578082;0.86039;0.86051;0.86045;0;T;True;2
1621267776000;11578083;0.86039;0.86051;0.86045;0;T;True;2
1621267777000;11578086;0.86041;0.86053;0.86047;2;T;True;2
1621267778000;11578097;0.86045;0.86057;0.86051;10;T;True;2
1621267779000;11578098;0.86045;0.86057;0.86051;0;T;True;2
1621267780000;11578099;0.86045;0.86057;0.86051;0;T;True;2
1621267781000;11578102;0.86043;0.86055;0.86049;2;T;True;2
1621267782000;11578103;0.86043;0.86055;0.86049;0;T;True;2
1621267783000;11578105;0.86044;0.86056;0.8605;1;T;True;2
1621267784000;11578106;0.86044;0.86056;0.8605;0;T;True;2
1621267785000;11578107;0.86044;0.86056;0.8605;0;T;True;2
1621267786000;11578109;0.86043;0.86055;0.86049;1;T;True;2
1621267787000;11578110;0.86043;0.86055;0.86049;0;T;True;2
1621267788000;11578112;0.86045;0.86057;0.86051;1;T;True;2
1621267789000;11578113;0.86045;0.86057;0.86051;0;T;True;2
1621267790000;11578114;0.86045;0.86057;0.86051;0;T;True;2
1621267791000;11578115;0.86045;0.86057;0.86051;0;T;True;2
1621267792000;11578116;0.86045;0.86057;0.86051;0;T;True;2
1621267793000;11578118;0.86044;0.86056;0.8605;1;T;True;2
1621267794000;11578121;0.86042;0.86054;0.86048;2;T;True;2
1621267795000;11578123;0.86041;0.86053;0.86047;1;T;True;2
1621267796000;11578124;0.86041;0.86053;0.86047;0;T;True;2
1621267797000;11578125;0.86041;0.86053;0.86047;0;T;True;2
1621267798000;11578127;0.86039;0.86051;0.86045;1;T;True;2
1621267799000;11578129;0.86039;0.86051;0.86045;1;T;True;2
1621267800000;11578130;0.86039;0.86051;0.86045;0;T;True;2
1621267801000;11578132;0.86039;0.86051;0.86045;1;T;True;2
1621267802000;11578135;0.86039;0.86051;0.86045;2;T;True;2
1621267803000;11578141;0.86045;0.86057;0.86051;5;T;True;2
1621267804000;11578144;0.86043;0.86055;0.86049;2;T;True;2
1621267805000;11578145;0.86043;0.86055;0.86049;0;T;True;2
1621267806000;11578146;0.86043;0.86055;0.86049;0;T;True;2
1621267807000;11578147;0.86043;0.86055;0.86049;0;T;True;2
1621267808000;11578151;0.86045;0.86057;0.86051;3;T;True;2
1621267809000;11578152;0.86045;0.86057;0.86051;0;T;True;2
1621267810000;11578153;0.86045;0.86057;0.86051;0;T;True;2
1621267811000;11578155;0.86044;0.86056;0.8605;1;T;True;2
1621267812000;11578158;0.86043;0.86055;0.86049;2;T;True;2
1621267813000;11578159;0.86043;0.86055;0.86049;0;T;True;2
1621267814000;11578160;0.86043;0.86055;0.86049;0;T;True;2
1621267815000;11578161;0.86043;0.86055;0.86049;0;T;True;2
1621267816000;11578162;0.86043;0.86055;0.86049;0;T;True;2
1621267817000;11578163;0.86043;0.86055;0.86049;0;T;True;2
1621267818000;11578164;0.86043;0.86055;0.86049;0;T;True;2
1621267819000;11578166;0.86043;0.86055;0.86049;1;T;True;2
1621267820000;11578167;0.86043;0.86055;0.86049;0;T;True;2
1621267821000;11578170;0.86043;0.86055;0.86049;2;T;True;2
1621267822000;11578172;0.86042;0.86054;0.86048;1;T;True;2
1621267823000;11578174;0.86043;0.86055;0.86049;1;T;True;2
1621267824000;11578175;0.86043;0.86055;0.86049;0;T;True;2
1621267825000;11578177;0.86043;0.86055;0.86049;1;T;True;2
1621267826000;11578178;0.86043;0.86055;0.86049;0;T;True;2
1621267827000;11578180;0.86043;0.86055;0.86049;1;T;True;2
1621267828000;11578183;0.86043;0.86055;0.86049;2;T;True;2
1621267829000;11578185;0.86043;0.86055;0.86049;1;T;True;2
1621267830000;11578188;0.86044;0.86056;0.8605;2;T;True;2
1621267831000;11578189;0.86044;0.86056;0.8605;0;T;True;2
1621267832000;11578194;0.86045;0.86057;0.86051;4;T;True;2
1621267833000;11578196;0.86045;0.86057;0.86051;1;T;True;2
1621267834000;11578197;0.86045;0.86057;0.86051;0;T;True;2
1621267835000;11578203;0.86044;0.86056;0.8605;5;T;True;2
1621267836000;11578207;0.86043;0.86055;0.86049;3;T;True;2
1621267837000;11578208;0.86043;0.86055;0.86049;0;T;True;2
1621267838000;11578211;0.86045;0.86057;0.86051;2;T;True;2
1621267839000;11578214;0.86044;0.86056;0.8605;2;T;True;2
1621267840000;11578215;0.86044;0.86056;0.8605;0;T;True;2
1621267841000;11578216;0.86044;0.86056;0.8605;0;T;True;2
1621267842000;11578217;0.86044;0.86056;0.8605;0;T;True;2
1621267843000;11578218;0.86044;0.86056;0.8605;0;T;True;2
1621267844000;11578222;0.86041;0.86053;0.86047;3;T;True;2
1621267845000;11578223;0.86041;0.86053;0.86047;0;T;True;2
1621267846000;11578226;0.86039;0.86051;0.86045;2;T;True;2
1621267847000;11578229;0.86042;0.86054;0.86048;2;T;True;2
1621267848000;11578231;0.86042;0.86054;0.86048;1;T;True;2
1621267849000;11578232;0.86042;0.86054;0.86048;0;T;True;2
1621267850000;11578233;0.86042;0.86054;0.86048;0;T;True;2
1621267851000;11578240;0.86045;0.86057;0.86051;6;T;True;2
1621267852000;11578242;0.86045;0.86057;0.86051;1;T;True;2
1621267853000;11578243;0.86045;0.86057;0.86051;0;T;True;2
1621267854000;11578245;0.86044;0.86056;0.8605;1;T;True;2
1621267855000;11578247;0.86044;0.86056;0.8605;1;T;True;2
1621267856000;11578249;0.86043;0.86055;0.86049;1;T;True;2
1621267857000;11578251;0.86043;0.86055;0.86049;1;T;True;2
1621267858000;11578253;0.86043;0.86055;0.86049;1;T;True;2
1621267859000;11578254;0.86043;0.86055;0.86049;0;T;True;2
1621267860000;11578255;0.86043;0.86055;0.86049;0;T;True;2
1621267861000;11578256;0.86043;0.86055;0.86049;0;T;True;2
1621267862000;11578258;0.86043;0.86055;0.86049;1;T;True;2
1621267863000;11578259;0.86043;0.86055;0.86049;0;T;True;2
1621267864000;11578261;0.86043;0.86055;0.86049;1;T;True;2
1621267865000;11578262;0.86043;0.86055;0.86049;0;T;True;2
1621267866000;11578264;0.86043;0.86055;0.86049;1;T;True;2
1621267867000;11578266;0.86043;0.86055;0.86049;1;T;True;2
1621267868000;11578271;0.86043;0.86055;0.86049;4;T;True;2
1621267869000;11578279;0.86042;0.86054;0.86048;7;T;True;2
1621267870000;11578281;0.86042;0.86054;0.86048;1;T;True;2
1621267871000;11578282;0.86042;0.86054;0.86048;0;T;True;2
1621267872000;11578283;0.86042;0.86054;0.86048;0;T;True;2
1621267873000;11578284;0.86042;0.86054;0.86048;0;T;True;2
1621267874000;11578292;0.86036;0.86048;0.86042;7;T;True;2
1621267875000;11578293;0.86036;0.86048;0.86042;0;T;True;2
1621267876000;11578296;0.86035;0.86047;0.86041;2;T;True;2
1621267877000;11578298;0.86035;0.86047;0.86041;1;T;True;2
1621267878000;11578299;0.86035;0.86047;0.86041;0;T;True;2
1621267879000;11578300;0.86035;0.86047;0.86041;0;T;True;2
1621267880000;11578303;0.86033;0.86045;0.86039;2;T;True;2
1621267881000;11578304;0.86033;0.86045;0.86039;0;T;True;2
1621267882000;11578305;0.86033;0.86045;0.86039;0;T;True;2
1621267883000;11578306;0.86033;0.86045;0.86039;0;T;True;2
1621267884000;11578307;0.86033;0.86045;0.86039;0;T;True;2
1621267885000;11578308;0.86033;0.86045;0.86039;0;T;True;2
1621267886000;11578309;0.86033;0.86045;0.86039;0;T;True;2
1621267887000;11578310;0.86033;0.86045;0.86039;0;T;True;2
1621267888000;11578312;0.86033;0.86045;0.86039;1;T;True;2
1621267889000;11578317;0.86027;0.86039;0.86033;4;T;True;2
1621267890000;11578319;0.86027;0.86039;0.86033;1;T;True;2
1621267891000;11578321;0.86027;0.86039;0.86033;1;T;True;2
1621267892000;11578323;0.86027;0.86039;0.86033;1;T;True;2
1621267893000;11578327;0.86029;0.86041;0.86035;3;T;True;2
1621267894000;11578329;0.86029;0.86041;0.86035;1;T;True;2
1621267895000;11578335;0.86031;0.86043;0.86037;5;T;True;2
1621267896000;11578340;0.86027;0.86039;0.86033;4;T;True;2
1621267897000;11578341;0.86027;0.86039;0.86033;0;T;True;2
1621267898000;11578342;0.86027;0.86039;0.86033;0;T;True;2
1621267899000;11578343;0.86027;0.86039;0.86033;0;T;True;2
1621267900000;11578344;0.86027;0.86039;0.86033;0;T;True;2
1621267901000;11578346;0.86028;0.8604;0.86034;1;T;True;2
1621267902000;11578348;0.86029;0.86041;0.86035;1;T;True;2
1621267903000;11578350;0.8603;0.86042;0.86036;1;T;True;2
1621267904000;11578353;0.8603;0.86042;0.86036;2;T;True;2
1621267905000;11578356;0.8603;0.86042;0.86036;2;T;True;2
1621267906000;11578359;0.8603;0.86042;0.86036;2;T;True;2
1621267907000;11578360;0.8603;0.86042;0.86036;0;T;True;2
1621267908000;11578361;0.8603;0.86042;0.86036;0;T;True;2
1621267909000;11578362;0.8603;0.86042;0.86036;0;T;True;2
1621267910000;11578363;0.8603;0.86042;0.86036;0;T;True;2
1621267911000;11578369;0.8603;0.86042;0.86036;5;T;True;2
1621267912000;11578370;0.8603;0.86042;0.86036;0;T;True;2
1621267913000;11578372;0.8603;0.86042;0.86036;1;T;True;2
1621267914000;11578374;0.86029;0.86041;0.86035;1;T;True;2
1621267915000;11578376;0.86029;0.86041;0.86035;1;T;True;2
1621267916000;11578378;0.86029;0.86041;0.86035;1;T;True;2
1621267917000;11578380;0.86029;0.86041;0.86035;1;T;True;2
1621267918000;11578381;0.86029;0.86041;0.86035;0;T;True;2
1621267919000;11578383;0.86029;0.86041;0.86035;1;T;True;2
1621267920000;11578386;0.86028;0.8604;0.86034;2;T;True;2
1621267921000;11578388;0.86028;0.8604;0.86034;1;T;True;2
1621267922000;11578390;0.86027;0.86039;0.86033;1;T;True;2
1621267923000;11578392;0.86028;0.8604;0.86034;1;T;True;2
1621267924000;11578393;0.86028;0.8604;0.86034;0;T;True;2
1621267925000;11578395;0.86027;0.86039;0.86033;1;T;True;2
1621267926000;11578396;0.86027;0.86039;0.86033;0;T;True;2
1621267927000;11578398;0.86029;0.86041;0.86035;1;T;True;2
1621267928000;11578401;0.86029;0.86041;0.86035;2;T;True;2
1621267929000;11578402;0.86029;0.86041;0.86035;0;T;True;2
1621267930000;11578403;0.86029;0.86041;0.86035;0;T;True;2
1621267931000;11578405;0.8603;0.86042;0.86036;1;T;True;2
1621267932000;11578407;0.86029;0.86041;0.86035;1;T;True;2
1621267933000;11578412;0.86029;0.86041;0.86035;4;T;True;2
1621267934000;11578414;0.8603;0.86042;0.86036;1;T;True;2
1621267935000;11578416;0.8603;0.86042;0.86036;1;T;True;2
1621267936000;11578417;0.8603;0.86042;0.86036;0;T;True;2
1621267937000;11578420;0.86029;0.86041;0.86035;2;T;True;2
1621267938000;11578422;0.86029;0.86041;0.86035;1;T;True;2
1621267939000;11578423;0.86029;0.86041;0.86035;0;T;True;2
1621267940000;11578424;0.86029;0.86041;0.86035;0;T;True;2
1621267941000;11578431;0.86027;0.86039;0.86033;6;T;True;2
1621267942000;11578433;0.86027;0.86039;0.86033;1;T;True;2
1621267943000;11578434;0.86027;0.86039;0.86033;0;T;True;2
1621267944000;11578435;0.86027;0.86039;0.86033;0;T;True;2
1621267945000;11578437;0.86027;0.86039;0.86033;1;T;True;2
1621267946000;11578439;0.86027;0.86039;0.86033;1;T;True;2
1621267947000;11578440;0.86027;0.86039;0.86033;0;T;True;2
1621267948000;11578441;0.86027;0.86039;0.86033;0;T;True;2
1621267949000;11578443;0.86027;0.86039;0.86033;1;T;True;2
1621267950000;11578444;0.86027;0.86039;0.86033;0;T;True;2
1621267951000;11578445;0.86027;0.86039;0.86033;0;T;True;2
1621267952000;11578450;0.86026;0.86038;0.86032;4;T;True;2
1621267953000;11578453;0.86026;0.86038;0.86032;2;T;True;2
1621267954000;11578455;0.86027;0.86039;0.86033;1;T;True;2
1621267955000;11578456;0.86027;0.86039;0.86033;0;T;True;2
1621267956000;11578460;0.86025;0.86037;0.86031;3;T;True;2
1621267957000;11578461;0.86025;0.86037;0.86031;0;T;True;2
1621267958000;11578467;0.86024;0.86036;0.8603;5;T;True;2
1621267959000;11578468;0.86024;0.86036;0.8603;0;T;True;2
1621267960000;11578469;0.86024;0.86036;0.8603;0;T;True;2
1621267961000;11578470;0.86024;0.86036;0.8603;0;T;True;2
1621267962000;11578472;0.86023;0.86035;0.86029;1;T;True;2
1621267963000;11578473;0.86023;0.86035;0.86029;0;T;True;2
1621267964000;11578475;0.86023;0.86035;0.86029;1;T;True;2
1621267965000;11578476;0.86023;0.86035;0.86029;0;T;True;2
1621267966000;11578477;0.86023;0.86035;0.86029;0;T;True;2
1621267967000;11578478;0.86023;0.86035;0.86029;0;T;True;2
1621267968000;11578479;0.86023;0.86035;0.86029;0;T;True;2
1621267969000;11578487;0.86021;0.86033;0.86027;7;T;True;2
1621267970000;11578488;0.86021;0.86033;0.86027;0;T;True;2
1621267971000;11578489;0.86021;0.86033;0.86027;0;T;True;2
1621267972000;11578494;0.8602;0.86032;0.86026;4;T;True;2
1621267973000;11578496;0.8602;0.86032;0.86026;1;T;True;2
1621267974000;11578497;0.8602;0.86032;0.86026;0;T;True;2
1621267975000;11578498;0.8602;0.86032;0.86026;0;T;True;2
1621267976000;11578502;0.86017;0.86029;0.86023;3;T;True;2
1621267977000;11578503;0.86017;0.86029;0.86023;0;T;True;2
1621267978000;11578505;0.86016;0.86028;0.86022;1;T;True;2
1621267979000;11578510;0.86015;0.86027;0.86021;4;T;True;2
1621267980000;11578512;0.86015;0.86027;0.86021;1;T;True;2
1621267981000;11578518;0.86015;0.86027;0.86021;5;T;True;2
1621267982000;11578523;0.86015;0.86027;0.86021;4;T;True;2
1621267983000;11578526;0.86016;0.86028;0.86022;2;T;True;2
1621267984000;11578532;0.86017;0.86029;0.86023;5;T;True;2
1621267985000;11578534;0.86017;0.86029;0.86023;1;T;True;2
1621267986000;11578537;0.86016;0.86028;0.86022;2;T;True;2
1621267987000;11578539;0.86016;0.86028;0.86022;1;T;True;2
1621267988000;11578541;0.86019;0.86031;0.86025;1;T;True;2
1621267989000;11578543;0.86019;0.86031;0.86025;1;T;True;2
1621267990000;11578547;0.8602;0.86032;0.86026;3;T;True;2
1621267991000;11578550;0.8602;0.86032;0.86026;2;T;True;2
1621267992000;11578551;0.8602;0.86032;0.86026;0;T;True;2
1621267993000;11578554;0.86021;0.86033;0.86027;2;T;True;2
1621267994000;11578555;0.86021;0.86033;0.86027;0;T;True;2
1621267995000;11578556;0.86021;0.86033;0.86027;0;T;True;2
1621267996000;11578565;0.86017;0.86029;0.86023;8;T;True;2
1621267997000;11578570;0.86017;0.86029;0.86023;4;T;True;2
1621267998000;11578571;0.86017;0.86029;0.86023;0;T;True;2
1621267999000;11578572;0.86017;0.86029;0.86023;0;T;True;2
1621268000000;11578573;0.86017;0.86029;0.86023;0;T;True;2
1621268001000;11578574;0.86017;0.86029;0.86023;0;T;True;2
1621268002000;11578576;0.86017;0.86029;0.86023;1;T;True;2
1621268003000;11578578;0.86017;0.86029;0.86023;1;T;True;2
1621268004000;11578584;0.86015;0.86027;0.86021;5;T;True;2
1621268005000;11578585;0.86015;0.86027;0.86021;0;T;True;2
1621268006000;11578587;0.86015;0.86027;0.86021;1;T;True;2
1621268007000;11578590;0.86015;0.86027;0.86021;2;T;True;2
1621268008000;11578596;0.86019;0.86031;0.86025;5;T;True;2
1621268009000;11578598;0.86019;0.86031;0.86025;1;T;True;2
1621268010000;11578599;0.86019;0.86031;0.86025;0;T;True;2
1621268011000;11578602;0.86019;0.86031;0.86025;2;T;True;2
1621268012000;11578605;0.86019;0.86031;0.86025;2;T;True;2
1621268013000;11578608;0.86019;0.86031;0.86025;2;T;True;2
1621268014000;11578609;0.86019;0.86031;0.86025;0;T;True;2
1621268015000;11578611;0.86018;0.8603;0.86024;1;T;True;2
1621268016000;11578612;0.86018;0.8603;0.86024;0;T;True;2
1621268017000;11578613;0.86018;0.8603;0.86024;0;T;True;2
1621268018000;11578614;0.86018;0.8603;0.86024;0;T;True;2
1621268019000;11578616;0.86018;0.8603;0.86024;1;T;True;2
1621268020000;11578620;0.86017;0.86029;0.86023;3;T;True;2
1621268021000;11578630;0.86012;0.86024;0.86018;9;T;True;2
1621268022000;11578631;0.86012;0.86024;0.86018;0;T;True;2
1621268023000;11578633;0.86013;0.86025;0.86019;1;T;True;2
1621268024000;11578634;0.86013;0.86025;0.86019;0;T;True;2
1621268025000;11578639;0.86012;0.86024;0.86018;4;T;True;2
1621268026000;11578640;0.86012;0.86024;0.86018;0;T;True;2
1621268027000;11578643;0.86013;0.86025;0.86019;2;T;True;2
1621268028000;11578644;0.86013;0.86025;0.86019;0;T;True;2
1621268029000;11578646;0.86013;0.86025;0.86019;1;T;True;2
1621268030000;11578650;0.86013;0.86025;0.86019;3;T;True;2
1621268031000;11578651;0.86013;0.86025;0.86019;0;T;True;2
1621268032000;11578653;0.86013;0.86025;0.86019;1;T;True;2
1621268033000;11578656;0.86014;0.86026;0.8602;2;T;True;2
1621268034000;11578657;0.86014;0.86026;0.8602;0;T;True;2
1621268035000;11578658;0.86014;0.86026;0.8602;0;T;True;2
1621268036000;11578660;0.86014;0.86026;0.8602;1;T;True;2
1621268037000;11578661;0.86014;0.86026;0.8602;0;T;True;2
1621268038000;11578664;0.86015;0.86027;0.86021;2;T;True;2
1621268039000;11578667;0.86014;0.86026;0.8602;2;T;True;2
1621268040000;11578670;0.86014;0.86026;0.8602;2;T;True;2
1621268041000;11578671;0.86014;0.86026;0.8602;0;T;True;2
1621268042000;11578672;0.86014;0.86026;0.8602;0;T;True;2
1621268043000;11578676;0.86015;0.86027;0.86021;3;T;True;2
1621268044000;11578679;0.86017;0.86029;0.86023;2;T;True;2
1621268045000;11578680;0.86017;0.86029;0.86023;0;T;True;2
1621268046000;11578682;0.86017;0.86029;0.86023;1;T;True;2
1621268047000;11578687;0.86017;0.86029;0.86023;4;T;True;2
1621268048000;11578691;0.86016;0.86028;0.86022;3;T;True;2
1621268049000;11578693;0.86015;0.86027;0.86021;1;T;True;2
1621268050000;11578694;0.86015;0.86027;0.86021;0;T;True;2
1621268051000;11578695;0.86015;0.86027;0.86021;0;T;True;2
1621268052000;11578697;0.86015;0.86027;0.86021;1;T;True;2
1621268053000;11578700;0.86015;0.86027;0.86021;2;T;True;2
1621268054000;11578701;0.86015;0.86027;0.86021;0;T;True;2
1621268055000;11578702;0.86015;0.86027;0.86021;0;T;True;2
1621268056000;11578703;0.86015;0.86027;0.86021;0;T;True;2
1621268057000;11578705;0.86015;0.86027;0.86021;1;T;True;2
1621268058000;11578710;0.86017;0.86029;0.86023;4;T;True;2
1621268059000;11578712;0.86017;0.86029;0.86023;1;T;True;2
1621268060000;11578713;0.86017;0.86029;0.86023;0;T;True;2
1621268061000;11578714;0.86017;0.86029;0.86023;0;T;True;2
1621268062000;11578715;0.86017;0.86029;0.86023;0;T;True;2
1621268063000;11578716;0.86017;0.86029;0.86023;0;T;True;2
1621268064000;11578717;0.86017;0.86029;0.86023;0;T;True;2
1621268065000;11578718;0.86017;0.86029;0.86023;0;T;True;2
1621268066000;11578719;0.86017;0.86029;0.86023;0;T;True;2
1621268067000;11578721;0.86015;0.86027;0.86021;1;T;True;2
1621268068000;11578724;0.86016;0.86028;0.86022;2;T;True;2
1621268069000;11578729;0.86014;0.86026;0.8602;4;T;True;2
1621268070000;11578731;0.86014;0.86026;0.8602;1;T;True;2
1621268071000;11578732;0.86014;0.86026;0.8602;0;T;True;2
1621268072000;11578733;0.86014;0.86026;0.8602;0;T;True;2
1621268073000;11578734;0.86014;0.86026;0.8602;0;T;True;2
1621268074000;11578737;0.86014;0.86026;0.8602;2;T;True;2
1621268075000;11578738;0.86014;0.86026;0.8602;0;T;True;2
1621268076000;11578739;0.86014;0.86026;0.8602;0;T;True;2
1621268077000;11578740;0.86014;0.86026;0.8602;0;T;True;2
1621268078000;11578746;0.86011;0.86023;0.86017;5;T;True;2
1621268079000;11578747;0.86011;0.86023;0.86017;0;T;True;2
1621268080000;11578748;0.86011;0.86023;0.86017;0;T;True;2
1621268081000;11578749;0.86011;0.86023;0.86017;0;T;True;2
1621268082000;11578750;0.86011;0.86023;0.86017;0;T;True;2
1621268083000;11578753;0.86013;0.86025;0.86019;2;T;True;2
1621268084000;11578754;0.86013;0.86025;0.86019;0;T;True;2
1621268085000;11578755;0.86013;0.86025;0.86019;0;T;True;2
1621268086000;11578756;0.86013;0.86025;0.86019;0;T;True;2
1621268087000;11578759;0.86015;0.86027;0.86021;2;T;True;2
1621268088000;11578761;0.86013;0.86025;0.86019;1;T;True;2
1621268089000;11578762;0.86013;0.86025;0.86019;0;T;True;2
1621268090000;11578763;0.86013;0.86025;0.86019;0;T;True;2
1621268091000;11578764;0.86013;0.86025;0.86019;0;T;True;2
1621268092000;11578765;0.86013;0.86025;0.86019;0;T;True;2
1621268093000;11578766;0.86013;0.86025;0.86019;0;T;True;2
1621268094000;11578767;0.86013;0.86025;0.86019;0;T;True;2
1621268095000;11578768;0.86013;0.86025;0.86019;0;T;True;2
1621268096000;11578769;0.86013;0.86025;0.86019;0;T;True;2
1621268097000;11578770;0.86013;0.86025;0.86019;0;T;True;2
1621268098000;11578771;0.86013;0.86025;0.86019;0;T;True;2
1621268099000;11578772;0.86013;0.86025;0.86019;0;T;True;2
1621268100000;11578773;0.86013;0.86025;0.86019;0;T;True;2
1621268101000;11578776;0.86011;0.86023;0.86017;2;T;True;2
1621268102000;11578780;0.86012;0.86024;0.86018;3;T;True;2
1621268103000;11578784;0.8601;0.86022;0.86016;3;T;True;2
1621268104000;11578787;0.86009;0.86021;0.86015;2;T;True;2
1621268105000;11578792;0.86013;0.86025;0.86019;4;T;True;2
1621268106000;11578793;0.86013;0.86025;0.86019;0;T;True;2
1621268107000;11578794;0.86013;0.86025;0.86019;0;T;True;2
1621268108000;11578795;0.86013;0.86025;0.86019;0;T;True;2
1621268109000;11578796;0.86013;0.86025;0.86019;0;T;True;2
1621268110000;11578798;0.86014;0.86026;0.8602;1;T;True;2
1621268111000;11578801;0.86014;0.86026;0.8602;2;T;True;2
1621268112000;11578802;0.86014;0.86026;0.8602;0;T;True;2
1621268113000;11578806;0.86011;0.86023;0.86017;3;T;True;2
1621268114000;11578808;0.86011;0.86023;0.86017;1;T;True;2
1621268115000;11578812;0.86011;0.86023;0.86017;3;T;True;2
1621268116000;11578813;0.86011;0.86023;0.86017;0;T;True;2
1621268117000;11578814;0.86011;0.86023;0.86017;0;T;True;2
1621268118000;11578815;0.86011;0.86023;0.86017;0;T;True;2
1621268119000;11578816;0.86011;0.86023;0.86017;0;T;True;2
1621268120000;11578818;0.86009;0.86021;0.86015;1;T;True;2
1621268121000;11578819;0.86009;0.86021;0.86015;0;T;True;2
1621268122000;11578820;0.86009;0.86021;0.86015;0;T;True;2
1621268123000;11578821;0.86009;0.86021;0.86015;0;T;True;2
1621268124000;11578823;0.8601;0.86022;0.86016;1;T;True;2
1621268125000;11578825;0.86009;0.86021;0.86015;1;T;True;2
1621268126000;11578826;0.86009;0.86021;0.86015;0;T;True;2
1621268127000;11578827;0.86009;0.86021;0.86015;0;T;True;2
1621268128000;11578830;0.86009;0.86021;0.86015;2;T;True;2
1621268129000;11578834;0.8601;0.86022;0.86016;3;T;True;2
1621268130000;11578835;0.8601;0.86022;0.86016;0;T;True;2
1621268131000;11578836;0.8601;0.86022;0.86016;0;T;True;2
1621268132000;11578837;0.8601;0.86022;0.86016;0;T;True;2
1621268133000;11578838;0.8601;0.86022;0.86016;0;T;True;2
1621268134000;11578839;0.8601;0.86022;0.86016;0;T;True;2
1621268135000;11578841;0.86009;0.86021;0.86015;1;T;True;2
1621268136000;11578845;0.8601;0.86022;0.86016;3;T;True;2
1621268137000;11578848;0.8601;0.86022;0.86016;2;T;True;2
1621268138000;11578849;0.8601;0.86022;0.86016;0;T;True;2
1621268139000;11578850;0.8601;0.86022;0.86016;0;T;True;2
1621268140000;11578852;0.86009;0.86021;0.86015;1;T;True;2
1621268141000;11578854;0.8601;0.86022;0.86016;1;T;True;2
1621268142000;11578855;0.8601;0.86022;0.86016;0;T;True;2
1621268143000;11578857;0.86011;0.86023;0.86017;1;T;True;2
1621268144000;11578858;0.86011;0.86023;0.86017;0;T;True;2
1621268145000;11578859;0.86011;0.86023;0.86017;0;T;True;2
1621268146000;11578862;0.86009;0.86021;0.86015;2;T;True;2
1621268147000;11578863;0.86009;0.86021;0.86015;0;T;True;2
1621268148000;11578864;0.86009;0.86021;0.86015;0;T;True;2
1621268149000;11578865;0.86009;0.86021;0.86015;0;T;True;2
1621268150000;11578866;0.86009;0.86021;0.86015;0;T;True;2
1621268151000;11578868;0.86007;0.86019;0.86013;1;T;True;2
1621268152000;11578872;0.86009;0.86021;0.86015;3;T;True;2
1621268153000;11578873;0.86009;0.86021;0.86015;0;T;True;2
1621268154000;11578874;0.86009;0.86021;0.86015;0;T;True;2
1621268155000;11578875;0.86009;0.86021;0.86015;0;T;True;2
1621268156000;11578876;0.86009;0.86021;0.86015;0;T;True;2
1621268157000;11578877;0.86009;0.86021;0.86015;0;T;True;2
1621268158000;11578878;0.86009;0.86021;0.86015;0;T;True;2
1621268159000;11578879;0.86009;0.86021;0.86015;0;T;True;2
1621268160000;11578880;0.86009;0.86021;0.86015;0;T;True;2
1621268161000;11578881;0.86009;0.86021;0.86015;0;T;True;2
1621268162000;11578882;0.86009;0.86021;0.86015;0;T;True;2
1621268163000;11578883;0.86009;0.86021;0.86015;0;T;True;2
1621268164000;11578884;0.86009;0.86021;0.86015;0;T;True;2
1621268165000;11578885;0.86009;0.86021;0.86015;0;T;True;2
1621268166000;11578886;0.86009;0.86021;0.86015;0;T;True;2
1621268167000;11578887;0.86009;0.86021;0.86015;0;T;True;2
1621268168000;11578888;0.86009;0.86021;0.86015;0;T;True;2
1621268169000;11578889;0.86009;0.86021;0.86015;0;T;True;2
1621268170000;11578890;0.86009;0.86021;0.86015;0;T;True;2
1621268171000;11578892;0.86007;0.86019;0.86013;1;T;True;2
1621268172000;11578896;0.86007;0.86019;0.86013;3;T;True;2
1621268173000;11578898;0.86006;0.86018;0.86012;1;T;True;2
1621268174000;11578899;0.86006;0.86018;0.86012;0;T;True;2
1621268175000;11578901;0.86007;0.86019;0.86013;1;T;True;2
1621268176000;11578903;0.86005;0.86017;0.86011;1;T;True;2
1621268177000;11578905;0.86004;0.86016;0.8601;1;T;True;2
1621268178000;11578910;0.86005;0.86017;0.86011;4;T;True;2
1621268179000;11578912;0.86005;0.86017;0.86011;1;T;True;2
1621268180000;11578914;0.86005;0.86017;0.86011;1;T;True;2
1621268181000;11578917;0.86005;0.86017;0.86011;2;T;True;2
1621268182000;11578920;0.86005;0.86017;0.86011;2;T;True;2
1621268183000;11578921;0.86005;0.86017;0.86011;0;T;True;2
1621268184000;11578922;0.86005;0.86017;0.86011;0;T;True;2
1621268185000;11578924;0.86005;0.86017;0.86011;1;T;True;2
1621268186000;11578925;0.86005;0.86017;0.86011;0;T;True;2
1621268187000;11578926;0.86005;0.86017;0.86011;0;T;True;2
1621268188000;11578927;0.86005;0.86017;0.86011;0;T;True;2
1621268189000;11578928;0.86005;0.86017;0.86011;0;T;True;2
1621268190000;11578930;0.86006;0.86018;0.86012;1;T;True;2
1621268191000;11578933;0.86006;0.86018;0.86012;2;T;True;2
1621268192000;11578936;0.86006;0.86018;0.86012;2;T;True;2
1621268193000;11578938;0.86005;0.86017;0.86011;1;T;True;2
1621268194000;11578940;0.86006;0.86018;0.86012;1;T;True;2
1621268195000;11578942;0.86005;0.86017;0.86011;1;T;True;2
1621268196000;11578943;0.86005;0.86017;0.86011;0;T;True;2
1621268197000;11578945;0.86006;0.86018;0.86012;1;T;True;2
1621268198000;11578948;0.86005;0.86017;0.86011;2;T;True;2
1621268199000;11578949;0.86005;0.86017;0.86011;0;T;True;2
1621268200000;11578950;0.86005;0.86017;0.86011;0;T;True;2
1621268201000;11578951;0.86005;0.86017;0.86011;0;T;True;2
1621268202000;11578952;0.86005;0.86017;0.86011;0;T;True;2
1621268203000;11578953;0.86005;0.86017;0.86011;0;T;True;2
1621268204000;11578954;0.86005;0.86017;0.86011;0;T;True;2
1621268205000;11578955;0.86005;0.86017;0.86011;0;T;True;2
1621268206000;11578956;0.86005;0.86017;0.86011;0;T;True;2
1621268207000;11578957;0.86005;0.86017;0.86011;0;T;True;2
1621268208000;11578958;0.86005;0.86017;0.86011;0;T;True;2
1621268209000;11578959;0.86005;0.86017;0.86011;0;T;True;2
1621268210000;11578960;0.86005;0.86017;0.86011;0;T;True;2
1621268211000;11578967;0.86;0.86012;0.86006;6;T;True;2
1621268212000;11578968;0.86;0.86012;0.86006;0;T;True;2
1621268213000;11578969;0.86;0.86012;0.86006;0;T;True;2
1621268214000;11578970;0.86;0.86012;0.86006;0;T;True;2
1621268215000;11578971;0.86;0.86012;0.86006;0;T;True;2
1621268216000;11578972;0.86;0.86012;0.86006;0;T;True;2
1621268217000;11578973;0.86;0.86012;0.86006;0;T;True;2
1621268218000;11578974;0.86;0.86012;0.86006;0;T;True;2
1621268219000;11578975;0.86;0.86012;0.86006;0;T;True;2
1621268220000;11578977;0.85999;0.86011;0.86005;1;T;True;2
1621268221000;11578980;0.85999;0.86011;0.86005;2;T;True;2
1621268222000;11578981;0.85999;0.86011;0.86005;0;T;True;2
1621268223000;11578982;0.85999;0.86011;0.86005;0;T;True;2
1621268224000;11578983;0.85999;0.86011;0.86005;0;T;True;2
1621268225000;11578984;0.85999;0.86011;0.86005;0;T;True;2
1621268226000;11578985;0.85999;0.86011;0.86005;0;T;True;2
1621268227000;11578986;0.85999;0.86011;0.86005;0;T;True;2
1621268228000;11578987;0.85999;0.86011;0.86005;0;T;True;2
1621268229000;11578988;0.85999;0.86011;0.86005;0;T;True;2
1621268230000;11578989;0.85999;0.86011;0.86005;0;T;True;2
1621268231000;11578990;0.85999;0.86011;0.86005;0;T;True;2
1621268232000;11578991;0.85999;0.86011;0.86005;0;T;True;2
1621268233000;11578993;0.85998;0.8601;0.86004;1;T;True;2
1621268234000;11578995;0.85998;0.8601;0.86004;1;T;True;2
1621268235000;11578996;0.85998;0.8601;0.86004;0;T;True;2
1621268236000;11578997;0.85998;0.8601;0.86004;0;T;True;2
1621268237000;11578998;0.85998;0.8601;0.86004;0;T;True;2
1621268238000;11578999;0.85998;0.8601;0.86004;0;T;True;2
1621268239000;11579000;0.85998;0.8601;0.86004;0;T;True;2
1621268240000;11579001;0.85998;0.8601;0.86004;0;T;True;2
1621268241000;11579002;0.85998;0.8601;0.86004;0;T;True;2
1621268242000;11579003;0.85998;0.8601;0.86004;0;T;True;2
1621268243000;11579005;0.85997;0.86009;0.86003;1;T;True;2
1621268244000;11579007;0.85998;0.8601;0.86004;1;T;True;2
1621268245000;11579010;0.85998;0.8601;0.86004;2;T;True;2
1621268246000;11579011;0.85998;0.8601;0.86004;0;T;True;2
1621268247000;11579012;0.85998;0.8601;0.86004;0;T;True;2
1621268248000;11579013;0.85998;0.8601;0.86004;0;T;True;2
1621268249000;11579018;0.85997;0.86009;0.86003;4;T;True;2
1621268250000;11579021;0.85998;0.8601;0.86004;2;T;True;2
1621268251000;11579022;0.85998;0.8601;0.86004;0;T;True;2
1621268252000;11579023;0.85998;0.8601;0.86004;0;T;True;2
1621268253000;11579024;0.85998;0.8601;0.86004;0;T;True;2
1621268254000;11579025;0.85998;0.8601;0.86004;0;T;True;2
1621268255000;11579026;0.85998;0.8601;0.86004;0;T;True;2
1621268256000;11579027;0.85998;0.8601;0.86004;0;T;True;2
1621268257000;11579029;0.85999;0.86011;0.86005;1;T;True;2
1621268258000;11579030;0.85999;0.86011;0.86005;0;T;True;2
1621268259000;11579031;0.85999;0.86011;0.86005;0;T;True;2
1621268260000;11579036;0.85997;0.86009;0.86003;4;T;True;2
1621268261000;11579039;0.85996;0.86008;0.86002;2;T;True;2
1621268262000;11579040;0.85996;0.86008;0.86002;0;T;True;2
1621268263000;11579041;0.85996;0.86008;0.86002;0;T;True;2
1621268264000;11579044;0.85995;0.86007;0.86001;2;T;True;2
1621268265000;11579046;0.85995;0.86007;0.86001;1;T;True;2
1621268266000;11579047;0.85995;0.86007;0.86001;0;T;True;2
1621268267000;11579049;0.85995;0.86007;0.86001;1;T;True;2
1621268268000;11579050;0.85995;0.86007;0.86001;0;T;True;2
1621268269000;11579051;0.85995;0.86007;0.86001;0;T;True;2
1621268270000;11579052;0.85995;0.86007;0.86001;0;T;True;2
1621268271000;11579053;0.85995;0.86007;0.86001;0;T;True;2
1621268272000;11579054;0.85995;0.86007;0.86001;0;T;True;2
1621268273000;11579057;0.85995;0.86007;0.86001;2;T;True;2
1621268274000;11579059;0.85995;0.86007;0.86001;1;T;True;2
1621268275000;11579060;0.85995;0.86007;0.86001;0;T;True;2
1621268276000;11579061;0.85995;0.86007;0.86001;0;T;True;2
1621268277000;11579062;0.85995;0.86007;0.86001;0;T;True;2
1621268278000;11579063;0.85995;0.86007;0.86001;0;T;True;2
1621268279000;11579064;0.85995;0.86007;0.86001;0;T;True;2
1621268280000;11579065;0.85995;0.86007;0.86001;0;T;True;2
1621268281000;11579066;0.85995;0.86007;0.86001;0;T;True;2
1621268282000;11579067;0.85995;0.86007;0.86001;0;T;True;2
1621268283000;11579068;0.85995;0.86007;0.86001;0;T;True;2
1621268284000;11579069;0.85995;0.86007;0.86001;0;T;True;2
1621268285000;11579072;0.85995;0.86007;0.86001;2;T;True;2
1621268286000;11579073;0.85995;0.86007;0.86001;0;T;True;2
1621268287000;11579074;0.85995;0.86007;0.86001;0;T;True;2
1621268288000;11579075;0.85995;0.86007;0.86001;0;T;True;2
1621268289000;11579076;0.85995;0.86007;0.86001;0;T;True;2
1621268290000;11579077;0.85995;0.86007;0.86001;0;T;True;2
1621268291000;11579078;0.85995;0.86007;0.86001;0;T;True;2
1621268292000;11579080;0.85995;0.86007;0.86001;1;T;True;2
1621268293000;11579081;0.85995;0.86007;0.86001;0;T;True;2
1621268294000;11579082;0.85995;0.86007;0.86001;0;T;True;2
1621268295000;11579083;0.85995;0.86007;0.86001;0;T;True;2
1621268296000;11579085;0.85993;0.86005;0.85999;1;T;True;2
1621268297000;11579088;0.85993;0.86005;0.85999;2;T;True;2
1621268298000;11579089;0.85993;0.86005;0.85999;0;T;True;2
1621268299000;11579093;0.85992;0.86004;0.85998;3;T;True;2
1621268300000;11579095;0.85993;0.86005;0.85999;1;T;True;2
1621268301000;11579096;0.85993;0.86005;0.85999;0;T;True;2
1621268302000;11579097;0.85993;0.86005;0.85999;0;T;True;2
1621268303000;11579098;0.85993;0.86005;0.85999;0;T;True;2
1621268304000;11579099;0.85993;0.86005;0.85999;0;T;True;2
1621268305000;11579100;0.85993;0.86005;0.85999;0;T;True;2
1621268306000;11579101;0.85993;0.86005;0.85999;0;T;True;2
1621268307000;11579102;0.85993;0.86005;0.85999;0;T;True;2
1621268308000;11579103;0.85993;0.86005;0.85999;0;T;True;2
1621268309000;11579104;0.85993;0.86005;0.85999;0;T;True;2
1621268310000;11579105;0.85993;0.86005;0.85999;0;T;True;2
1621268311000;11579106;0.85993;0.86005;0.85999;0;T;True;2
1621268312000;11579107;0.85993;0.86005;0.85999;0;T;True;2
1621268313000;11579108;0.85993;0.86005;0.85999;0;T;True;2
1621268314000;11579109;0.85993;0.86005;0.85999;0;T;True;2
1621268315000;11579110;0.85993;0.86005;0.85999;0;T;True;2
1621268316000;11579111;0.85993;0.86005;0.85999;0;T;True;2
1621268317000;11579112;0.85993;0.86005;0.85999;0;T;True;2
1621268318000;11579113;0.85993;0.86005;0.85999;0;T;True;2
1621268319000;11579114;0.85993;0.86005;0.85999;0;T;True;2
1621268320000;11579115;0.85993;0.86005;0.85999;0;T;True;2
1621268321000;11579120;0.8599;0.86002;0.85996;4;T;True;2
1621268322000;11579121;0.8599;0.86002;0.85996;0;T;True;2
1621268323000;11579122;0.8599;0.86002;0.85996;0;T;True;2
1621268324000;11579123;0.8599;0.86002;0.85996;0;T;True;2
1621268325000;11579124;0.8599;0.86002;0.85996;0;T;True;2
1621268326000;11579125;0.8599;0.86002;0.85996;0;T;True;2
1621268327000;11579128;0.85991;0.86003;0.85997;2;T;True;2
1621268328000;11579129;0.85991;0.86003;0.85997;0;T;True;2
1621268329000;11579132;0.8599;0.86002;0.85996;2;T;True;2
1621268330000;11579133;0.8599;0.86002;0.85996;0;T;True;2
1621268331000;11579135;0.8599;0.86002;0.85996;1;T;True;2
1621268332000;11579137;0.8599;0.86002;0.85996;1;T;True;2
1621268333000;11579138;0.8599;0.86002;0.85996;0;T;True;2
1621268334000;11579139;0.8599;0.86002;0.85996;0;T;True;2
1621268335000;11579141;0.8599;0.86002;0.85996;1;T;True;2
1621268336000;11579142;0.8599;0.86002;0.85996;0;T;True;2
1621268337000;11579145;0.85989;0.86001;0.85995;2;T;True;2
1621268338000;11579146;0.85989;0.86001;0.85995;0;T;True;2
1621268339000;11579147;0.85989;0.86001;0.85995;0;T;True;2
1621268340000;11579151;0.85991;0.86003;0.85997;3;T;True;2
1621268341000;11579152;0.85991;0.86003;0.85997;0;T;True;2
1621268342000;11579153;0.85991;0.86003;0.85997;0;T;True;2
1621268343000;11579155;0.85991;0.86003;0.85997;1;T;True;2
1621268344000;11579159;0.85991;0.86003;0.85997;3;T;True;2
1621268345000;11579162;0.85991;0.86003;0.85997;2;T;True;2
1621268346000;11579163;0.85991;0.86003;0.85997;0;T;True;2
1621268347000;11579164;0.85991;0.86003;0.85997;0;T;True;2
1621268348000;11579166;0.85994;0.86006;0.86;1;T;True;2
1621268349000;11579172;0.85992;0.86004;0.85998;5;T;True;2
1621268350000;11579176;0.85991;0.86003;0.85997;3;T;True;2
1621268351000;11579184;0.85992;0.86004;0.85998;7;T;True;2
1621268352000;11579189;0.85992;0.86004;0.85998;4;T;True;2
1621268353000;11579192;0.85992;0.86004;0.85998;2;T;True;2
1621268354000;11579193;0.85992;0.86004;0.85998;0;T;True;2
1621268355000;11579194;0.85992;0.86004;0.85998;0;T;True;2
1621268356000;11579195;0.85992;0.86004;0.85998;0;T;True;2
1621268357000;11579199;0.85993;0.86005;0.85999;3;T;True;2
1621268358000;11579201;0.85993;0.86005;0.85999;1;T;True;2
1621268359000;11579202;0.85993;0.86005;0.85999;0;T;True;2
1621268360000;11579206;0.85999;0.86011;0.86005;3;T;True;2
1621268361000;11579207;0.85999;0.86011;0.86005;0;T;True;2
1621268362000;11579208;0.85999;0.86011;0.86005;0;T;True;2
1621268363000;11579209;0.85999;0.86011;0.86005;0;T;True;2
1621268364000;11579210;0.85999;0.86011;0.86005;0;T;True;2
1621268365000;11579211;0.85999;0.86011;0.86005;0;T;True;2
1621268366000;11579212;0.85999;0.86011;0.86005;0;T;True;2
1621268367000;11579213;0.85999;0.86011;0.86005;0;T;True;2
1621268368000;11579214;0.85999;0.86011;0.86005;0;T;True;2
1621268369000;11579216;0.85999;0.86011;0.86005;1;T;True;2
1621268370000;11579217;0.85999;0.86011;0.86005;0;T;True;2
1621268371000;11579218;0.85999;0.86011;0.86005;0;T;True;2
1621268372000;11579219;0.85999;0.86011;0.86005;0;T;True;2
1621268373000;11579220;0.85999;0.86011;0.86005;0;T;True;2
1621268374000;11579222;0.85998;0.8601;0.86004;1;T;True;2
1621268375000;11579223;0.85998;0.8601;0.86004;0;T;True;2
1621268376000;11579224;0.85998;0.8601;0.86004;0;T;True;2
1621268377000;11579227;0.85999;0.86011;0.86005;2;T;True;2
1621268378000;11579228;0.85999;0.86011;0.86005;0;T;True;2
1621268379000;11579229;0.85999;0.86011;0.86005;0;T;True;2
1621268380000;11579231;0.86001;0.86013;0.86007;1;T;True;2
1621268381000;11579234;0.86001;0.86013;0.86007;2;T;True;2
1621268382000;11579236;0.86;0.86012;0.86006;1;T;True;2
1621268383000;11579237;0.86;0.86012;0.86006;0;T;True;2
1621268384000;11579238;0.86;0.86012;0.86006;0;T;True;2
1621268385000;11579240;0.85999;0.86011;0.86005;1;T;True;2
1621268386000;11579242;0.86;0.86012;0.86006;1;T;True;2
1621268387000;11579244;0.85999;0.86011;0.86005;1;T;True;2
1621268388000;11579245;0.85999;0.86011;0.86005;0;T;True;2
1621268389000;11579247;0.85999;0.86011;0.86005;1;T;True;2
1621268390000;11579249;0.85999;0.86011;0.86005;1;T;True;2
1621268391000;11579250;0.85999;0.86011;0.86005;0;T;True;2
1621268392000;11579251;0.85999;0.86011;0.86005;0;T;True;2
1621268393000;11579252;0.85999;0.86011;0.86005;0;T;True;2
1621268394000;11579253;0.85999;0.86011;0.86005;0;T;True;2
1621268395000;11579254;0.85999;0.86011;0.86005;0;T;True;2
1621268396000;11579255;0.85999;0.86011;0.86005;0;T;True;2
1621268397000;11579256;0.85999;0.86011;0.86005;0;T;True;2
1621268398000;11579260;0.85998;0.8601;0.86004;3;T;True;2
1621268399000;11579261;0.85998;0.8601;0.86004;0;T;True;2
1621268400000;11579263;0.85997;0.86009;0.86003;1;T;True;2
1621268401000;11579264;0.85997;0.86009;0.86003;0;T;True;2
1621268402000;11579266;0.85997;0.86009;0.86003;1;T;True;2
1621268403000;11579267;0.85997;0.86009;0.86003;0;T;True;2
1621268404000;11579268;0.85997;0.86009;0.86003;0;T;True;2
1621268405000;11579269;0.85997;0.86009;0.86003;0;T;True;2
1621268406000;11579270;0.85997;0.86009;0.86003;0;T;True;2
1621268407000;11579271;0.85997;0.86009;0.86003;0;T;True;2
1621268408000;11579273;0.85998;0.8601;0.86004;1;T;True;2
1621268409000;11579274;0.85998;0.8601;0.86004;0;T;True;2
1621268410000;11579275;0.85998;0.8601;0.86004;0;T;True;2
1621268411000;11579276;0.85998;0.8601;0.86004;0;T;True;2
1621268412000;11579277;0.85998;0.8601;0.86004;0;T;True;2
1621268413000;11579278;0.85998;0.8601;0.86004;0;T;True;2
1621268414000;11579279;0.85998;0.8601;0.86004;0;T;True;2
1621268415000;11579280;0.85998;0.8601;0.86004;0;T;True;2
1621268416000;11579282;0.85998;0.8601;0.86004;1;T;True;2
1621268417000;11579283;0.85998;0.8601;0.86004;0;T;True;2
1621268418000;11579284;0.85998;0.8601;0.86004;0;T;True;2
1621268419000;11579285;0.85998;0.8601;0.86004;0;T;True;2
1621268420000;11579286;0.85998;0.8601;0.86004;0;T;True;2
1621268421000;11579287;0.85998;0.8601;0.86004;0;T;True;2
1621268422000;11579288;0.85998;0.8601;0.86004;0;T;True;2
1621268423000;11579289;0.85998;0.8601;0.86004;0;T;True;2
1621268424000;11579290;0.85998;0.8601;0.86004;0;T;True;2
1621268425000;11579293;0.85997;0.86009;0.86003;2;T;True;2
1621268426000;11579294;0.85997;0.86009;0.86003;0;T;True;2
1621268427000;11579298;0.85999;0.86011;0.86005;3;T;True;2
1621268428000;11579299;0.85999;0.86011;0.86005;0;T;True;2
1621268429000;11579301;0.85999;0.86011;0.86005;1;T;True;2
1621268430000;11579302;0.85999;0.86011;0.86005;0;T;True;2
1621268431000;11579305;0.86;0.86012;0.86006;2;T;True;2
1621268432000;11579306;0.86;0.86012;0.86006;0;T;True;2
1621268433000;11579310;0.86001;0.86013;0.86007;3;T;True;2
1621268434000;11579311;0.86001;0.86013;0.86007;0;T;True;2
1621268435000;11579314;0.86001;0.86013;0.86007;2;T;True;2
1621268436000;11579315;0.86001;0.86013;0.86007;0;T;True;2
1621268437000;11579318;0.86001;0.86013;0.86007;2;T;True;2
1621268438000;11579319;0.86001;0.86013;0.86007;0;T;True;2
1621268439000;11579320;0.86001;0.86013;0.86007;0;T;True;2
1621268440000;11579322;0.86001;0.86013;0.86007;1;T;True;2
1621268441000;11579323;0.86001;0.86013;0.86007;0;T;True;2
1621268442000;11579324;0.86001;0.86013;0.86007;0;T;True;2
1621268443000;11579325;0.86001;0.86013;0.86007;0;T;True;2
1621268444000;11579326;0.86001;0.86013;0.86007;0;T;True;2
1621268445000;11579327;0.86001;0.86013;0.86007;0;T;True;2
1621268446000;11579328;0.86001;0.86013;0.86007;0;T;True;2
1621268447000;11579329;0.86001;0.86013;0.86007;0;T;True;2
1621268448000;11579330;0.86001;0.86013;0.86007;0;T;True;2
1621268449000;11579331;0.86001;0.86013;0.86007;0;T;True;2
1621268450000;11579332;0.86001;0.86013;0.86007;0;T;True;2
1621268451000;11579333;0.86001;0.86013;0.86007;0;T;True;2
1621268452000;11579334;0.86001;0.86013;0.86007;0;T;True;2
1621268453000;11579335;0.86001;0.86013;0.86007;0;T;True;2
1621268454000;11579336;0.86001;0.86013;0.86007;0;T;True;2
1621268455000;11579337;0.86001;0.86013;0.86007;0;T;True;2
1621268456000;11579338;0.86001;0.86013;0.86007;0;T;True;2
1621268457000;11579339;0.86001;0.86013;0.86007;0;T;True;2
1621268458000;11579342;0.86001;0.86013;0.86007;2;T;True;2
1621268459000;11579343;0.86001;0.86013;0.86007;0;T;True;2
1621268460000;11579344;0.86001;0.86013;0.86007;0;T;True;2
1621268461000;11579345;0.86001;0.86013;0.86007;0;T;True;2
1621268462000;11579346;0.86001;0.86013;0.86007;0;T;True;2
1621268463000;11579347;0.86001;0.86013;0.86007;0;T;True;2
1621268464000;11579348;0.86001;0.86013;0.86007;0;T;True;2
1621268465000;11579349;0.86001;0.86013;0.86007;0;T;True;2
1621268466000;11579350;0.86001;0.86013;0.86007;0;T;True;2
1621268467000;11579351;0.86001;0.86013;0.86007;0;T;True;2
1621268468000;11579352;0.86001;0.86013;0.86007;0;T;True;2
1621268469000;11579353;0.86001;0.86013;0.86007;0;T;True;2
1621268470000;11579354;0.86001;0.86013;0.86007;0;T;True;2
1621268471000;11579356;0.86;0.86012;0.86006;1;T;True;2
1621268472000;11579358;0.86;0.86012;0.86006;1;T;True;2
1621268473000;11579359;0.86;0.86012;0.86006;0;T;True;2
1621268474000;11579360;0.86;0.86012;0.86006;0;T;True;2
1621268475000;11579361;0.86;0.86012;0.86006;0;T;True;2
1621268476000;11579362;0.86;0.86012;0.86006;0;T;True;2
1621268477000;11579363;0.86;0.86012;0.86006;0;T;True;2
1621268478000;11579364;0.86;0.86012;0.86006;0;T;True;2
1621268479000;11579365;0.86;0.86012;0.86006;0;T;True;2
1621268480000;11579366;0.86;0.86012;0.86006;0;T;True;2
1621268481000;11579367;0.86;0.86012;0.86006;0;T;True;2
1621268482000;11579368;0.86;0.86012;0.86006;0;T;True;2
1621268483000;11579369;0.86;0.86012;0.86006;0;T;True;2
1621268484000;11579370;0.86;0.86012;0.86006;0;T;True;2
1621268485000;11579371;0.86;0.86012;0.86006;0;T;True;2
1621268486000;11579372;0.86;0.86012;0.86006;0;T;True;2
1621268487000;11579373;0.86;0.86012;0.86006;0;T;True;2
1621268488000;11579374;0.86;0.86012;0.86006;0;T;True;2
1621268489000;11579375;0.86;0.86012;0.86006;0;T;True;2
1621268490000;11579376;0.86;0.86012;0.86006;0;T;True;2
1621268491000;11579377;0.86;0.86012;0.86006;0;T;True;2
1621268492000;11579378;0.86;0.86012;0.86006;0;T;True;2
1621268493000;11579380;0.86;0.86012;0.86006;1;T;True;2
1621268494000;11579381;0.86;0.86012;0.86006;0;T;True;2
1621268495000;11579382;0.86;0.86012;0.86006;0;T;True;2
1621268496000;11579383;0.86;0.86012;0.86006;0;T;True;2
1621268497000;11579390;0.86001;0.86013;0.86007;6;T;True;2
1621268498000;11579391;0.86001;0.86013;0.86007;0;T;True;2
1621268499000;11579395;0.86001;0.86013;0.86007;3;T;True;2
1621268500000;11579396;0.86001;0.86013;0.86007;0;T;True;2
1621268501000;11579397;0.86001;0.86013;0.86007;0;T;True;2
1621268502000;11579399;0.86001;0.86013;0.86007;1;T;True;2
1621268503000;11579400;0.86001;0.86013;0.86007;0;T;True;2
1621268504000;11579402;0.86001;0.86013;0.86007;1;T;True;2
1621268505000;11579404;0.86001;0.86013;0.86007;1;T;True;2
1621268506000;11579406;0.86001;0.86013;0.86007;1;T;True;2
1621268507000;11579407;0.86001;0.86013;0.86007;0;T;True;2
1621268508000;11579408;0.86001;0.86013;0.86007;0;T;True;2
1621268509000;11579409;0.86001;0.86013;0.86007;0;T;True;2
1621268510000;11579410;0.86001;0.86013;0.86007;0;T;True;2
1621268511000;11579411;0.86001;0.86013;0.86007;0;T;True;2
1621268512000;11579412;0.86001;0.86013;0.86007;0;T;True;2
1621268513000;11579413;0.86001;0.86013;0.86007;0;T;True;2
1621268514000;11579414;0.86001;0.86013;0.86007;0;T;True;2
1621268515000;11579415;0.86001;0.86013;0.86007;0;T;True;2
1621268516000;11579416;0.86001;0.86013;0.86007;0;T;True;2
1621268517000;11579417;0.86001;0.86013;0.86007;0;T;True;2
1621268518000;11579419;0.86001;0.86013;0.86007;1;T;True;2
1621268519000;11579420;0.86001;0.86013;0.86007;0;T;True;2
1621268520000;11579421;0.86001;0.86013;0.86007;0;T;True;2
1621268521000;11579423;0.86001;0.86013;0.86007;1;T;True;2
1621268522000;11579425;0.86001;0.86013;0.86007;1;T;True;2
1621268523000;11579426;0.86001;0.86013;0.86007;0;T;True;2
1621268524000;11579427;0.86001;0.86013;0.86007;0;T;True;2
1621268525000;11579428;0.86001;0.86013;0.86007;0;T;True;2
1621268526000;11579429;0.86001;0.86013;0.86007;0;T;True;2
1621268527000;11579430;0.86001;0.86013;0.86007;0;T;True;2
1621268528000;11579431;0.86001;0.86013;0.86007;0;T;True;2
1621268529000;11579432;0.86001;0.86013;0.86007;0;T;True;2
1621268530000;11579433;0.86001;0.86013;0.86007;0;T;True;2
1621268531000;11579434;0.86001;0.86013;0.86007;0;T;True;2
1621268532000;11579435;0.86001;0.86013;0.86007;0;T;True;2
1621268533000;11579436;0.86001;0.86013;0.86007;0;T;True;2
1621268534000;11579437;0.86001;0.86013;0.86007;0;T;True;2
1621268535000;11579440;0.86002;0.86014;0.86008;2;T;True;2
1621268536000;11579442;0.86003;0.86015;0.86009;1;T;True;2
1621268537000;11579443;0.86003;0.86015;0.86009;0;T;True;2
1621268538000;11579444;0.86003;0.86015;0.86009;0;T;True;2
1621268539000;11579445;0.86003;0.86015;0.86009;0;T;True;2
1621268540000;11579446;0.86003;0.86015;0.86009;0;T;True;2
1621268541000;11579447;0.86003;0.86015;0.86009;0;T;True;2
1621268542000;11579448;0.86003;0.86015;0.86009;0;T;True;2
1621268543000;11579449;0.86003;0.86015;0.86009;0;T;True;2
1621268544000;11579450;0.86003;0.86015;0.86009;0;T;True;2
1621268545000;11579451;0.86003;0.86015;0.86009;0;T;True;2
1621268546000;11579452;0.86003;0.86015;0.86009;0;T;True;2
1621268547000;11579453;0.86003;0.86015;0.86009;0;T;True;2
1621268548000;11579455;0.86004;0.86016;0.8601;1;T;True;2
1621268549000;11579457;0.86004;0.86016;0.8601;1;T;True;2
1621268550000;11579462;0.86005;0.86017;0.86011;4;T;True;2
1621268551000;11579463;0.86005;0.86017;0.86011;0;T;True;2
1621268552000;11579464;0.86005;0.86017;0.86011;0;T;True;2
1621268553000;11579465;0.86005;0.86017;0.86011;0;T;True;2
1621268554000;11579466;0.86005;0.86017;0.86011;0;T;True;2
1621268555000;11579467;0.86005;0.86017;0.86011;0;T;True;2
1621268556000;11579468;0.86005;0.86017;0.86011;0;T;True;2
1621268557000;11579469;0.86005;0.86017;0.86011;0;T;True;2
1621268558000;11579470;0.86005;0.86017;0.86011;0;T;True;2
1621268559000;11579471;0.86005;0.86017;0.86011;0;T;True;2
1621268560000;11579472;0.86005;0.86017;0.86011;0;T;True;2
1621268561000;11579473;0.86005;0.86017;0.86011;0;T;True;2
1621268562000;11579474;0.86005;0.86017;0.86011;0;T;True;2
1621268563000;11579475;0.86005;0.86017;0.86011;0;T;True;2
1621268564000;11579477;0.86005;0.86017;0.86011;1;T;True;2
1621268565000;11579480;0.86005;0.86017;0.86011;2;T;True;2
1621268566000;11579482;0.86005;0.86017;0.86011;1;T;True;2
1621268567000;11579484;0.86005;0.86017;0.86011;1;T;True;2
1621268568000;11579486;0.86005;0.86017;0.86011;1;T;True;2
1621268569000;11579487;0.86005;0.86017;0.86011;0;T;True;2
1621268570000;11579488;0.86005;0.86017;0.86011;0;T;True;2
1621268571000;11579489;0.86005;0.86017;0.86011;0;T;True;2
1621268572000;11579490;0.86005;0.86017;0.86011;0;T;True;2
1621268573000;11579492;0.86005;0.86017;0.86011;1;T;True;2
1621268574000;11579494;0.86005;0.86017;0.86011;1;T;True;2
1621268575000;11579495;0.86005;0.86017;0.86011;0;T;True;2
1621268576000;11579496;0.86005;0.86017;0.86011;0;T;True;2
1621268577000;11579497;0.86005;0.86017;0.86011;0;T;True;2
1621268578000;11579498;0.86005;0.86017;0.86011;0;T;True;2
1621268579000;11579499;0.86005;0.86017;0.86011;0;T;True;2
1621268580000;11579501;0.86005;0.86017;0.86011;1;T;True;2
1621268581000;11579503;0.86005;0.86017;0.86011;1;T;True;2
1621268582000;11579504;0.86005;0.86017;0.86011;0;T;True;2
1621268583000;11579505;0.86005;0.86017;0.86011;0;T;True;2
1621268584000;11579507;0.86005;0.86017;0.86011;1;T;True;2
1621268585000;11579509;0.86005;0.86017;0.86011;1;T;True;2
1621268586000;11579510;0.86005;0.86017;0.86011;0;T;True;2
1621268587000;11579511;0.86005;0.86017;0.86011;0;T;True;2
1621268588000;11579513;0.86005;0.86017;0.86011;1;T;True;2
1621268589000;11579515;0.86005;0.86017;0.86011;1;T;True;2
1621268590000;11579517;0.86006;0.86018;0.86012;1;T;True;2
1621268591000;11579521;0.86007;0.86019;0.86013;3;T;True;2
1621268592000;11579522;0.86007;0.86019;0.86013;0;T;True;2
1621268593000;11579524;0.86007;0.86019;0.86013;1;T;True;2
1621268594000;11579525;0.86007;0.86019;0.86013;0;T;True;2
1621268595000;11579526;0.86007;0.86019;0.86013;0;T;True;2
1621268596000;11579527;0.86007;0.86019;0.86013;0;T;True;2
1621268597000;11579531;0.86005;0.86017;0.86011;3;T;True;2
1621268598000;11579533;0.86005;0.86017;0.86011;1;T;True;2
1621268599000;11579534;0.86005;0.86017;0.86011;0;T;True;2
1621268600000;11579535;0.86005;0.86017;0.86011;0;T;True;2
1621268601000;11579537;0.86005;0.86017;0.86011;1;T;True;2
1621268602000;11579538;0.86005;0.86017;0.86011;0;T;True;2
1621268603000;11579539;0.86005;0.86017;0.86011;0;T;True;2
1621268604000;11579540;0.86005;0.86017;0.86011;0;T;True;2
1621268605000;11579541;0.86005;0.86017;0.86011;0;T;True;2
1621268606000;11579542;0.86005;0.86017;0.86011;0;T;True;2
1621268607000;11579544;0.86005;0.86017;0.86011;1;T;True;2
1621268608000;11579547;0.86006;0.86018;0.86012;2;T;True;2
1621268609000;11579548;0.86006;0.86018;0.86012;0;T;True;2
1621268610000;11579549;0.86006;0.86018;0.86012;0;T;True;2
1621268611000;11579551;0.86005;0.86017;0.86011;1;T;True;2
1621268612000;11579552;0.86005;0.86017;0.86011;0;T;True;2
1621268613000;11579553;0.86005;0.86017;0.86011;0;T;True;2
1621268614000;11579554;0.86005;0.86017;0.86011;0;T;True;2
1621268615000;11579555;0.86005;0.86017;0.86011;0;T;True;2
1621268616000;11579556;0.86005;0.86017;0.86011;0;T;True;2
1621268617000;11579557;0.86005;0.86017;0.86011;0;T;True;2
1621268618000;11579558;0.86005;0.86017;0.86011;0;T;True;2
1621268619000;11579560;0.86005;0.86017;0.86011;1;T;True;2
1621268620000;11579561;0.86005;0.86017;0.86011;0;T;True;2
1621268621000;11579562;0.86005;0.86017;0.86011;0;T;True;2
1621268622000;11579563;0.86005;0.86017;0.86011;0;T;True;2
1621268623000;11579564;0.86005;0.86017;0.86011;0;T;True;2
1621268624000;11579565;0.86005;0.86017;0.86011;0;T;True;2
1621268625000;11579567;0.86005;0.86017;0.86011;1;T;True;2
1621268626000;11579568;0.86005;0.86017;0.86011;0;T;True;2
1621268627000;11579569;0.86005;0.86017;0.86011;0;T;True;2
1621268628000;11579570;0.86005;0.86017;0.86011;0;T;True;2
1621268629000;11579571;0.86005;0.86017;0.86011;0;T;True;2
1621268630000;11579572;0.86005;0.86017;0.86011;0;T;True;2
1621268631000;11579573;0.86005;0.86017;0.86011;0;T;True;2
1621268632000;11579574;0.86005;0.86017;0.86011;0;T;True;2
1621268633000;11579575;0.86005;0.86017;0.86011;0;T;True;2
1621268634000;11579576;0.86005;0.86017;0.86011;0;T;True;2
1621268635000;11579577;0.86005;0.86017;0.86011;0;T;True;2
1621268636000;11579578;0.86005;0.86017;0.86011;0;T;True;2
1621268637000;11579579;0.86005;0.86017;0.86011;0;T;True;2
1621268638000;11579581;0.86005;0.86017;0.86011;1;T;True;2
1621268639000;11579582;0.86005;0.86017;0.86011;0;T;True;2
1621268640000;11579583;0.86005;0.86017;0.86011;0;T;True;2
1621268641000;11579584;0.86005;0.86017;0.86011;0;T;True;2
1621268642000;11579585;0.86005;0.86017;0.86011;0;T;True;2
1621268643000;11579586;0.86005;0.86017;0.86011;0;T;True;2
1621268644000;11579588;0.86005;0.86017;0.86011;1;T;True;2
1621268645000;11579589;0.86005;0.86017;0.86011;0;T;True;2
1621268646000;11579590;0.86005;0.86017;0.86011;0;T;True;2
1621268647000;11579591;0.86005;0.86017;0.86011;0;T;True;2
1621268648000;11579592;0.86005;0.86017;0.86011;0;T;True;2
1621268649000;11579593;0.86005;0.86017;0.86011;0;T;True;2
1621268650000;11579594;0.86005;0.86017;0.86011;0;T;True;2
1621268651000;11579595;0.86005;0.86017;0.86011;0;T;True;2
1621268652000;11579596;0.86005;0.86017;0.86011;0;T;True;2
1621268653000;11579597;0.86005;0.86017;0.86011;0;T;True;2
1621268654000;11579598;0.86005;0.86017;0.86011;0;T;True;2
1621268655000;11579599;0.86005;0.86017;0.86011;0;T;True;2
1621268656000;11579600;0.86005;0.86017;0.86011;0;T;True;2
1621268657000;11579601;0.86005;0.86017;0.86011;0;T;True;2
1621268658000;11579602;0.86005;0.86017;0.86011;0;T;True;2
1621268659000;11579606;0.86005;0.86017;0.86011;3;T;True;2
1621268660000;11579607;0.86005;0.86017;0.86011;0;T;True;2
1621268661000;11579609;0.86005;0.86017;0.86011;1;T;True;2
1621268662000;11579610;0.86005;0.86017;0.86011;0;T;True;2
1621268663000;11579611;0.86005;0.86017;0.86011;0;T;True;2
1621268664000;11579612;0.86005;0.86017;0.86011;0;T;True;2
1621268665000;11579616;0.86005;0.86017;0.86011;3;T;True;2
1621268666000;11579619;0.86003;0.86015;0.86009;2;T;True;2
1621268667000;11579620;0.86003;0.86015;0.86009;0;T;True;2
1621268668000;11579621;0.86003;0.86015;0.86009;0;T;True;2
1621268669000;11579622;0.86003;0.86015;0.86009;0;T;True;2
1621268670000;11579623;0.86003;0.86015;0.86009;0;T;True;2
1621268671000;11579625;0.86004;0.86016;0.8601;1;T;True;2
1621268672000;11579627;0.86003;0.86015;0.86009;1;T;True;2
1621268673000;11579628;0.86003;0.86015;0.86009;0;T;True;2
1621268674000;11579630;0.86003;0.86015;0.86009;1;T;True;2
1621268675000;11579631;0.86003;0.86015;0.86009;0;T;True;2
1621268676000;11579632;0.86003;0.86015;0.86009;0;T;True;2
1621268677000;11579633;0.86003;0.86015;0.86009;0;T;True;2
1621268678000;11579634;0.86003;0.86015;0.86009;0;T;True;2
1621268679000;11579635;0.86003;0.86015;0.86009;0;T;True;2
1621268680000;11579636;0.86003;0.86015;0.86009;0;T;True;2
1621268681000;11579637;0.86003;0.86015;0.86009;0;T;True;2
1621268682000;11579640;0.86003;0.86015;0.86009;2;T;True;2
1621268683000;11579641;0.86003;0.86015;0.86009;0;T;True;2
1621268684000;11579643;0.86002;0.86014;0.86008;1;T;True;2
1621268685000;11579644;0.86002;0.86014;0.86008;0;T;True;2
1621268686000;11579645;0.86002;0.86014;0.86008;0;T;True;2
1621268687000;11579647;0.86002;0.86014;0.86008;1;T;True;2
1621268688000;11579648;0.86002;0.86014;0.86008;0;T;True;2
1621268689000;11579649;0.86002;0.86014;0.86008;0;T;True;2
1621268690000;11579650;0.86002;0.86014;0.86008;0;T;True;2
1621268691000;11579652;0.86002;0.86014;0.86008;1;T;True;2
1621268692000;11579653;0.86002;0.86014;0.86008;0;T;True;2
1621268693000;11579654;0.86002;0.86014;0.86008;0;T;True;2
1621268694000;11579655;0.86002;0.86014;0.86008;0;T;True;2
1621268695000;11579656;0.86002;0.86014;0.86008;0;T;True;2
1621268696000;11579657;0.86002;0.86014;0.86008;0;T;True;2
1621268697000;11579658;0.86002;0.86014;0.86008;0;T;True;2
1621268698000;11579659;0.86002;0.86014;0.86008;0;T;True;2
1621268699000;11579660;0.86002;0.86014;0.86008;0;T;True;2
1621268700000;11579661;0.86002;0.86014;0.86008;0;T;True;2
1621268701000;11579662;0.86002;0.86014;0.86008;0;T;True;2
1621268702000;11579663;0.86002;0.86014;0.86008;0;T;True;2
1621268703000;11579664;0.86002;0.86014;0.86008;0;T;True;2
1621268704000;11579665;0.86002;0.86014;0.86008;0;T;True;2
1621268705000;11579666;0.86002;0.86014;0.86008;0;T;True;2
1621268706000;11579668;0.86002;0.86014;0.86008;1;T;True;2
1621268707000;11579669;0.86002;0.86014;0.86008;0;T;True;2
1621268708000;11579670;0.86002;0.86014;0.86008;0;T;True;2
1621268709000;11579671;0.86002;0.86014;0.86008;0;T;True;2
1621268710000;11579672;0.86002;0.86014;0.86008;0;T;True;2
1621268711000;11579673;0.86002;0.86014;0.86008;0;T;True;2
1621268712000;11579677;0.86003;0.86015;0.86009;3;T;True;2
1621268713000;11579680;0.86003;0.86015;0.86009;2;T;True;2
1621268714000;11579682;0.86004;0.86016;0.8601;1;T;True;2
1621268715000;11579684;0.86005;0.86017;0.86011;1;T;True;2
1621268716000;11579685;0.86005;0.86017;0.86011;0;T;True;2
1621268717000;11579686;0.86005;0.86017;0.86011;0;T;True;2
1621268718000;11579687;0.86005;0.86017;0.86011;0;T;True;2
1621268719000;11579688;0.86005;0.86017;0.86011;0;T;True;2
1621268720000;11579689;0.86005;0.86017;0.86011;0;T;True;2
1621268721000;11579690;0.86005;0.86017;0.86011;0;T;True;2
1621268722000;11579691;0.86005;0.86017;0.86011;0;T;True;2
1621268723000;11579693;0.86003;0.86015;0.86009;1;T;True;2
1621268724000;11579694;0.86003;0.86015;0.86009;0;T;True;2
1621268725000;11579697;0.86003;0.86015;0.86009;2;T;True;2
1621268726000;11579698;0.86003;0.86015;0.86009;0;T;True;2
1621268727000;11579699;0.86003;0.86015;0.86009;0;T;True;2
1621268728000;11579701;0.86001;0.86013;0.86007;1;T;True;2
1621268729000;11579706;0.85998;0.8601;0.86004;4;T;True;2
1621268730000;11579707;0.85998;0.8601;0.86004;0;T;True;2
1621268731000;11579708;0.85998;0.8601;0.86004;0;T;True;2
1621268732000;11579710;0.85999;0.86011;0.86005;1;T;True;2
1621268733000;11579711;0.85999;0.86011;0.86005;0;T;True;2
1621268734000;11579712;0.85999;0.86011;0.86005;0;T;True;2
1621268735000;11579713;0.85999;0.86011;0.86005;0;T;True;2
1621268736000;11579714;0.85999;0.86011;0.86005;0;T;True;2
1621268737000;11579715;0.85999;0.86011;0.86005;0;T;True;2
1621268738000;11579716;0.85999;0.86011;0.86005;0;T;True;2
1621268739000;11579718;0.85998;0.8601;0.86004;1;T;True;2
1621268740000;11579719;0.85998;0.8601;0.86004;0;T;True;2
1621268741000;11579721;0.85998;0.8601;0.86004;1;T;True;2
1621268742000;11579722;0.85998;0.8601;0.86004;0;T;True;2
1621268743000;11579725;0.85997;0.86009;0.86003;2;T;True;2
1621268744000;11579726;0.85997;0.86009;0.86003;0;T;True;2
1621268745000;11579727;0.85997;0.86009;0.86003;0;T;True;2
1621268746000;11579728;0.85997;0.86009;0.86003;0;T;True;2
1621268747000;11579729;0.85997;0.86009;0.86003;0;T;True;2
1621268748000;11579730;0.85997;0.86009;0.86003;0;T;True;2
1621268749000;11579731;0.85997;0.86009;0.86003;0;T;True;2
1621268750000;11579732;0.85997;0.86009;0.86003;0;T;True;2
1621268751000;11579733;0.85997;0.86009;0.86003;0;T;True;2
1621268752000;11579735;0.85997;0.86009;0.86003;1;T;True;2
1621268753000;11579736;0.85997;0.86009;0.86003;0;T;True;2
1621268754000;11579737;0.85997;0.86009;0.86003;0;T;True;2
1621268755000;11579738;0.85997;0.86009;0.86003;0;T;True;2
1621268756000;11579739;0.85997;0.86009;0.86003;0;T;True;2
1621268757000;11579741;0.85997;0.86009;0.86003;1;T;True;2
1621268758000;11579742;0.85997;0.86009;0.86003;0;T;True;2
1621268759000;11579743;0.85997;0.86009;0.86003;0;T;True;2
1621268760000;11579744;0.85997;0.86009;0.86003;0;T;True;2
1621268761000;11579745;0.85997;0.86009;0.86003;0;T;True;2
1621268762000;11579746;0.85997;0.86009;0.86003;0;T;True;2
1621268763000;11579747;0.85997;0.86009;0.86003;0;T;True;2
1621268764000;11579749;0.85998;0.8601;0.86004;1;T;True;2
1621268765000;11579751;0.85997;0.86009;0.86003;1;T;True;2
1621268766000;11579752;0.85997;0.86009;0.86003;0;T;True;2
1621268767000;11579753;0.85997;0.86009;0.86003;0;T;True;2
1621268768000;11579754;0.85997;0.86009;0.86003;0;T;True;2
1621268769000;11579755;0.85997;0.86009;0.86003;0;T;True;2
1621268770000;11579756;0.85997;0.86009;0.86003;0;T;True;2
1621268771000;11579757;0.85997;0.86009;0.86003;0;T;True;2
1621268772000;11579758;0.85997;0.86009;0.86003;0;T;True;2
1621268773000;11579760;0.85997;0.86009;0.86003;1;T;True;2
1621268774000;11579761;0.85997;0.86009;0.86003;0;T;True;2
1621268775000;11579762;0.85997;0.86009;0.86003;0;T;True;2
1621268776000;11579763;0.85997;0.86009;0.86003;0;T;True;2
1621268777000;11579764;0.85997;0.86009;0.86003;0;T;True;2
1621268778000;11579765;0.85997;0.86009;0.86003;0;T;True;2
1621268779000;11579766;0.85997;0.86009;0.86003;0;T;True;2
1621268780000;11579767;0.85997;0.86009;0.86003;0;T;True;2
1621268781000;11579768;0.85997;0.86009;0.86003;0;T;True;2
1621268782000;11579769;0.85997;0.86009;0.86003;0;T;True;2
1621268783000;11579770;0.85997;0.86009;0.86003;0;T;True;2
1621268784000;11579771;0.85997;0.86009;0.86003;0;T;True;2
1621268785000;11579772;0.85997;0.86009;0.86003;0;T;True;2
1621268786000;11579773;0.85997;0.86009;0.86003;0;T;True;2
1621268787000;11579775;0.85999;0.86011;0.86005;1;T;True;2
1621268788000;11579777;0.85999;0.86011;0.86005;1;T;True;2
1621268789000;11579778;0.85999;0.86011;0.86005;0;T;True;2
1621268790000;11579779;0.85999;0.86011;0.86005;0;T;True;2
1621268791000;11579780;0.85999;0.86011;0.86005;0;T;True;2
