ts;n;bid;ask;value;volume;phase;round;active_id
1621247262000;11533546;0.86194;0.86206;0.862;0;T;True;2
1621247263000;11533547;0.86194;0.86206;0.862;0;T;True;2
1621247264000;11533548;0.86194;0.86206;0.862;0;T;True;2
1621247265000;11533549;0.86194;0.86206;0.862;0;T;True;2
1621247266000;11533554;0.86188;0.862;0.86194;4;T;True;2
1621247267000;11533558;0.86189;0.86201;0.86195;3;T;True;2
1621247268000;11533559;0.86189;0.86201;0.86195;0;T;True;2
1621247269000;11533561;0.8619;0.86202;0.86196;1;T;True;2
1621247270000;11533563;0.86191;0.86203;0.86197;1;T;True;2
1621247271000;11533564;0.86191;0.86203;0.86197;0;T;True;2
1621247272000;11533565;0.86191;0.86203;0.86197;0;T;True;2
1621247273000;11533566;0.86191;0.86203;0.86197;0;T;True;2
1621247274000;11533567;0.86191;0.86203;0.86197;0;T;True;2
1621247275000;11533574;0.86195;0.86207;0.86201;6;T;True;2
1621247276000;11533575;0.86195;0.86207;0.86201;0;T;True;2
1621247277000;11533576;0.86195;0.86207;0.86201;0;T;True;2
1621247278000;11533578;0.86197;0.86209;0.86203;1;T;True;2
1621247279000;11533579;0.86197;0.86209;0.86203;0;T;True;2
1621247280000;11533580;0.86197;0.86209;0.86203;0;T;True;2
1621247281000;11533581;0.86197;0.86209;0.86203;0;T;True;2
1621247282000;11533582;0.86197;0.86209;0.86203;0;T;True;2
1621247283000;11533583;0.86197;0.86209;0.86203;0;T;True;2
1621247284000;11533586;0.86199;0.86211;0.86205;2;T;True;2
1621247285000;11533587;0.86199;0.86211;0.86205;0;T;True;2
1621247286000;11533588;0.86199;0.86211;0.86205;0;T;True;2
1621247287000;11533590;0.86198;0.8621;0.86204;1;T;True;2
1621247288000;11533591;0.86198;0.8621;0.86204;0;T;True;2
1621247289000;11533592;0.86198;0.8621;0.86204;0;T;True;2
1621247290000;11533593;0.86198;0.8621;0.86204;0;T;True;2
1621247291000;11533594;0.86198;0.8621;0.86204;0;T;True;2
1621247292000;11533595;0.86198;0.8621;0.86204;0;T;True;2
1621247293000;11533598;0.862;0.86212;0.86206;2;T;True;2
1621247294000;11533599;0.862;0.86212;0.86206;0;T;True;2
1621247295000;11533600;0.862;0.86212;0.86206;0;T;True;2
1621247296000;11533601;0.862;0.86212;0.86206;0;T;True;2
1621247297000;11533602;0.862;0.86212;0.86206;0;T;True;2
1621247298000;11533603;0.862;0.86212;0.86206;0;T;True;2
1621247299000;11533605;0.86199;0.86211;0.86205;1;T;True;2
1621247300000;11533611;0.86195;0.86207;0.86201;5;T;True;2
1621247301000;11533612;0.86195;0.86207;0.86201;0;T;True;2
1621247302000;11533614;0.86194;0.86206;0.862;1;T;True;2
1621247303000;11533616;0.86193;0.86205;0.86199;1;T;True;2
1621247304000;11533617;0.86193;0.86205;0.86199;0;T;True;2
1621247305000;11533621;0.8619;0.86202;0.86196;3;T;True;2
1621247306000;11533623;0.86189;0.86201;0.86195;1;T;True;2
1621247307000;11533624;0.86189;0.86201;0.86195;0;T;True;2
1621247308000;11533625;0.86189;0.86201;0.86195;0;T;True;2
1621247309000;11533626;0.86189;0.86201;0.86195;0;T;True;2
1621247310000;11533627;0.86189;0.86201;0.86195;0;T;True;2
1621247311000;11533628;0.86189;0.86201;0.86195;0;T;True;2
1621247312000;11533629;0.86189;0.86201;0.86195;0;T;True;2
1621247313000;11533630;0.86189;0.86201;0.86195;0;T;True;2
1621247314000;11533633;0.86189;0.86201;0.86195;2;T;True;2
1621247315000;11533635;0.86189;0.86201;0.86195;1;T;True;2
1621247316000;11533640;0.86193;0.86205;0.86199;4;T;True;2
1621247317000;11533641;0.86193;0.86205;0.86199;0;T;True;2
1621247318000;11533642;0.86193;0.86205;0.86199;0;T;True;2
1621247319000;11533643;0.86193;0.86205;0.86199;0;T;True;2
1621247320000;11533644;0.86193;0.86205;0.86199;0;T;True;2
1621247321000;11533646;0.86193;0.86205;0.86199;1;T;True;2
1621247322000;11533649;0.86195;0.86207;0.86201;2;T;True;2
1621247323000;11533652;0.86195;0.86207;0.86201;2;T;True;2
1621247324000;11533654;0.86195;0.86207;0.86201;1;T;True;2
1621247325000;11533657;0.86195;0.86207;0.86201;2;T;True;2
1621247326000;11533659;0.86195;0.86207;0.86201;1;T;True;2
1621247327000;11533660;0.86195;0.86207;0.86201;0;T;True;2
1621247328000;11533661;0.86195;0.86207;0.86201;0;T;True;2
1621247329000;11533662;0.86195;0.86207;0.86201;0;T;True;2
1621247330000;11533663;0.86195;0.86207;0.86201;0;T;True;2
1621247331000;11533665;0.86195;0.86207;0.86201;1;T;True;2
1621247332000;11533667;0.86195;0.86207;0.86201;1;T;True;2
1621247333000;11533669;0.86195;0.86207;0.86201;1;T;True;2
1621247334000;11533670;0.86195;0.86207;0.86201;0;T;True;2
1621247335000;11533671;0.86195;0.86207;0.86201;0;T;True;2
1621247336000;11533674;0.86195;0.86207;0.86201;2;T;True;2
1621247337000;11533675;0.86195;0.86207;0.86201;0;T;True;2
1621247338000;11533677;0.86195;0.86207;0.86201;1;T;True;2
1621247339000;11533679;0.86195;0.86207;0.86201;1;T;True;2
1621247340000;11533680;0.86195;0.86207;0.86201;0;T;True;2
1621247341000;11533681;0.86195;0.86207;0.86201;0;T;True;2
1621247342000;11533682;0.86195;0.86207;0.86201;0;T;True;2
1621247343000;11533683;0.86195;0.86207;0.86201;0;T;True;2
1621247344000;11533684;0.86195;0.86207;0.86201;0;T;True;2
1621247345000;11533685;0.86195;0.86207;0.86201;0;T;True;2
1621247346000;11533687;0.86195;0.86207;0.86201;1;T;True;2
1621247347000;11533692;0.86197;0.86209;0.86203;4;T;True;2
1621247348000;11533693;0.86197;0.86209;0.86203;0;T;True;2
1621247349000;11533695;0.86197;0.86209;0.86203;1;T;True;2
1621247350000;11533696;0.86197;0.86209;0.86203;0;T;True;2
1621247351000;11533697;0.86197;0.86209;0.86203;0;T;True;2
1621247352000;11533698;0.86197;0.86209;0.86203;0;T;True;2
1621247353000;11533699;0.86197;0.86209;0.86203;0;T;True;2
1621247354000;11533700;0.86197;0.86209;0.86203;0;T;True;2
1621247355000;11533701;0.86197;0.86209;0.86203;0;T;True;2
1621247356000;11533704;0.86199;0.86211;0.86205;2;T;True;2
1621247357000;11533707;0.86197;0.86209;0.86203;2;T;True;2
1621247358000;11533708;0.86197;0.86209;0.86203;0;T;True;2
1621247359000;11533710;0.86197;0.86209;0.86203;1;T;True;2
1621247360000;11533711;0.86197;0.86209;0.86203;0;T;True;2
1621247361000;11533712;0.86197;0.86209;0.86203;0;T;True;2
1621247362000;11533713;0.86197;0.86209;0.86203;0;T;True;2
1621247363000;11533715;0.86197;0.86209;0.86203;1;T;True;2
1621247364000;11533716;0.86197;0.86209;0.86203;0;T;True;2
1621247365000;11533717;0.86197;0.86209;0.86203;0;T;True;2
1621247366000;11533718;0.86197;0.86209;0.86203;0;T;True;2
1621247367000;11533719;0.86197;0.86209;0.86203;0;T;True;2
1621247368000;11533720;0.86197;0.86209;0.86203;0;T;True;2
1621247369000;11533721;0.86197;0.86209;0.86203;0;T;True;2
1621247370000;11533722;0.86197;0.86209;0.86203;0;T;True;2
1621247371000;11533723;0.86197;0.86209;0.86203;0;T;True;2
1621247372000;11533724;0.86197;0.86209;0.86203;0;T;True;2
1621247373000;11533725;0.86197;0.86209;0.86203;0;T;True;2
1621247374000;11533726;0.86197;0.86209;0.86203;0;T;True;2
1621247375000;11533727;0.86197;0.86209;0.86203;0;T;True;2
1621247376000;11533728;0.86197;0.86209;0.86203;0;T;True;2
1621247377000;11533729;0.86197;0.86209;0.86203;0;T;True;2
1621247378000;11533730;0.86197;0.86209;0.86203;0;T;True;2
1621247379000;11533732;0.86196;0.86208;0.86202;1;T;True;2
1621247380000;11533733;0.86196;0.86208;0.86202;0;T;True;2
1621247381000;11533734;0.86196;0.86208;0.86202;0;T;True;2
1621247382000;11533736;0.86195;0.86207;0.86201;1;T;True;2
1621247383000;11533737;0.86195;0.86207;0.86201;0;T;True;2
1621247384000;11533740;0.86193;0.86205;0.86199;2;T;True;2
1621247385000;11533742;0.86193;0.86205;0.86199;1;T;True;2
1621247386000;11533744;0.86194;0.86206;0.862;1;T;True;2
1621247387000;11533745;0.86194;0.86206;0.862;0;T;True;2
1621247388000;11533747;0.86194;0.86206;0.862;1;T;True;2
1621247389000;11533750;0.86195;0.86207;0.86201;2;T;True;2
1621247390000;11533751;0.86195;0.86207;0.86201;0;T;True;2
1621247391000;11533753;0.86195;0.86207;0.86201;1;T;True;2
1621247392000;11533756;0.86197;0.86209;0.86203;2;T;True;2
1621247393000;11533757;0.86197;0.86209;0.86203;0;T;True;2
1621247394000;11533758;0.86197;0.86209;0.86203;0;T;True;2
1621247395000;11533762;0.86195;0.86207;0.86201;3;T;True;2
1621247396000;11533764;0.86195;0.86207;0.86201;1;T;True;2
1621247397000;11533765;0.86195;0.86207;0.86201;0;T;True;2
1621247398000;11533767;0.86194;0.86206;0.862;1;T;True;2
1621247399000;11533769;0.86194;0.86206;0.862;1;T;True;2
1621247400000;11533770;0.86194;0.86206;0.862;0;T;True;2
1621247401000;11533772;0.86194;0.86206;0.862;1;T;True;2
1621247402000;11533777;0.86196;0.86208;0.86202;4;T;True;2
1621247403000;11533778;0.86196;0.86208;0.86202;0;T;True;2
1621247404000;11533780;0.86196;0.86208;0.86202;1;T;True;2
1621247405000;11533782;0.86195;0.86207;0.86201;1;T;True;2
1621247406000;11533785;0.86195;0.86207;0.86201;2;T;True;2
1621247407000;11533787;0.86196;0.86208;0.86202;1;T;True;2
1621247408000;11533790;0.86195;0.86207;0.86201;2;T;True;2
1621247409000;11533793;0.86195;0.86207;0.86201;2;T;True;2
1621247410000;11533794;0.86195;0.86207;0.86201;0;T;True;2
1621247411000;11533795;0.86195;0.86207;0.86201;0;T;True;2
1621247412000;11533798;0.86195;0.86207;0.86201;2;T;True;2
1621247413000;11533800;0.86197;0.86209;0.86203;1;T;True;2
1621247414000;11533801;0.86197;0.86209;0.86203;0;T;True;2
1621247415000;11533802;0.86197;0.86209;0.86203;0;T;True;2
1621247416000;11533803;0.86197;0.86209;0.86203;0;T;True;2
1621247417000;11533804;0.86197;0.86209;0.86203;0;T;True;2
1621247418000;11533807;0.86197;0.86209;0.86203;2;T;True;2
1621247419000;11533808;0.86197;0.86209;0.86203;0;T;True;2
1621247420000;11533809;0.86197;0.86209;0.86203;0;T;True;2
1621247421000;11533810;0.86197;0.86209;0.86203;0;T;True;2
1621247422000;11533811;0.86197;0.86209;0.86203;0;T;True;2
1621247423000;11533812;0.86197;0.86209;0.86203;0;T;True;2
1621247424000;11533813;0.86197;0.86209;0.86203;0;T;True;2
1621247425000;11533815;0.86196;0.86208;0.86202;1;T;True;2
1621247426000;11533816;0.86196;0.86208;0.86202;0;T;True;2
1621247427000;11533817;0.86196;0.86208;0.86202;0;T;True;2
1621247428000;11533818;0.86196;0.86208;0.86202;0;T;True;2
1621247429000;11533819;0.86196;0.86208;0.86202;0;T;True;2
1621247430000;11533820;0.86196;0.86208;0.86202;0;T;True;2
1621247431000;11533821;0.86196;0.86208;0.86202;0;T;True;2
1621247432000;11533822;0.86196;0.86208;0.86202;0;T;True;2
1621247433000;11533823;0.86196;0.86208;0.86202;0;T;True;2
1621247434000;11533824;0.86196;0.86208;0.86202;0;T;True;2
1621247435000;11533826;0.86197;0.86209;0.86203;1;T;True;2
1621247436000;11533827;0.86197;0.86209;0.86203;0;T;True;2
1621247437000;11533828;0.86197;0.86209;0.86203;0;T;True;2
1621247438000;11533831;0.86197;0.86209;0.86203;2;T;True;2
1621247439000;11533832;0.86197;0.86209;0.86203;0;T;True;2
1621247440000;11533833;0.86197;0.86209;0.86203;0;T;True;2
1621247441000;11533834;0.86197;0.86209;0.86203;0;T;True;2
1621247442000;11533835;0.86197;0.86209;0.86203;0;T;True;2
1621247443000;11533836;0.86197;0.86209;0.86203;0;T;True;2
1621247444000;11533841;0.86195;0.86207;0.86201;4;T;True;2
1621247445000;11533844;0.86193;0.86205;0.86199;2;T;True;2
1621247446000;11533845;0.86193;0.86205;0.86199;0;T;True;2
1621247447000;11533846;0.86193;0.86205;0.86199;0;T;True;2
1621247448000;11533847;0.86193;0.86205;0.86199;0;T;True;2
1621247449000;11533849;0.86193;0.86205;0.86199;1;T;True;2
1621247450000;11533850;0.86193;0.86205;0.86199;0;T;True;2
1621247451000;11533855;0.86196;0.86208;0.86202;4;T;True;2
1621247452000;11533856;0.86196;0.86208;0.86202;0;T;True;2
1621247453000;11533858;0.86197;0.86209;0.86203;1;T;True;2
1621247454000;11533859;0.86197;0.86209;0.86203;0;T;True;2
1621247455000;11533860;0.86197;0.86209;0.86203;0;T;True;2
1621247456000;11533861;0.86197;0.86209;0.86203;0;T;True;2
1621247457000;11533862;0.86197;0.86209;0.86203;0;T;True;2
1621247458000;11533863;0.86197;0.86209;0.86203;0;T;True;2
1621247459000;11533864;0.86197;0.86209;0.86203;0;T;True;2
1621247460000;11533865;0.86197;0.86209;0.86203;0;T;True;2
1621247461000;11533867;0.86195;0.86207;0.86201;1;T;True;2
1621247462000;11533868;0.86195;0.86207;0.86201;0;T;True;2
1621247463000;11533871;0.86195;0.86207;0.86201;2;T;True;2
1621247464000;11533872;0.86195;0.86207;0.86201;0;T;True;2
1621247465000;11533874;0.86195;0.86207;0.86201;1;T;True;2
1621247466000;11533876;0.86195;0.86207;0.86201;1;T;True;2
1621247467000;11533877;0.86195;0.86207;0.86201;0;T;True;2
1621247468000;11533878;0.86195;0.86207;0.86201;0;T;True;2
1621247469000;11533879;0.86195;0.86207;0.86201;0;T;True;2
1621247470000;11533880;0.86195;0.86207;0.86201;0;T;True;2
1621247471000;11533882;0.86197;0.86209;0.86203;1;T;True;2
1621247472000;11533883;0.86197;0.86209;0.86203;0;T;True;2
1621247473000;11533884;0.86197;0.86209;0.86203;0;T;True;2
1621247474000;11533886;0.86198;0.8621;0.86204;1;T;True;2
1621247475000;11533887;0.86198;0.8621;0.86204;0;T;True;2
1621247476000;11533888;0.86198;0.8621;0.86204;0;T;True;2
1621247477000;11533889;0.86198;0.8621;0.86204;0;T;True;2
1621247478000;11533891;0.86197;0.86209;0.86203;1;T;True;2
1621247479000;11533892;0.86197;0.86209;0.86203;0;T;True;2
1621247480000;11533893;0.86197;0.86209;0.86203;0;T;True;2
1621247481000;11533894;0.86197;0.86209;0.86203;0;T;True;2
1621247482000;11533895;0.86197;0.86209;0.86203;0;T;True;2
1621247483000;11533896;0.86197;0.86209;0.86203;0;T;True;2
1621247484000;11533898;0.86196;0.86208;0.86202;1;T;True;2
1621247485000;11533899;0.86196;0.86208;0.86202;0;T;True;2
1621247486000;11533900;0.86196;0.86208;0.86202;0;T;True;2
1621247487000;11533902;0.86197;0.86209;0.86203;1;T;True;2
1621247488000;11533903;0.86197;0.86209;0.86203;0;T;True;2
1621247489000;11533904;0.86197;0.86209;0.86203;0;T;True;2
1621247490000;11533905;0.86197;0.86209;0.86203;0;T;True;2
1621247491000;11533906;0.86197;0.86209;0.86203;0;T;True;2
1621247492000;11533907;0.86197;0.86209;0.86203;0;T;True;2
1621247493000;11533908;0.86197;0.86209;0.86203;0;T;True;2
1621247494000;11533909;0.86197;0.86209;0.86203;0;T;True;2
1621247495000;11533910;0.86197;0.86209;0.86203;0;T;True;2
1621247496000;11533912;0.86196;0.86208;0.86202;1;T;True;2
1621247497000;11533914;0.86195;0.86207;0.86201;1;T;True;2
1621247498000;11533917;0.86193;0.86205;0.86199;2;T;True;2
1621247499000;11533918;0.86193;0.86205;0.86199;0;T;True;2
1621247500000;11533919;0.86193;0.86205;0.86199;0;T;True;2
1621247501000;11533921;0.86195;0.86207;0.86201;1;T;True;2
1621247502000;11533922;0.86195;0.86207;0.86201;0;T;True;2
1621247503000;11533923;0.86195;0.86207;0.86201;0;T;True;2
1621247504000;11533926;0.86197;0.86209;0.86203;2;T;True;2
1621247505000;11533927;0.86197;0.86209;0.86203;0;T;True;2
1621247506000;11533928;0.86197;0.86209;0.86203;0;T;True;2
1621247507000;11533929;0.86197;0.86209;0.86203;0;T;True;2
1621247508000;11533931;0.86196;0.86208;0.86202;1;T;True;2
1621247509000;11533932;0.86196;0.86208;0.86202;0;T;True;2
1621247510000;11533933;0.86196;0.86208;0.86202;0;T;True;2
1621247511000;11533934;0.86196;0.86208;0.86202;0;T;True;2
1621247512000;11533936;0.86195;0.86207;0.86201;1;T;True;2
1621247513000;11533937;0.86195;0.86207;0.86201;0;T;True;2
1621247514000;11533940;0.86194;0.86206;0.862;2;T;True;2
1621247515000;11533941;0.86194;0.86206;0.862;0;T;True;2
1621247516000;11533942;0.86194;0.86206;0.862;0;T;True;2
1621247517000;11533943;0.86194;0.86206;0.862;0;T;True;2
1621247518000;11533944;0.86194;0.86206;0.862;0;T;True;2
1621247519000;11533945;0.86194;0.86206;0.862;0;T;True;2
1621247520000;11533946;0.86194;0.86206;0.862;0;T;True;2
1621247521000;11533947;0.86194;0.86206;0.862;0;T;True;2
1621247522000;11533949;0.86193;0.86205;0.86199;1;T;True;2
1621247523000;11533951;0.86193;0.86205;0.86199;1;T;True;2
1621247524000;11533953;0.86193;0.86205;0.86199;1;T;True;2
1621247525000;11533954;0.86193;0.86205;0.86199;0;T;True;2
1621247526000;11533955;0.86193;0.86205;0.86199;0;T;True;2
1621247527000;11533956;0.86193;0.86205;0.86199;0;T;True;2
1621247528000;11533957;0.86193;0.86205;0.86199;0;T;True;2
1621247529000;11533958;0.86193;0.86205;0.86199;0;T;True;2
1621247530000;11533959;0.86193;0.86205;0.86199;0;T;True;2
1621247531000;11533961;0.86192;0.86204;0.86198;1;T;True;2
1621247532000;11533962;0.86192;0.86204;0.86198;0;T;True;2
1621247533000;11533963;0.86192;0.86204;0.86198;0;T;True;2
1621247534000;11533964;0.86192;0.86204;0.86198;0;T;True;2
1621247535000;11533966;0.86193;0.86205;0.86199;1;T;True;2
1621247536000;11533967;0.86193;0.86205;0.86199;0;T;True;2
1621247537000;11533968;0.86193;0.86205;0.86199;0;T;True;2
1621247538000;11533969;0.86193;0.86205;0.86199;0;T;True;2
1621247539000;11533970;0.86193;0.86205;0.86199;0;T;True;2
1621247540000;11533971;0.86193;0.86205;0.86199;0;T;True;2
1621247541000;11533972;0.86193;0.86205;0.86199;0;T;True;2
1621247542000;11533973;0.86193;0.86205;0.86199;0;T;True;2
1621247543000;11533975;0.86192;0.86204;0.86198;1;T;True;2
1621247544000;11533977;0.86193;0.86205;0.86199;1;T;True;2
1621247545000;11533982;0.86194;0.86206;0.862;4;T;True;2
1621247546000;11533983;0.86194;0.86206;0.862;0;T;True;2
1621247547000;11533984;0.86194;0.86206;0.862;0;T;True;2
1621247548000;11533985;0.86194;0.86206;0.862;0;T;True;2
1621247549000;11533992;0.86187;0.86199;0.86193;6;T;True;2
1621247550000;11533993;0.86187;0.86199;0.86193;0;T;True;2
1621247551000;11533995;0.86185;0.86197;0.86191;1;T;True;2
1621247552000;11533996;0.86185;0.86197;0.86191;0;T;True;2
1621247553000;11533999;0.86187;0.86199;0.86193;2;T;True;2
1621247554000;11534000;0.86187;0.86199;0.86193;0;T;True;2
1621247555000;11534001;0.86187;0.86199;0.86193;0;T;True;2
1621247556000;11534002;0.86187;0.86199;0.86193;0;T;True;2
1621247557000;11534004;0.86187;0.86199;0.86193;1;T;True;2
1621247558000;11534005;0.86187;0.86199;0.86193;0;T;True;2
1621247559000;11534006;0.86187;0.86199;0.86193;0;T;True;2
1621247560000;11534008;0.86187;0.86199;0.86193;1;T;True;2
1621247561000;11534009;0.86187;0.86199;0.86193;0;T;True;2
1621247562000;11534010;0.86187;0.86199;0.86193;0;T;True;2
1621247563000;11534012;0.86186;0.86198;0.86192;1;T;True;2
1621247564000;11534013;0.86186;0.86198;0.86192;0;T;True;2
1621247565000;11534014;0.86186;0.86198;0.86192;0;T;True;2
1621247566000;11534015;0.86186;0.86198;0.86192;0;T;True;2
1621247567000;11534017;0.86184;0.86196;0.8619;1;T;True;2
1621247568000;11534018;0.86184;0.86196;0.8619;0;T;True;2
1621247569000;11534024;0.86185;0.86197;0.86191;5;T;True;2
1621247570000;11534025;0.86185;0.86197;0.86191;0;T;True;2
1621247571000;11534030;0.86188;0.862;0.86194;4;T;True;2
1621247572000;11534033;0.86189;0.86201;0.86195;2;T;True;2
1621247573000;11534035;0.86189;0.86201;0.86195;1;T;True;2
1621247574000;11534037;0.86189;0.86201;0.86195;1;T;True;2
1621247575000;11534038;0.86189;0.86201;0.86195;0;T;True;2
1621247576000;11534039;0.86189;0.86201;0.86195;0;T;True;2
1621247577000;11534040;0.86189;0.86201;0.86195;0;T;True;2
1621247578000;11534042;0.86189;0.86201;0.86195;1;T;True;2
1621247579000;11534043;0.86189;0.86201;0.86195;0;T;True;2
1621247580000;11534044;0.86189;0.86201;0.86195;0;T;True;2
1621247581000;11534045;0.86189;0.86201;0.86195;0;T;True;2
1621247582000;11534046;0.86189;0.86201;0.86195;0;T;True;2
1621247583000;11534047;0.86189;0.86201;0.86195;0;T;True;2
1621247584000;11534048;0.86189;0.86201;0.86195;0;T;True;2
1621247585000;11534049;0.86189;0.86201;0.86195;0;T;True;2
1621247586000;11534050;0.86189;0.86201;0.86195;0;T;True;2
1621247587000;11534051;0.86189;0.86201;0.86195;0;T;True;2
1621247588000;11534052;0.86189;0.86201;0.86195;0;T;True;2
1621247589000;11534053;0.86189;0.86201;0.86195;0;T;True;2
1621247590000;11534054;0.86189;0.86201;0.86195;0;T;True;2
1621247591000;11534056;0.86187;0.86199;0.86193;1;T;True;2
1621247592000;11534057;0.86187;0.86199;0.86193;0;T;True;2
1621247593000;11534058;0.86187;0.86199;0.86193;0;T;True;2
1621247594000;11534059;0.86187;0.86199;0.86193;0;T;True;2
1621247595000;11534064;0.86185;0.86197;0.86191;4;T;True;2
1621247596000;11534065;0.86185;0.86197;0.86191;0;T;True;2
1621247597000;11534066;0.86185;0.86197;0.86191;0;T;True;2
1621247598000;11534067;0.86185;0.86197;0.86191;0;T;True;2
1621247599000;11534068;0.86185;0.86197;0.86191;0;T;True;2
1621247600000;11534069;0.86185;0.86197;0.86191;0;T;True;2
1621247601000;11534070;0.86185;0.86197;0.86191;0;T;True;2
1621247602000;11534071;0.86185;0.86197;0.86191;0;T;True;2
1621247603000;11534073;0.86186;0.86198;0.86192;1;T;True;2
1621247604000;11534074;0.86186;0.86198;0.86192;0;T;True;2
1621247605000;11534075;0.86186;0.86198;0.86192;0;T;True;2
1621247606000;11534077;0.86185;0.86197;0.86191;1;T;True;2
1621247607000;11534078;0.86185;0.86197;0.86191;0;T;True;2
1621247608000;11534079;0.86185;0.86197;0.86191;0;T;True;2
1621247609000;11534080;0.86185;0.86197;0.86191;0;T;True;2
1621247610000;11534081;0.86185;0.86197;0.86191;0;T;True;2
1621247611000;11534082;0.86185;0.86197;0.86191;0;T;True;2
1621247612000;11534083;0.86185;0.86197;0.86191;0;T;True;2
1621247613000;11534084;0.86185;0.86197;0.86191;0;T;True;2
1621247614000;11534085;0.86185;0.86197;0.86191;0;T;True;2
1621247615000;11534086;0.86185;0.86197;0.86191;0;T;True;2
1621247616000;11534087;0.86185;0.86197;0.86191;0;T;True;2
1621247617000;11534088;0.86185;0.86197;0.86191;0;T;True;2
1621247618000;11534089;0.86185;0.86197;0.86191;0;T;True;2
1621247619000;11534090;0.86185;0.86197;0.86191;0;T;True;2
1621247620000;11534091;0.86185;0.86197;0.86191;0;T;True;2
1621247621000;11534092;0.86185;0.86197;0.86191;0;T;True;2
1621247622000;11534093;0.86185;0.86197;0.86191;0;T;True;2
1621247623000;11534094;0.86185;0.86197;0.86191;0;T;True;2
1621247624000;11534095;0.86185;0.86197;0.86191;0;T;True;2
1621247625000;11534096;0.86185;0.86197;0.86191;0;T;True;2
1621247626000;11534097;0.86185;0.86197;0.86191;0;T;True;2
1621247627000;11534098;0.86185;0.86197;0.86191;0;T;True;2
1621247628000;11534100;0.86184;0.86196;0.8619;1;T;True;2
1621247629000;11534101;0.86184;0.86196;0.8619;0;T;True;2
1621247630000;11534104;0.86181;0.86193;0.86187;2;T;True;2
1621247631000;11534105;0.86181;0.86193;0.86187;0;T;True;2
1621247632000;11534111;0.86175;0.86187;0.86181;5;T;True;2
1621247633000;11534112;0.86175;0.86187;0.86181;0;T;True;2
1621247634000;11534114;0.86175;0.86187;0.86181;1;T;True;2
1621247635000;11534117;0.86173;0.86185;0.86179;2;T;True;2
1621247636000;11534118;0.86173;0.86185;0.86179;0;T;True;2
1621247637000;11534120;0.86172;0.86184;0.86178;1;T;True;2
1621247638000;11534122;0.86171;0.86183;0.86177;1;T;True;2
1621247639000;11534124;0.8617;0.86182;0.86176;1;T;True;2
1621247640000;11534125;0.8617;0.86182;0.86176;0;T;True;2
1621247641000;11534126;0.8617;0.86182;0.86176;0;T;True;2
1621247642000;11534128;0.86171;0.86183;0.86177;1;T;True;2
1621247643000;11534130;0.86171;0.86183;0.86177;1;T;True;2
1621247644000;11534131;0.86171;0.86183;0.86177;0;T;True;2
1621247645000;11534132;0.86171;0.86183;0.86177;0;T;True;2
1621247646000;11534133;0.86171;0.86183;0.86177;0;T;True;2
1621247647000;11534134;0.86171;0.86183;0.86177;0;T;True;2
1621247648000;11534135;0.86171;0.86183;0.86177;0;T;True;2
1621247649000;11534136;0.86171;0.86183;0.86177;0;T;True;2
1621247650000;11534137;0.86171;0.86183;0.86177;0;T;True;2
1621247651000;11534139;0.8617;0.86182;0.86176;1;T;True;2
1621247652000;11534140;0.8617;0.86182;0.86176;0;T;True;2
1621247653000;11534143;0.8617;0.86182;0.86176;2;T;True;2
1621247654000;11534144;0.8617;0.86182;0.86176;0;T;True;2
1621247655000;11534145;0.8617;0.86182;0.86176;0;T;True;2
1621247656000;11534146;0.8617;0.86182;0.86176;0;T;True;2
1621247657000;11534147;0.8617;0.86182;0.86176;0;T;True;2
1621247658000;11534148;0.8617;0.86182;0.86176;0;T;True;2
1621247659000;11534149;0.8617;0.86182;0.86176;0;T;True;2
1621247660000;11534150;0.8617;0.86182;0.86176;0;T;True;2
1621247661000;11534151;0.8617;0.86182;0.86176;0;T;True;2
1621247662000;11534152;0.8617;0.86182;0.86176;0;T;True;2
1621247663000;11534153;0.8617;0.86182;0.86176;0;T;True;2
1621247664000;11534154;0.8617;0.86182;0.86176;0;T;True;2
1621247665000;11534155;0.8617;0.86182;0.86176;0;T;True;2
1621247666000;11534156;0.8617;0.86182;0.86176;0;T;True;2
1621247667000;11534157;0.8617;0.86182;0.86176;0;T;True;2
1621247668000;11534161;0.86171;0.86183;0.86177;3;T;True;2
1621247669000;11534163;0.8617;0.86182;0.86176;1;T;True;2
1621247670000;11534164;0.8617;0.86182;0.86176;0;T;True;2
1621247671000;11534167;0.86171;0.86183;0.86177;2;T;True;2
1621247672000;11534168;0.86171;0.86183;0.86177;0;T;True;2
1621247673000;11534169;0.86171;0.86183;0.86177;0;T;True;2
1621247674000;11534171;0.86171;0.86183;0.86177;1;T;True;2
1621247675000;11534172;0.86171;0.86183;0.86177;0;T;True;2
1621247676000;11534173;0.86171;0.86183;0.86177;0;T;True;2
1621247677000;11534175;0.86171;0.86183;0.86177;1;T;True;2
1621247678000;11534176;0.86171;0.86183;0.86177;0;T;True;2
1621247679000;11534177;0.86171;0.86183;0.86177;0;T;True;2
1621247680000;11534178;0.86171;0.86183;0.86177;0;T;True;2
1621247681000;11534179;0.86171;0.86183;0.86177;0;T;True;2
1621247682000;11534180;0.86171;0.86183;0.86177;0;T;True;2
1621247683000;11534182;0.86171;0.86183;0.86177;1;T;True;2
1621247684000;11534183;0.86171;0.86183;0.86177;0;T;True;2
1621247685000;11534192;0.86171;0.86183;0.86177;8;T;True;2
1621247686000;11534198;0.86171;0.86183;0.86177;5;T;True;2
1621247687000;11534199;0.86171;0.86183;0.86177;0;T;True;2
1621247688000;11534201;0.86172;0.86184;0.86178;1;T;True;2
1621247689000;11534204;0.86173;0.86185;0.86179;2;T;True;2
1621247690000;11534205;0.86173;0.86185;0.86179;0;T;True;2
1621247691000;11534211;0.86175;0.86187;0.86181;5;T;True;2
1621247692000;11534212;0.86175;0.86187;0.86181;0;T;True;2
1621247693000;11534213;0.86175;0.86187;0.86181;0;T;True;2
1621247694000;11534216;0.86175;0.86187;0.86181;2;T;True;2
1621247695000;11534223;0.86179;0.86191;0.86185;6;T;True;2
1621247696000;11534224;0.86179;0.86191;0.86185;0;T;True;2
1621247697000;11534230;0.86183;0.86195;0.86189;5;T;True;2
1621247698000;11534231;0.86183;0.86195;0.86189;0;T;True;2
1621247699000;11534233;0.86185;0.86197;0.86191;1;T;True;2
1621247700000;11534234;0.86185;0.86197;0.86191;0;T;True;2
1621247701000;11534236;0.86185;0.86197;0.86191;1;T;True;2
1621247702000;11534238;0.86185;0.86197;0.86191;1;T;True;2
1621247703000;11534239;0.86185;0.86197;0.86191;0;T;True;2
1621247704000;11534240;0.86185;0.86197;0.86191;0;T;True;2
1621247705000;11534243;0.86187;0.86199;0.86193;2;T;True;2
1621247706000;11534244;0.86187;0.86199;0.86193;0;T;True;2
1621247707000;11534247;0.86189;0.86201;0.86195;2;T;True;2
1621247708000;11534248;0.86189;0.86201;0.86195;0;T;True;2
1621247709000;11534249;0.86189;0.86201;0.86195;0;T;True;2
1621247710000;11534252;0.86191;0.86203;0.86197;2;T;True;2
1621247711000;11534253;0.86191;0.86203;0.86197;0;T;True;2
1621247712000;11534256;0.86191;0.86203;0.86197;2;T;True;2
1621247713000;11534258;0.86191;0.86203;0.86197;1;T;True;2
1621247714000;11534260;0.86191;0.86203;0.86197;1;T;True;2
1621247715000;11534261;0.86191;0.86203;0.86197;0;T;True;2
1621247716000;11534263;0.86191;0.86203;0.86197;1;T;True;2
1621247717000;11534264;0.86191;0.86203;0.86197;0;T;True;2
1621247718000;11534265;0.86191;0.86203;0.86197;0;T;True;2
1621247719000;11534267;0.86191;0.86203;0.86197;1;T;True;2
1621247720000;11534268;0.86191;0.86203;0.86197;0;T;True;2
1621247721000;11534269;0.86191;0.86203;0.86197;0;T;True;2
1621247722000;11534270;0.86191;0.86203;0.86197;0;T;True;2
1621247723000;11534275;0.86189;0.86201;0.86195;4;T;True;2
1621247724000;11534276;0.86189;0.86201;0.86195;0;T;True;2
1621247725000;11534280;0.86191;0.86203;0.86197;3;T;True;2
1621247726000;11534281;0.86191;0.86203;0.86197;0;T;True;2
1621247727000;11534285;0.86195;0.86207;0.86201;3;T;True;2
1621247728000;11534287;0.86196;0.86208;0.86202;1;T;True;2
1621247729000;11534288;0.86196;0.86208;0.86202;0;T;True;2
1621247730000;11534289;0.86196;0.86208;0.86202;0;T;True;2
1621247731000;11534290;0.86196;0.86208;0.86202;0;T;True;2
1621247732000;11534291;0.86196;0.86208;0.86202;0;T;True;2
1621247733000;11534292;0.86196;0.86208;0.86202;0;T;True;2
1621247734000;11534293;0.86196;0.86208;0.86202;0;T;True;2
1621247735000;11534294;0.86196;0.86208;0.86202;0;T;True;2
1621247736000;11534296;0.86197;0.86209;0.86203;1;T;True;2
1621247737000;11534298;0.86198;0.8621;0.86204;1;T;True;2
1621247738000;11534299;0.86198;0.8621;0.86204;0;T;True;2
1621247739000;11534300;0.86198;0.8621;0.86204;0;T;True;2
1621247740000;11534301;0.86198;0.8621;0.86204;0;T;True;2
1621247741000;11534302;0.86198;0.8621;0.86204;0;T;True;2
1621247742000;11534303;0.86198;0.8621;0.86204;0;T;True;2
1621247743000;11534304;0.86198;0.8621;0.86204;0;T;True;2
1621247744000;11534309;0.86198;0.8621;0.86204;4;T;True;2
1621247745000;11534311;0.86197;0.86209;0.86203;1;T;True;2
1621247746000;11534313;0.86199;0.86211;0.86205;1;T;True;2
1621247747000;11534314;0.86199;0.86211;0.86205;0;T;True;2
1621247748000;11534316;0.86201;0.86213;0.86207;1;T;True;2
1621247749000;11534317;0.86201;0.86213;0.86207;0;T;True;2
1621247750000;11534319;0.86203;0.86215;0.86209;1;T;True;2
1621247751000;11534320;0.86203;0.86215;0.86209;0;T;True;2
1621247752000;11534321;0.86203;0.86215;0.86209;0;T;True;2
1621247753000;11534322;0.86203;0.86215;0.86209;0;T;True;2
1621247754000;11534325;0.86204;0.86216;0.8621;2;T;True;2
1621247755000;11534326;0.86204;0.86216;0.8621;0;T;True;2
1621247756000;11534327;0.86204;0.86216;0.8621;0;T;True;2
1621247757000;11534328;0.86204;0.86216;0.8621;0;T;True;2
1621247758000;11534331;0.86202;0.86214;0.86208;2;T;True;2
1621247759000;11534332;0.86202;0.86214;0.86208;0;T;True;2
1621247760000;11534333;0.86202;0.86214;0.86208;0;T;True;2
1621247761000;11534335;0.86203;0.86215;0.86209;1;T;True;2
1621247762000;11534336;0.86203;0.86215;0.86209;0;T;True;2
1621247763000;11534338;0.86203;0.86215;0.86209;1;T;True;2
1621247764000;11534339;0.86203;0.86215;0.86209;0;T;True;2
1621247765000;11534341;0.86203;0.86215;0.86209;1;T;True;2
1621247766000;11534342;0.86203;0.86215;0.86209;0;T;True;2
1621247767000;11534344;0.86205;0.86217;0.86211;1;T;True;2
1621247768000;11534345;0.86205;0.86217;0.86211;0;T;True;2
1621247769000;11534346;0.86205;0.86217;0.86211;0;T;True;2
1621247770000;11534347;0.86205;0.86217;0.86211;0;T;True;2
1621247771000;11534348;0.86205;0.86217;0.86211;0;T;True;2
1621247772000;11534351;0.86207;0.86219;0.86213;2;T;True;2
1621247773000;11534354;0.86207;0.86219;0.86213;2;T;True;2
1621247774000;11534355;0.86207;0.86219;0.86213;0;T;True;2
1621247775000;11534356;0.86207;0.86219;0.86213;0;T;True;2
1621247776000;11534357;0.86207;0.86219;0.86213;0;T;True;2
1621247777000;11534364;0.86209;0.86221;0.86215;6;T;True;2
1621247778000;11534369;0.86206;0.86218;0.86212;4;T;True;2
1621247779000;11534372;0.86205;0.86217;0.86211;2;T;True;2
1621247780000;11534373;0.86205;0.86217;0.86211;0;T;True;2
1621247781000;11534375;0.86205;0.86217;0.86211;1;T;True;2
1621247782000;11534376;0.86205;0.86217;0.86211;0;T;True;2
1621247783000;11534377;0.86205;0.86217;0.86211;0;T;True;2
1621247784000;11534378;0.86205;0.86217;0.86211;0;T;True;2
1621247785000;11534379;0.86205;0.86217;0.86211;0;T;True;2
1621247786000;11534382;0.86205;0.86217;0.86211;2;T;True;2
1621247787000;11534383;0.86205;0.86217;0.86211;0;T;True;2
1621247788000;11534385;0.86204;0.86216;0.8621;1;T;True;2
1621247789000;11534386;0.86204;0.86216;0.8621;0;T;True;2
1621247790000;11534387;0.86204;0.86216;0.8621;0;T;True;2
1621247791000;11534388;0.86204;0.86216;0.8621;0;T;True;2
1621247792000;11534389;0.86204;0.86216;0.8621;0;T;True;2
1621247793000;11534390;0.86204;0.86216;0.8621;0;T;True;2
1621247794000;11534391;0.86204;0.86216;0.8621;0;T;True;2
1621247795000;11534392;0.86204;0.86216;0.8621;0;T;True;2
1621247796000;11534393;0.86204;0.86216;0.8621;0;T;True;2
1621247797000;11534395;0.86203;0.86215;0.86209;1;T;True;2
1621247798000;11534402;0.86199;0.86211;0.86205;6;T;True;2
1621247799000;11534403;0.86199;0.86211;0.86205;0;T;True;2
1621247800000;11534404;0.86199;0.86211;0.86205;0;T;True;2
1621247801000;11534406;0.86199;0.86211;0.86205;1;T;True;2
1621247802000;11534407;0.86199;0.86211;0.86205;0;T;True;2
1621247803000;11534408;0.86199;0.86211;0.86205;0;T;True;2
1621247804000;11534409;0.86199;0.86211;0.86205;0;T;True;2
1621247805000;11534411;0.86198;0.8621;0.86204;1;T;True;2
1621247806000;11534412;0.86198;0.8621;0.86204;0;T;True;2
1621247807000;11534413;0.86198;0.8621;0.86204;0;T;True;2
1621247808000;11534414;0.86198;0.8621;0.86204;0;T;True;2
1621247809000;11534416;0.86197;0.86209;0.86203;1;T;True;2
1621247810000;11534421;0.86197;0.86209;0.86203;4;T;True;2
1621247811000;11534422;0.86197;0.86209;0.86203;0;T;True;2
1621247812000;11534425;0.862;0.86212;0.86206;2;T;True;2
1621247813000;11534426;0.862;0.86212;0.86206;0;T;True;2
1621247814000;11534428;0.86201;0.86213;0.86207;1;T;True;2
1621247815000;11534429;0.86201;0.86213;0.86207;0;T;True;2
1621247816000;11534430;0.86201;0.86213;0.86207;0;T;True;2
1621247817000;11534431;0.86201;0.86213;0.86207;0;T;True;2
1621247818000;11534432;0.86201;0.86213;0.86207;0;T;True;2
1621247819000;11534433;0.86201;0.86213;0.86207;0;T;True;2
1621247820000;11534434;0.86201;0.86213;0.86207;0;T;True;2
1621247821000;11534435;0.86201;0.86213;0.86207;0;T;True;2
1621247822000;11534437;0.86202;0.86214;0.86208;1;T;True;2
1621247823000;11534438;0.86202;0.86214;0.86208;0;T;True;2
1621247824000;11534439;0.86202;0.86214;0.86208;0;T;True;2
1621247825000;11534440;0.86202;0.86214;0.86208;0;T;True;2
1621247826000;11534441;0.86202;0.86214;0.86208;0;T;True;2
1621247827000;11534442;0.86202;0.86214;0.86208;0;T;True;2
1621247828000;11534445;0.86202;0.86214;0.86208;2;T;True;2
1621247829000;11534446;0.86202;0.86214;0.86208;0;T;True;2
1621247830000;11534447;0.86202;0.86214;0.86208;0;T;True;2
1621247831000;11534448;0.86202;0.86214;0.86208;0;T;True;2
1621247832000;11534449;0.86202;0.86214;0.86208;0;T;True;2
1621247833000;11534450;0.86202;0.86214;0.86208;0;T;True;2
1621247834000;11534451;0.86202;0.86214;0.86208;0;T;True;2
1621247835000;11534452;0.86202;0.86214;0.86208;0;T;True;2
1621247836000;11534453;0.86202;0.86214;0.86208;0;T;True;2
1621247837000;11534454;0.86202;0.86214;0.86208;0;T;True;2
1621247838000;11534455;0.86202;0.86214;0.86208;0;T;True;2
1621247839000;11534456;0.86202;0.86214;0.86208;0;T;True;2
1621247840000;11534457;0.86202;0.86214;0.86208;0;T;True;2
1621247841000;11534459;0.86201;0.86213;0.86207;1;T;True;2
1621247842000;11534460;0.86201;0.86213;0.86207;0;T;True;2
1621247843000;11534461;0.86201;0.86213;0.86207;0;T;True;2
1621247844000;11534462;0.86201;0.86213;0.86207;0;T;True;2
1621247845000;11534464;0.86201;0.86213;0.86207;1;T;True;2
1621247846000;11534465;0.86201;0.86213;0.86207;0;T;True;2
1621247847000;11534466;0.86201;0.86213;0.86207;0;T;True;2
1621247848000;11534473;0.86207;0.86219;0.86213;6;T;True;2
1621247849000;11534474;0.86207;0.86219;0.86213;0;T;True;2
1621247850000;11534477;0.86206;0.86218;0.86212;2;T;True;2
1621247851000;11534480;0.86207;0.86219;0.86213;2;T;True;2
1621247852000;11534481;0.86207;0.86219;0.86213;0;T;True;2
1621247853000;11534483;0.86207;0.86219;0.86213;1;T;True;2
1621247854000;11534484;0.86207;0.86219;0.86213;0;T;True;2
1621247855000;11534485;0.86207;0.86219;0.86213;0;T;True;2
1621247856000;11534486;0.86207;0.86219;0.86213;0;T;True;2
1621247857000;11534487;0.86207;0.86219;0.86213;0;T;True;2
1621247858000;11534488;0.86207;0.86219;0.86213;0;T;True;2
1621247859000;11534490;0.86206;0.86218;0.86212;1;T;True;2
1621247860000;11534493;0.86206;0.86218;0.86212;2;T;True;2
1621247861000;11534494;0.86206;0.86218;0.86212;0;T;True;2
1621247862000;11534495;0.86206;0.86218;0.86212;0;T;True;2
1621247863000;11534496;0.86206;0.86218;0.86212;0;T;True;2
1621247864000;11534497;0.86206;0.86218;0.86212;0;T;True;2
1621247865000;11534498;0.86206;0.86218;0.86212;0;T;True;2
1621247866000;11534499;0.86206;0.86218;0.86212;0;T;True;2
1621247867000;11534500;0.86206;0.86218;0.86212;0;T;True;2
1621247868000;11534501;0.86206;0.86218;0.86212;0;T;True;2
1621247869000;11534502;0.86206;0.86218;0.86212;0;T;True;2
1621247870000;11534505;0.86207;0.86219;0.86213;2;T;True;2
1621247871000;11534507;0.86207;0.86219;0.86213;1;T;True;2
1621247872000;11534508;0.86207;0.86219;0.86213;0;T;True;2
1621247873000;11534509;0.86207;0.86219;0.86213;0;T;True;2
1621247874000;11534510;0.86207;0.86219;0.86213;0;T;True;2
1621247875000;11534512;0.86207;0.86219;0.86213;1;T;True;2
1621247876000;11534514;0.86211;0.86223;0.86217;1;T;True;2
1621247877000;11534515;0.86211;0.86223;0.86217;0;T;True;2
1621247878000;11534518;0.86211;0.86223;0.86217;2;T;True;2
1621247879000;11534519;0.86211;0.86223;0.86217;0;T;True;2
1621247880000;11534520;0.86211;0.86223;0.86217;0;T;True;2
1621247881000;11534522;0.86211;0.86223;0.86217;1;T;True;2
1621247882000;11534526;0.86213;0.86225;0.86219;3;T;True;2
1621247883000;11534529;0.86213;0.86225;0.86219;2;T;True;2
1621247884000;11534532;0.86216;0.86228;0.86222;2;T;True;2
1621247885000;11534534;0.86217;0.86229;0.86223;1;T;True;2
1621247886000;11534535;0.86217;0.86229;0.86223;0;T;True;2
1621247887000;11534536;0.86217;0.86229;0.86223;0;T;True;2
1621247888000;11534538;0.86219;0.86231;0.86225;1;T;True;2
1621247889000;11534539;0.86219;0.86231;0.86225;0;T;True;2
1621247890000;11534540;0.86219;0.86231;0.86225;0;T;True;2
1621247891000;11534541;0.86219;0.86231;0.86225;0;T;True;2
1621247892000;11534542;0.86219;0.86231;0.86225;0;T;True;2
1621247893000;11534545;0.86217;0.86229;0.86223;2;T;True;2
1621247894000;11534546;0.86217;0.86229;0.86223;0;T;True;2
1621247895000;11534547;0.86217;0.86229;0.86223;0;T;True;2
1621247896000;11534548;0.86217;0.86229;0.86223;0;T;True;2
1621247897000;11534550;0.86217;0.86229;0.86223;1;T;True;2
1621247898000;11534557;0.86211;0.86223;0.86217;6;T;True;2
1621247899000;11534558;0.86211;0.86223;0.86217;0;T;True;2
1621247900000;11534561;0.86213;0.86225;0.86219;2;T;True;2
1621247901000;11534562;0.86213;0.86225;0.86219;0;T;True;2
1621247902000;11534564;0.86215;0.86227;0.86221;1;T;True;2
1621247903000;11534566;0.86216;0.86228;0.86222;1;T;True;2
1621247904000;11534571;0.86219;0.86231;0.86225;4;T;True;2
1621247905000;11534573;0.86217;0.86229;0.86223;1;T;True;2
1621247906000;11534575;0.86217;0.86229;0.86223;1;T;True;2
1621247907000;11534576;0.86217;0.86229;0.86223;0;T;True;2
1621247908000;11534578;0.86217;0.86229;0.86223;1;T;True;2
1621247909000;11534579;0.86217;0.86229;0.86223;0;T;True;2
1621247910000;11534580;0.86217;0.86229;0.86223;0;T;True;2
1621247911000;11534581;0.86217;0.86229;0.86223;0;T;True;2
1621247912000;11534582;0.86217;0.86229;0.86223;0;T;True;2
1621247913000;11534583;0.86217;0.86229;0.86223;0;T;True;2
1621247914000;11534584;0.86217;0.86229;0.86223;0;T;True;2
1621247915000;11534586;0.86218;0.8623;0.86224;1;T;True;2
1621247916000;11534587;0.86218;0.8623;0.86224;0;T;True;2
1621247917000;11534588;0.86218;0.8623;0.86224;0;T;True;2
1621247918000;11534590;0.86219;0.86231;0.86225;1;T;True;2
1621247919000;11534591;0.86219;0.86231;0.86225;0;T;True;2
1621247920000;11534592;0.86219;0.86231;0.86225;0;T;True;2
1621247921000;11534593;0.86219;0.86231;0.86225;0;T;True;2
1621247922000;11534594;0.86219;0.86231;0.86225;0;T;True;2
1621247923000;11534595;0.86219;0.86231;0.86225;0;T;True;2
1621247924000;11534597;0.86219;0.86231;0.86225;1;T;True;2
1621247925000;11534598;0.86219;0.86231;0.86225;0;T;True;2
1621247926000;11534599;0.86219;0.86231;0.86225;0;T;True;2
1621247927000;11534600;0.86219;0.86231;0.86225;0;T;True;2
1621247928000;11534601;0.86219;0.86231;0.86225;0;T;True;2
1621247929000;11534603;0.86218;0.8623;0.86224;1;T;True;2
1621247930000;11534604;0.86218;0.8623;0.86224;0;T;True;2
1621247931000;11534607;0.86216;0.86228;0.86222;2;T;True;2
1621247932000;11534610;0.86214;0.86226;0.8622;2;T;True;2
1621247933000;11534612;0.86214;0.86226;0.8622;1;T;True;2
1621247934000;11534613;0.86214;0.86226;0.8622;0;T;True;2
1621247935000;11534618;0.86213;0.86225;0.86219;4;T;True;2
1621247936000;11534620;0.86213;0.86225;0.86219;1;T;True;2
1621247937000;11534625;0.86213;0.86225;0.86219;4;T;True;2
1621247938000;11534628;0.86213;0.86225;0.86219;2;T;True;2
1621247939000;11534629;0.86213;0.86225;0.86219;0;T;True;2
1621247940000;11534632;0.86213;0.86225;0.86219;2;T;True;2
1621247941000;11534637;0.86215;0.86227;0.86221;4;T;True;2
1621247942000;11534641;0.86217;0.86229;0.86223;3;T;True;2
1621247943000;11534642;0.86217;0.86229;0.86223;0;T;True;2
1621247944000;11534643;0.86217;0.86229;0.86223;0;T;True;2
1621247945000;11534644;0.86217;0.86229;0.86223;0;T;True;2
1621247946000;11534645;0.86217;0.86229;0.86223;0;T;True;2
1621247947000;11534646;0.86217;0.86229;0.86223;0;T;True;2
1621247948000;11534648;0.86217;0.86229;0.86223;1;T;True;2
1621247949000;11534649;0.86217;0.86229;0.86223;0;T;True;2
1621247950000;11534650;0.86217;0.86229;0.86223;0;T;True;2
1621247951000;11534651;0.86217;0.86229;0.86223;0;T;True;2
1621247952000;11534652;0.86217;0.86229;0.86223;0;T;True;2
1621247953000;11534653;0.86217;0.86229;0.86223;0;T;True;2
1621247954000;11534654;0.86217;0.86229;0.86223;0;T;True;2
1621247955000;11534655;0.86217;0.86229;0.86223;0;T;True;2
1621247956000;11534656;0.86217;0.86229;0.86223;0;T;True;2
1621247957000;11534657;0.86217;0.86229;0.86223;0;T;True;2
1621247958000;11534658;0.86217;0.86229;0.86223;0;T;True;2
1621247959000;11534660;0.86217;0.86229;0.86223;1;T;True;2
1621247960000;11534661;0.86217;0.86229;0.86223;0;T;True;2
1621247961000;11534662;0.86217;0.86229;0.86223;0;T;True;2
1621247962000;11534663;0.86217;0.86229;0.86223;0;T;True;2
1621247963000;11534665;0.86218;0.8623;0.86224;1;T;True;2
1621247964000;11534666;0.86218;0.8623;0.86224;0;T;True;2
1621247965000;11534668;0.86217;0.86229;0.86223;1;T;True;2
1621247966000;11534675;0.86215;0.86227;0.86221;6;T;True;2
1621247967000;11534678;0.86215;0.86227;0.86221;2;T;True;2
1621247968000;11534679;0.86215;0.86227;0.86221;0;T;True;2
1621247969000;11534681;0.86216;0.86228;0.86222;1;T;True;2
1621247970000;11534682;0.86216;0.86228;0.86222;0;T;True;2
1621247971000;11534683;0.86216;0.86228;0.86222;0;T;True;2
1621247972000;11534687;0.86217;0.86229;0.86223;3;T;True;2
1621247973000;11534691;0.86217;0.86229;0.86223;3;T;True;2
1621247974000;11534692;0.86217;0.86229;0.86223;0;T;True;2
1621247975000;11534693;0.86217;0.86229;0.86223;0;T;True;2
1621247976000;11534694;0.86217;0.86229;0.86223;0;T;True;2
1621247977000;11534695;0.86217;0.86229;0.86223;0;T;True;2
1621247978000;11534697;0.86219;0.86231;0.86225;1;T;True;2
1621247979000;11534698;0.86219;0.86231;0.86225;0;T;True;2
1621247980000;11534699;0.86219;0.86231;0.86225;0;T;True;2
1621247981000;11534700;0.86219;0.86231;0.86225;0;T;True;2
1621247982000;11534701;0.86219;0.86231;0.86225;0;T;True;2
1621247983000;11534702;0.86219;0.86231;0.86225;0;T;True;2
1621247984000;11534705;0.86221;0.86233;0.86227;2;T;True;2
1621247985000;11534706;0.86221;0.86233;0.86227;0;T;True;2
1621247986000;11534707;0.86221;0.86233;0.86227;0;T;True;2
1621247987000;11534708;0.86221;0.86233;0.86227;0;T;True;2
1621247988000;11534709;0.86221;0.86233;0.86227;0;T;True;2
1621247989000;11534710;0.86221;0.86233;0.86227;0;T;True;2
1621247990000;11534711;0.86221;0.86233;0.86227;0;T;True;2
1621247991000;11534712;0.86221;0.86233;0.86227;0;T;True;2
1621247992000;11534716;0.8622;0.86232;0.86226;3;T;True;2
1621247993000;11534718;0.86221;0.86233;0.86227;1;T;True;2
1621247994000;11534720;0.8622;0.86232;0.86226;1;T;True;2
1621247995000;11534721;0.8622;0.86232;0.86226;0;T;True;2
1621247996000;11534725;0.86222;0.86234;0.86228;3;T;True;2
1621247997000;11534726;0.86222;0.86234;0.86228;0;T;True;2
1621247998000;11534728;0.86223;0.86235;0.86229;1;T;True;2
1621247999000;11534729;0.86223;0.86235;0.86229;0;T;True;2
1621248000000;11534734;0.86223;0.86235;0.86229;4;T;True;2
1621248001000;11534738;0.86224;0.86236;0.8623;3;T;True;2
1621248002000;11534739;0.86224;0.86236;0.8623;0;T;True;2
1621248003000;11534743;0.86226;0.86238;0.86232;3;T;True;2
1621248004000;11534744;0.86226;0.86238;0.86232;0;T;True;2
1621248005000;11534745;0.86226;0.86238;0.86232;0;T;True;2
1621248006000;11534746;0.86226;0.86238;0.86232;0;T;True;2
1621248007000;11534748;0.86225;0.86237;0.86231;1;T;True;2
1621248008000;11534749;0.86225;0.86237;0.86231;0;T;True;2
1621248009000;11534750;0.86225;0.86237;0.86231;0;T;True;2
1621248010000;11534751;0.86225;0.86237;0.86231;0;T;True;2
1621248011000;11534754;0.86225;0.86237;0.86231;2;T;True;2
1621248012000;11534756;0.86223;0.86235;0.86229;1;T;True;2
1621248013000;11534762;0.86219;0.86231;0.86225;5;T;True;2
1621248014000;11534767;0.86221;0.86233;0.86227;4;T;True;2
1621248015000;11534768;0.86221;0.86233;0.86227;0;T;True;2
1621248016000;11534769;0.86221;0.86233;0.86227;0;T;True;2
1621248017000;11534770;0.86221;0.86233;0.86227;0;T;True;2
1621248018000;11534782;0.86212;0.86224;0.86218;11;T;True;2
1621248019000;11534786;0.86211;0.86223;0.86217;3;T;True;2
1621248020000;11534787;0.86211;0.86223;0.86217;0;T;True;2
1621248021000;11534788;0.86211;0.86223;0.86217;0;T;True;2
1621248022000;11534789;0.86211;0.86223;0.86217;0;T;True;2
1621248023000;11534790;0.86211;0.86223;0.86217;0;T;True;2
1621248024000;11534791;0.86211;0.86223;0.86217;0;T;True;2
1621248025000;11534792;0.86211;0.86223;0.86217;0;T;True;2
1621248026000;11534793;0.86211;0.86223;0.86217;0;T;True;2
1621248027000;11534794;0.86211;0.86223;0.86217;0;T;True;2
1621248028000;11534797;0.86211;0.86223;0.86217;2;T;True;2
1621248029000;11534798;0.86211;0.86223;0.86217;0;T;True;2
1621248030000;11534802;0.86209;0.86221;0.86215;3;T;True;2
1621248031000;11534803;0.86209;0.86221;0.86215;0;T;True;2
1621248032000;11534804;0.86209;0.86221;0.86215;0;T;True;2
1621248033000;11534811;0.86207;0.86219;0.86213;6;T;True;2
1621248034000;11534812;0.86207;0.86219;0.86213;0;T;True;2
1621248035000;11534814;0.86207;0.86219;0.86213;1;T;True;2
1621248036000;11534816;0.86207;0.86219;0.86213;1;T;True;2
1621248037000;11534817;0.86207;0.86219;0.86213;0;T;True;2
1621248038000;11534818;0.86207;0.86219;0.86213;0;T;True;2
1621248039000;11534820;0.86207;0.86219;0.86213;1;T;True;2
1621248040000;11534821;0.86207;0.86219;0.86213;0;T;True;2
1621248041000;11534822;0.86207;0.86219;0.86213;0;T;True;2
1621248042000;11534826;0.86208;0.8622;0.86214;3;T;True;2
1621248043000;11534828;0.86207;0.86219;0.86213;1;T;True;2
1621248044000;11534829;0.86207;0.86219;0.86213;0;T;True;2
1621248045000;11534830;0.86207;0.86219;0.86213;0;T;True;2
1621248046000;11534833;0.86208;0.8622;0.86214;2;T;True;2
1621248047000;11534834;0.86208;0.8622;0.86214;0;T;True;2
1621248048000;11534835;0.86208;0.8622;0.86214;0;T;True;2
1621248049000;11534836;0.86208;0.8622;0.86214;0;T;True;2
1621248050000;11534837;0.86208;0.8622;0.86214;0;T;True;2
1621248051000;11534838;0.86208;0.8622;0.86214;0;T;True;2
1621248052000;11534839;0.86208;0.8622;0.86214;0;T;True;2
1621248053000;11534840;0.86208;0.8622;0.86214;0;T;True;2
1621248054000;11534842;0.86207;0.86219;0.86213;1;T;True;2
1621248055000;11534845;0.86207;0.86219;0.86213;2;T;True;2
1621248056000;11534849;0.8621;0.86222;0.86216;3;T;True;2
1621248057000;11534850;0.8621;0.86222;0.86216;0;T;True;2
1621248058000;11534852;0.86209;0.86221;0.86215;1;T;True;2
1621248059000;11534856;0.86209;0.86221;0.86215;3;T;True;2
1621248060000;11534857;0.86209;0.86221;0.86215;0;T;True;2
1621248061000;11534860;0.86211;0.86223;0.86217;2;T;True;2
1621248062000;11534862;0.86211;0.86223;0.86217;1;T;True;2
1621248063000;11534863;0.86211;0.86223;0.86217;0;T;True;2
1621248064000;11534867;0.86211;0.86223;0.86217;3;T;True;2
1621248065000;11534868;0.86211;0.86223;0.86217;0;T;True;2
1621248066000;11534869;0.86211;0.86223;0.86217;0;T;True;2
1621248067000;11534875;0.86213;0.86225;0.86219;5;T;True;2
1621248068000;11534876;0.86213;0.86225;0.86219;0;T;True;2
1621248069000;11534878;0.86215;0.86227;0.86221;1;T;True;2
1621248070000;11534880;0.86215;0.86227;0.86221;1;T;True;2
1621248071000;11534882;0.86216;0.86228;0.86222;1;T;True;2
1621248072000;11534883;0.86216;0.86228;0.86222;0;T;True;2
1621248073000;11534884;0.86216;0.86228;0.86222;0;T;True;2
1621248074000;11534887;0.86216;0.86228;0.86222;2;T;True;2
1621248075000;11534888;0.86216;0.86228;0.86222;0;T;True;2
1621248076000;11534890;0.86216;0.86228;0.86222;1;T;True;2
1621248077000;11534893;0.86217;0.86229;0.86223;2;T;True;2
1621248078000;11534894;0.86217;0.86229;0.86223;0;T;True;2
1621248079000;11534895;0.86217;0.86229;0.86223;0;T;True;2
1621248080000;11534896;0.86217;0.86229;0.86223;0;T;True;2
1621248081000;11534897;0.86217;0.86229;0.86223;0;T;True;2
1621248082000;11534902;0.86221;0.86233;0.86227;4;T;True;2
1621248083000;11534903;0.86221;0.86233;0.86227;0;T;True;2
1621248084000;11534904;0.86221;0.86233;0.86227;0;T;True;2
1621248085000;11534905;0.86221;0.86233;0.86227;0;T;True;2
1621248086000;11534906;0.86221;0.86233;0.86227;0;T;True;2
1621248087000;11534907;0.86221;0.86233;0.86227;0;T;True;2
1621248088000;11534908;0.86221;0.86233;0.86227;0;T;True;2
1621248089000;11534909;0.86221;0.86233;0.86227;0;T;True;2
1621248090000;11534910;0.86221;0.86233;0.86227;0;T;True;2
1621248091000;11534912;0.86221;0.86233;0.86227;1;T;True;2
1621248092000;11534913;0.86221;0.86233;0.86227;0;T;True;2
1621248093000;11534915;0.86221;0.86233;0.86227;1;T;True;2
1621248094000;11534917;0.8622;0.86232;0.86226;1;T;True;2
1621248095000;11534918;0.8622;0.86232;0.86226;0;T;True;2
1621248096000;11534919;0.8622;0.86232;0.86226;0;T;True;2
1621248097000;11534920;0.8622;0.86232;0.86226;0;T;True;2
1621248098000;11534921;0.8622;0.86232;0.86226;0;T;True;2
1621248099000;11534922;0.8622;0.86232;0.86226;0;T;True;2
1621248100000;11534926;0.86217;0.86229;0.86223;3;T;True;2
1621248101000;11534927;0.86217;0.86229;0.86223;0;T;True;2
1621248102000;11534929;0.86219;0.86231;0.86225;1;T;True;2
1621248103000;11534930;0.86219;0.86231;0.86225;0;T;True;2
1621248104000;11534931;0.86219;0.86231;0.86225;0;T;True;2
1621248105000;11534932;0.86219;0.86231;0.86225;0;T;True;2
1621248106000;11534933;0.86219;0.86231;0.86225;0;T;True;2
1621248107000;11534934;0.86219;0.86231;0.86225;0;T;True;2
1621248108000;11534936;0.86218;0.8623;0.86224;1;T;True;2
1621248109000;11534938;0.86217;0.86229;0.86223;1;T;True;2
1621248110000;11534940;0.86217;0.86229;0.86223;1;T;True;2
1621248111000;11534941;0.86217;0.86229;0.86223;0;T;True;2
1621248112000;11534942;0.86217;0.86229;0.86223;0;T;True;2
1621248113000;11534943;0.86217;0.86229;0.86223;0;T;True;2
1621248114000;11534944;0.86217;0.86229;0.86223;0;T;True;2
1621248115000;11534945;0.86217;0.86229;0.86223;0;T;True;2
1621248116000;11534946;0.86217;0.86229;0.86223;0;T;True;2
1621248117000;11534947;0.86217;0.86229;0.86223;0;T;True;2
1621248118000;11534948;0.86217;0.86229;0.86223;0;T;True;2
1621248119000;11534949;0.86217;0.86229;0.86223;0;T;True;2
1621248120000;11534950;0.86217;0.86229;0.86223;0;T;True;2
1621248121000;11534951;0.86217;0.86229;0.86223;0;T;True;2
1621248122000;11534952;0.86217;0.86229;0.86223;0;T;True;2
1621248123000;11534953;0.86217;0.86229;0.86223;0;T;True;2
1621248124000;11534954;0.86217;0.86229;0.86223;0;T;True;2
1621248125000;11534955;0.86217;0.86229;0.86223;0;T;True;2
1621248126000;11534956;0.86217;0.86229;0.86223;0;T;True;2
1621248127000;11534957;0.86217;0.86229;0.86223;0;T;True;2
1621248128000;11534959;0.86216;0.86228;0.86222;1;T;True;2
1621248129000;11534960;0.86216;0.86228;0.86222;0;T;True;2
1621248130000;11534962;0.86215;0.86227;0.86221;1;T;True;2
1621248131000;11534963;0.86215;0.86227;0.86221;0;T;True;2
1621248132000;11534964;0.86215;0.86227;0.86221;0;T;True;2
1621248133000;11534965;0.86215;0.86227;0.86221;0;T;True;2
1621248134000;11534974;0.86205;0.86217;0.86211;8;T;True;2
1621248135000;11534975;0.86205;0.86217;0.86211;0;T;True;2
1621248136000;11534977;0.86205;0.86217;0.86211;1;T;True;2
1621248137000;11534980;0.86207;0.86219;0.86213;2;T;True;2
1621248138000;11534981;0.86207;0.86219;0.86213;0;T;True;2
1621248139000;11534987;0.86213;0.86225;0.86219;5;T;True;2
1621248140000;11534988;0.86213;0.86225;0.86219;0;T;True;2
1621248141000;11534989;0.86213;0.86225;0.86219;0;T;True;2
1621248142000;11534992;0.86215;0.86227;0.86221;2;T;True;2
1621248143000;11534993;0.86215;0.86227;0.86221;0;T;True;2
1621248144000;11534995;0.86215;0.86227;0.86221;1;T;True;2
1621248145000;11534996;0.86215;0.86227;0.86221;0;T;True;2
1621248146000;11534997;0.86215;0.86227;0.86221;0;T;True;2
1621248147000;11534998;0.86215;0.86227;0.86221;0;T;True;2
1621248148000;11534999;0.86215;0.86227;0.86221;0;T;True;2
1621248149000;11535001;0.86215;0.86227;0.86221;1;T;True;2
1621248150000;11535002;0.86215;0.86227;0.86221;0;T;True;2
1621248151000;11535004;0.86215;0.86227;0.86221;1;T;True;2
1621248152000;11535005;0.86215;0.86227;0.86221;0;T;True;2
1621248153000;11535006;0.86215;0.86227;0.86221;0;T;True;2
1621248154000;11535007;0.86215;0.86227;0.86221;0;T;True;2
1621248155000;11535008;0.86215;0.86227;0.86221;0;T;True;2
1621248156000;11535009;0.86215;0.86227;0.86221;0;T;True;2
1621248157000;11535010;0.86215;0.86227;0.86221;0;T;True;2
1621248158000;11535011;0.86215;0.86227;0.86221;0;T;True;2
1621248159000;11535012;0.86215;0.86227;0.86221;0;T;True;2
1621248160000;11535013;0.86215;0.86227;0.86221;0;T;True;2
1621248161000;11535014;0.86215;0.86227;0.86221;0;T;True;2
1621248162000;11535015;0.86215;0.86227;0.86221;0;T;True;2
1621248163000;11535016;0.86215;0.86227;0.86221;0;T;True;2
1621248164000;11535018;0.86214;0.86226;0.8622;1;T;True;2
1621248165000;11535019;0.86214;0.86226;0.8622;0;T;True;2
1621248166000;11535020;0.86214;0.86226;0.8622;0;T;True;2
1621248167000;11535021;0.86214;0.86226;0.8622;0;T;True;2
1621248168000;11535024;0.86214;0.86226;0.8622;2;T;True;2
1621248169000;11535025;0.86214;0.86226;0.8622;0;T;True;2
1621248170000;11535026;0.86214;0.86226;0.8622;0;T;True;2
1621248171000;11535027;0.86214;0.86226;0.8622;0;T;True;2
1621248172000;11535028;0.86214;0.86226;0.8622;0;T;True;2
1621248173000;11535029;0.86214;0.86226;0.8622;0;T;True;2
1621248174000;11535030;0.86214;0.86226;0.8622;0;T;True;2
1621248175000;11535031;0.86214;0.86226;0.8622;0;T;True;2
1621248176000;11535032;0.86214;0.86226;0.8622;0;T;True;2
1621248177000;11535033;0.86214;0.86226;0.8622;0;T;True;2
1621248178000;11535034;0.86214;0.86226;0.8622;0;T;True;2
1621248179000;11535035;0.86214;0.86226;0.8622;0;T;True;2
1621248180000;11535037;0.86215;0.86227;0.86221;1;T;True;2
1621248181000;11535038;0.86215;0.86227;0.86221;0;T;True;2
1621248182000;11535039;0.86215;0.86227;0.86221;0;T;True;2
1621248183000;11535042;0.86213;0.86225;0.86219;2;T;True;2
1621248184000;11535045;0.86212;0.86224;0.86218;2;T;True;2
1621248185000;11535046;0.86212;0.86224;0.86218;0;T;True;2
1621248186000;11535047;0.86212;0.86224;0.86218;0;T;True;2
1621248187000;11535048;0.86212;0.86224;0.86218;0;T;True;2
1621248188000;11535049;0.86212;0.86224;0.86218;0;T;True;2
1621248189000;11535050;0.86212;0.86224;0.86218;0;T;True;2
1621248190000;11535051;0.86212;0.86224;0.86218;0;T;True;2
1621248191000;11535053;0.86211;0.86223;0.86217;1;T;True;2
1621248192000;11535057;0.86211;0.86223;0.86217;3;T;True;2
1621248193000;11535062;0.86211;0.86223;0.86217;4;T;True;2
1621248194000;11535067;0.86211;0.86223;0.86217;4;T;True;2
1621248195000;11535069;0.86211;0.86223;0.86217;1;T;True;2
1621248196000;11535073;0.86211;0.86223;0.86217;3;T;True;2
1621248197000;11535075;0.86211;0.86223;0.86217;1;T;True;2
1621248198000;11535082;0.86211;0.86223;0.86217;6;T;True;2
1621248199000;11535084;0.86211;0.86223;0.86217;1;T;True;2
1621248200000;11535088;0.86211;0.86223;0.86217;3;T;True;2
1621248201000;11535093;0.86209;0.86221;0.86215;4;T;True;2
1621248202000;11535094;0.86209;0.86221;0.86215;0;T;True;2
1621248203000;11535096;0.86209;0.86221;0.86215;1;T;True;2
1621248204000;11535097;0.86209;0.86221;0.86215;0;T;True;2
1621248205000;11535098;0.86209;0.86221;0.86215;0;T;True;2
1621248206000;11535103;0.86213;0.86225;0.86219;4;T;True;2
1621248207000;11535104;0.86213;0.86225;0.86219;0;T;True;2
1621248208000;11535105;0.86213;0.86225;0.86219;0;T;True;2
1621248209000;11535106;0.86213;0.86225;0.86219;0;T;True;2
1621248210000;11535107;0.86213;0.86225;0.86219;0;T;True;2
1621248211000;11535108;0.86213;0.86225;0.86219;0;T;True;2
1621248212000;11535109;0.86213;0.86225;0.86219;0;T;True;2
1621248213000;11535114;0.86215;0.86227;0.86221;4;T;True;2
1621248214000;11535115;0.86215;0.86227;0.86221;0;T;True;2
1621248215000;11535118;0.86215;0.86227;0.86221;2;T;True;2
1621248216000;11535119;0.86215;0.86227;0.86221;0;T;True;2
1621248217000;11535120;0.86215;0.86227;0.86221;0;T;True;2
1621248218000;11535121;0.86215;0.86227;0.86221;0;T;True;2
1621248219000;11535122;0.86215;0.86227;0.86221;0;T;True;2
1621248220000;11535123;0.86215;0.86227;0.86221;0;T;True;2
1621248221000;11535125;0.86216;0.86228;0.86222;1;T;True;2
1621248222000;11535126;0.86216;0.86228;0.86222;0;T;True;2
1621248223000;11535127;0.86216;0.86228;0.86222;0;T;True;2
1621248224000;11535132;0.86219;0.86231;0.86225;4;T;True;2
1621248225000;11535134;0.86219;0.86231;0.86225;1;T;True;2
1621248226000;11535135;0.86219;0.86231;0.86225;0;T;True;2
1621248227000;11535136;0.86219;0.86231;0.86225;0;T;True;2
1621248228000;11535137;0.86219;0.86231;0.86225;0;T;True;2
1621248229000;11535139;0.86219;0.86231;0.86225;1;T;True;2
1621248230000;11535143;0.86221;0.86233;0.86227;3;T;True;2
1621248231000;11535144;0.86221;0.86233;0.86227;0;T;True;2
1621248232000;11535145;0.86221;0.86233;0.86227;0;T;True;2
1621248233000;11535146;0.86221;0.86233;0.86227;0;T;True;2
1621248234000;11535148;0.86222;0.86234;0.86228;1;T;True;2
1621248235000;11535149;0.86222;0.86234;0.86228;0;T;True;2
1621248236000;11535150;0.86222;0.86234;0.86228;0;T;True;2
1621248237000;11535151;0.86222;0.86234;0.86228;0;T;True;2
1621248238000;11535152;0.86222;0.86234;0.86228;0;T;True;2
1621248239000;11535153;0.86222;0.86234;0.86228;0;T;True;2
1621248240000;11535154;0.86222;0.86234;0.86228;0;T;True;2
1621248241000;11535155;0.86222;0.86234;0.86228;0;T;True;2
1621248242000;11535158;0.86222;0.86234;0.86228;2;T;True;2
1621248243000;11535159;0.86222;0.86234;0.86228;0;T;True;2
1621248244000;11535161;0.86222;0.86234;0.86228;1;T;True;2
1621248245000;11535162;0.86222;0.86234;0.86228;0;T;True;2
1621248246000;11535163;0.86222;0.86234;0.86228;0;T;True;2
1621248247000;11535164;0.86222;0.86234;0.86228;0;T;True;2
1621248248000;11535165;0.86222;0.86234;0.86228;0;T;True;2
1621248249000;11535166;0.86222;0.86234;0.86228;0;T;True;2
1621248250000;11535169;0.86222;0.86234;0.86228;2;T;True;2
1621248251000;11535170;0.86222;0.86234;0.86228;0;T;True;2
1621248252000;11535171;0.86222;0.86234;0.86228;0;T;True;2
1621248253000;11535172;0.86222;0.86234;0.86228;0;T;True;2
1621248254000;11535173;0.86222;0.86234;0.86228;0;T;True;2
1621248255000;11535174;0.86222;0.86234;0.86228;0;T;True;2
1621248256000;11535175;0.86222;0.86234;0.86228;0;T;True;2
1621248257000;11535176;0.86222;0.86234;0.86228;0;T;True;2
1621248258000;11535177;0.86222;0.86234;0.86228;0;T;True;2
1621248259000;11535178;0.86222;0.86234;0.86228;0;T;True;2
1621248260000;11535179;0.86222;0.86234;0.86228;0;T;True;2
1621248261000;11535180;0.86222;0.86234;0.86228;0;T;True;2
1621248262000;11535181;0.86222;0.86234;0.86228;0;T;True;2
1621248263000;11535182;0.86222;0.86234;0.86228;0;T;True;2
1621248264000;11535183;0.86222;0.86234;0.86228;0;T;True;2
1621248265000;11535184;0.86222;0.86234;0.86228;0;T;True;2
1621248266000;11535185;0.86222;0.86234;0.86228;0;T;True;2
1621248267000;11535186;0.86222;0.86234;0.86228;0;T;True;2
1621248268000;11535187;0.86222;0.86234;0.86228;0;T;True;2
1621248269000;11535189;0.86221;0.86233;0.86227;1;T;True;2
1621248270000;11535190;0.86221;0.86233;0.86227;0;T;True;2
1621248271000;11535194;0.86219;0.86231;0.86225;3;T;True;2
1621248272000;11535197;0.86219;0.86231;0.86225;2;T;True;2
1621248273000;11535206;0.86213;0.86225;0.86219;8;T;True;2
1621248274000;11535207;0.86213;0.86225;0.86219;0;T;True;2
1621248275000;11535209;0.86213;0.86225;0.86219;1;T;True;2
1621248276000;11535211;0.86213;0.86225;0.86219;1;T;True;2
1621248277000;11535213;0.86213;0.86225;0.86219;1;T;True;2
1621248278000;11535215;0.86212;0.86224;0.86218;1;T;True;2
1621248279000;11535219;0.8621;0.86222;0.86216;3;T;True;2
1621248280000;11535226;0.86207;0.86219;0.86213;6;T;True;2
1621248281000;11535227;0.86207;0.86219;0.86213;0;T;True;2
1621248282000;11535229;0.86207;0.86219;0.86213;1;T;True;2
1621248283000;11535231;0.86207;0.86219;0.86213;1;T;True;2
1621248284000;11535233;0.86207;0.86219;0.86213;1;T;True;2
1621248285000;11535234;0.86207;0.86219;0.86213;0;T;True;2
1621248286000;11535235;0.86207;0.86219;0.86213;0;T;True;2
1621248287000;11535236;0.86207;0.86219;0.86213;0;T;True;2
1621248288000;11535237;0.86207;0.86219;0.86213;0;T;True;2
1621248289000;11535238;0.86207;0.86219;0.86213;0;T;True;2
1621248290000;11535239;0.86207;0.86219;0.86213;0;T;True;2
1621248291000;11535245;0.86204;0.86216;0.8621;5;T;True;2
1621248292000;11535246;0.86204;0.86216;0.8621;0;T;True;2
1621248293000;11535248;0.86204;0.86216;0.8621;1;T;True;2
1621248294000;11535256;0.86209;0.86221;0.86215;7;T;True;2
1621248295000;11535257;0.86209;0.86221;0.86215;0;T;True;2
1621248296000;11535259;0.86208;0.8622;0.86214;1;T;True;2
1621248297000;11535260;0.86208;0.8622;0.86214;0;T;True;2
1621248298000;11535262;0.86208;0.8622;0.86214;1;T;True;2
1621248299000;11535264;0.86209;0.86221;0.86215;1;T;True;2
1621248300000;11535265;0.86209;0.86221;0.86215;0;T;True;2
1621248301000;11535266;0.86209;0.86221;0.86215;0;T;True;2
1621248302000;11535267;0.86209;0.86221;0.86215;0;T;True;2
1621248303000;11535269;0.86209;0.86221;0.86215;1;T;True;2
1621248304000;11535270;0.86209;0.86221;0.86215;0;T;True;2
1621248305000;11535271;0.86209;0.86221;0.86215;0;T;True;2
1621248306000;11535275;0.86207;0.86219;0.86213;3;T;True;2
1621248307000;11535276;0.86207;0.86219;0.86213;0;T;True;2
1621248308000;11535278;0.86207;0.86219;0.86213;1;T;True;2
1621248309000;11535279;0.86207;0.86219;0.86213;0;T;True;2
1621248310000;11535280;0.86207;0.86219;0.86213;0;T;True;2
1621248311000;11535281;0.86207;0.86219;0.86213;0;T;True;2
1621248312000;11535283;0.86207;0.86219;0.86213;1;T;True;2
1621248313000;11535287;0.86209;0.86221;0.86215;3;T;True;2
1621248314000;11535288;0.86209;0.86221;0.86215;0;T;True;2
1621248315000;11535291;0.86209;0.86221;0.86215;2;T;True;2
1621248316000;11535292;0.86209;0.86221;0.86215;0;T;True;2
1621248317000;11535293;0.86209;0.86221;0.86215;0;T;True;2
1621248318000;11535294;0.86209;0.86221;0.86215;0;T;True;2
1621248319000;11535296;0.86209;0.86221;0.86215;1;T;True;2
1621248320000;11535297;0.86209;0.86221;0.86215;0;T;True;2
1621248321000;11535298;0.86209;0.86221;0.86215;0;T;True;2
1621248322000;11535300;0.86209;0.86221;0.86215;1;T;True;2
1621248323000;11535301;0.86209;0.86221;0.86215;0;T;True;2
1621248324000;11535304;0.86207;0.86219;0.86213;2;T;True;2
1621248325000;11535305;0.86207;0.86219;0.86213;0;T;True;2
1621248326000;11535306;0.86207;0.86219;0.86213;0;T;True;2
1621248327000;11535307;0.86207;0.86219;0.86213;0;T;True;2
1621248328000;11535308;0.86207;0.86219;0.86213;0;T;True;2
1621248329000;11535309;0.86207;0.86219;0.86213;0;T;True;2
1621248330000;11535310;0.86207;0.86219;0.86213;0;T;True;2
1621248331000;11535311;0.86207;0.86219;0.86213;0;T;True;2
1621248332000;11535313;0.86207;0.86219;0.86213;1;T;True;2
1621248333000;11535316;0.86206;0.86218;0.86212;2;T;True;2
1621248334000;11535318;0.86206;0.86218;0.86212;1;T;True;2
1621248335000;11535319;0.86206;0.86218;0.86212;0;T;True;2
1621248336000;11535320;0.86206;0.86218;0.86212;0;T;True;2
1621248337000;11535323;0.86205;0.86217;0.86211;2;T;True;2
1621248338000;11535324;0.86205;0.86217;0.86211;0;T;True;2
1621248339000;11535325;0.86205;0.86217;0.86211;0;T;True;2
1621248340000;11535326;0.86205;0.86217;0.86211;0;T;True;2
1621248341000;11535327;0.86205;0.86217;0.86211;0;T;True;2
1621248342000;11535331;0.86205;0.86217;0.86211;3;T;True;2
1621248343000;11535336;0.86205;0.86217;0.86211;4;T;True;2
1621248344000;11535338;0.86205;0.86217;0.86211;1;T;True;2
1621248345000;11535340;0.86205;0.86217;0.86211;1;T;True;2
1621248346000;11535343;0.86203;0.86215;0.86209;2;T;True;2
1621248347000;11535344;0.86203;0.86215;0.86209;0;T;True;2
1621248348000;11535345;0.86203;0.86215;0.86209;0;T;True;2
1621248349000;11535346;0.86203;0.86215;0.86209;0;T;True;2
1621248350000;11535347;0.86203;0.86215;0.86209;0;T;True;2
1621248351000;11535348;0.86203;0.86215;0.86209;0;T;True;2
1621248352000;11535349;0.86203;0.86215;0.86209;0;T;True;2
1621248353000;11535351;0.86202;0.86214;0.86208;1;T;True;2
1621248354000;11535352;0.86202;0.86214;0.86208;0;T;True;2
1621248355000;11535353;0.86202;0.86214;0.86208;0;T;True;2
1621248356000;11535354;0.86202;0.86214;0.86208;0;T;True;2
1621248357000;11535356;0.86202;0.86214;0.86208;1;T;True;2
1621248358000;11535359;0.86203;0.86215;0.86209;2;T;True;2
1621248359000;11535362;0.86203;0.86215;0.86209;2;T;True;2
1621248360000;11535363;0.86203;0.86215;0.86209;0;T;True;2
1621248361000;11535364;0.86203;0.86215;0.86209;0;T;True;2
1621248362000;11535365;0.86203;0.86215;0.86209;0;T;True;2
1621248363000;11535367;0.86202;0.86214;0.86208;1;T;True;2
1621248364000;11535368;0.86202;0.86214;0.86208;0;T;True;2
1621248365000;11535369;0.86202;0.86214;0.86208;0;T;True;2
1621248366000;11535371;0.86201;0.86213;0.86207;1;T;True;2
1621248367000;11535372;0.86201;0.86213;0.86207;0;T;True;2
1621248368000;11535374;0.86201;0.86213;0.86207;1;T;True;2
1621248369000;11535375;0.86201;0.86213;0.86207;0;T;True;2
1621248370000;11535379;0.86199;0.86211;0.86205;3;T;True;2
1621248371000;11535380;0.86199;0.86211;0.86205;0;T;True;2
1621248372000;11535381;0.86199;0.86211;0.86205;0;T;True;2
1621248373000;11535382;0.86199;0.86211;0.86205;0;T;True;2
1621248374000;11535383;0.86199;0.86211;0.86205;0;T;True;2
1621248375000;11535384;0.86199;0.86211;0.86205;0;T;True;2
1621248376000;11535388;0.862;0.86212;0.86206;3;T;True;2
1621248377000;11535389;0.862;0.86212;0.86206;0;T;True;2
1621248378000;11535390;0.862;0.86212;0.86206;0;T;True;2
1621248379000;11535391;0.862;0.86212;0.86206;0;T;True;2
1621248380000;11535392;0.862;0.86212;0.86206;0;T;True;2
1621248381000;11535395;0.862;0.86212;0.86206;2;T;True;2
1621248382000;11535396;0.862;0.86212;0.86206;0;T;True;2
1621248383000;11535397;0.862;0.86212;0.86206;0;T;True;2
1621248384000;11535398;0.862;0.86212;0.86206;0;T;True;2
1621248385000;11535399;0.862;0.86212;0.86206;0;T;True;2
1621248386000;11535400;0.862;0.86212;0.86206;0;T;True;2
1621248387000;11535402;0.862;0.86212;0.86206;1;T;True;2
1621248388000;11535404;0.86201;0.86213;0.86207;1;T;True;2
1621248389000;11535405;0.86201;0.86213;0.86207;0;T;True;2
1621248390000;11535406;0.86201;0.86213;0.86207;0;T;True;2
1621248391000;11535408;0.862;0.86212;0.86206;1;T;True;2
1621248392000;11535409;0.862;0.86212;0.86206;0;T;True;2
1621248393000;11535411;0.86201;0.86213;0.86207;1;T;True;2
1621248394000;11535413;0.86201;0.86213;0.86207;1;T;True;2
1621248395000;11535415;0.86201;0.86213;0.86207;1;T;True;2
1621248396000;11535416;0.86201;0.86213;0.86207;0;T;True;2
1621248397000;11535417;0.86201;0.86213;0.86207;0;T;True;2
1621248398000;11535418;0.86201;0.86213;0.86207;0;T;True;2
1621248399000;11535419;0.86201;0.86213;0.86207;0;T;True;2
1621248400000;11535420;0.86201;0.86213;0.86207;0;T;True;2
1621248401000;11535421;0.86201;0.86213;0.86207;0;T;True;2
1621248402000;11535423;0.862;0.86212;0.86206;1;T;True;2
1621248403000;11535425;0.86201;0.86213;0.86207;1;T;True;2
1621248404000;11535426;0.86201;0.86213;0.86207;0;T;True;2
1621248405000;11535430;0.86201;0.86213;0.86207;3;T;True;2
1621248406000;11535433;0.86201;0.86213;0.86207;2;T;True;2
1621248407000;11535437;0.86201;0.86213;0.86207;3;T;True;2
1621248408000;11535438;0.86201;0.86213;0.86207;0;T;True;2
1621248409000;11535439;0.86201;0.86213;0.86207;0;T;True;2
1621248410000;11535440;0.86201;0.86213;0.86207;0;T;True;2
1621248411000;11535441;0.86201;0.86213;0.86207;0;T;True;2
1621248412000;11535444;0.86197;0.86209;0.86203;2;T;True;2
1621248413000;11535445;0.86197;0.86209;0.86203;0;T;True;2
1621248414000;11535446;0.86197;0.86209;0.86203;0;T;True;2
1621248415000;11535447;0.86197;0.86209;0.86203;0;T;True;2
1621248416000;11535448;0.86197;0.86209;0.86203;0;T;True;2
1621248417000;11535449;0.86197;0.86209;0.86203;0;T;True;2
1621248418000;11535450;0.86197;0.86209;0.86203;0;T;True;2
1621248419000;11535451;0.86197;0.86209;0.86203;0;T;True;2
1621248420000;11535454;0.86196;0.86208;0.86202;2;T;True;2
1621248421000;11535455;0.86196;0.86208;0.86202;0;T;True;2
1621248422000;11535456;0.86196;0.86208;0.86202;0;T;True;2
1621248423000;11535457;0.86196;0.86208;0.86202;0;T;True;2
1621248424000;11535460;0.86196;0.86208;0.86202;2;T;True;2
1621248425000;11535461;0.86196;0.86208;0.86202;0;T;True;2
1621248426000;11535463;0.86197;0.86209;0.86203;1;T;True;2
1621248427000;11535464;0.86197;0.86209;0.86203;0;T;True;2
1621248428000;11535465;0.86197;0.86209;0.86203;0;T;True;2
1621248429000;11535466;0.86197;0.86209;0.86203;0;T;True;2
1621248430000;11535467;0.86197;0.86209;0.86203;0;T;True;2
1621248431000;11535468;0.86197;0.86209;0.86203;0;T;True;2
1621248432000;11535469;0.86197;0.86209;0.86203;0;T;True;2
1621248433000;11535470;0.86197;0.86209;0.86203;0;T;True;2
1621248434000;11535471;0.86197;0.86209;0.86203;0;T;True;2
1621248435000;11535473;0.86196;0.86208;0.86202;1;T;True;2
1621248436000;11535475;0.86197;0.86209;0.86203;1;T;True;2
1621248437000;11535476;0.86197;0.86209;0.86203;0;T;True;2
1621248438000;11535477;0.86197;0.86209;0.86203;0;T;True;2
1621248439000;11535478;0.86197;0.86209;0.86203;0;T;True;2
1621248440000;11535480;0.86196;0.86208;0.86202;1;T;True;2
1621248441000;11535482;0.86197;0.86209;0.86203;1;T;True;2
1621248442000;11535484;0.86196;0.86208;0.86202;1;T;True;2
1621248443000;11535486;0.86197;0.86209;0.86203;1;T;True;2
1621248444000;11535487;0.86197;0.86209;0.86203;0;T;True;2
1621248445000;11535488;0.86197;0.86209;0.86203;0;T;True;2
1621248446000;11535489;0.86197;0.86209;0.86203;0;T;True;2
1621248447000;11535491;0.86196;0.86208;0.86202;1;T;True;2
1621248448000;11535492;0.86196;0.86208;0.86202;0;T;True;2
1621248449000;11535493;0.86196;0.86208;0.86202;0;T;True;2
1621248450000;11535494;0.86196;0.86208;0.86202;0;T;True;2
1621248451000;11535495;0.86196;0.86208;0.86202;0;T;True;2
1621248452000;11535496;0.86196;0.86208;0.86202;0;T;True;2
1621248453000;11535499;0.86196;0.86208;0.86202;2;T;True;2
1621248454000;11535500;0.86196;0.86208;0.86202;0;T;True;2
1621248455000;11535503;0.86195;0.86207;0.86201;2;T;True;2
1621248456000;11535504;0.86195;0.86207;0.86201;0;T;True;2
1621248457000;11535506;0.86196;0.86208;0.86202;1;T;True;2
1621248458000;11535507;0.86196;0.86208;0.86202;0;T;True;2
1621248459000;11535508;0.86196;0.86208;0.86202;0;T;True;2
1621248460000;11535509;0.86196;0.86208;0.86202;0;T;True;2
1621248461000;11535510;0.86196;0.86208;0.86202;0;T;True;2
1621248462000;11535511;0.86196;0.86208;0.86202;0;T;True;2
1621248463000;11535515;0.86199;0.86211;0.86205;3;T;True;2
1621248464000;11535516;0.86199;0.86211;0.86205;0;T;True;2
1621248465000;11535517;0.86199;0.86211;0.86205;0;T;True;2
1621248466000;11535518;0.86199;0.86211;0.86205;0;T;True;2
1621248467000;11535519;0.86199;0.86211;0.86205;0;T;True;2
1621248468000;11535520;0.86199;0.86211;0.86205;0;T;True;2
1621248469000;11535521;0.86199;0.86211;0.86205;0;T;True;2
1621248470000;11535522;0.86199;0.86211;0.86205;0;T;True;2
1621248471000;11535523;0.86199;0.86211;0.86205;0;T;True;2
1621248472000;11535524;0.86199;0.86211;0.86205;0;T;True;2
1621248473000;11535525;0.86199;0.86211;0.86205;0;T;True;2
1621248474000;11535526;0.86199;0.86211;0.86205;0;T;True;2
1621248475000;11535527;0.86199;0.86211;0.86205;0;T;True;2
1621248476000;11535529;0.86198;0.8621;0.86204;1;T;True;2
1621248477000;11535530;0.86198;0.8621;0.86204;0;T;True;2
1621248478000;11535531;0.86198;0.8621;0.86204;0;T;True;2
1621248479000;11535532;0.86198;0.8621;0.86204;0;T;True;2
1621248480000;11535533;0.86198;0.8621;0.86204;0;T;True;2
1621248481000;11535534;0.86198;0.8621;0.86204;0;T;True;2
1621248482000;11535535;0.86198;0.8621;0.86204;0;T;True;2
1621248483000;11535536;0.86198;0.8621;0.86204;0;T;True;2
1621248484000;11535537;0.86198;0.8621;0.86204;0;T;True;2
1621248485000;11535538;0.86198;0.8621;0.86204;0;T;True;2
1621248486000;11535539;0.86198;0.8621;0.86204;0;T;True;2
1621248487000;11535540;0.86198;0.8621;0.86204;0;T;True;2
1621248488000;11535544;0.86198;0.8621;0.86204;3;T;True;2
1621248489000;11535556;0.86194;0.86206;0.862;11;T;True;2
1621248490000;11535558;0.86193;0.86205;0.86199;1;T;True;2
1621248491000;11535559;0.86193;0.86205;0.86199;0;T;True;2
1621248492000;11535560;0.86193;0.86205;0.86199;0;T;True;2
1621248493000;11535564;0.86195;0.86207;0.86201;3;T;True;2
1621248494000;11535565;0.86195;0.86207;0.86201;0;T;True;2
1621248495000;11535568;0.86193;0.86205;0.86199;2;T;True;2
1621248496000;11535570;0.86191;0.86203;0.86197;1;T;True;2
1621248497000;11535571;0.86191;0.86203;0.86197;0;T;True;2
1621248498000;11535574;0.86191;0.86203;0.86197;2;T;True;2
1621248499000;11535575;0.86191;0.86203;0.86197;0;T;True;2
1621248500000;11535577;0.8619;0.86202;0.86196;1;T;True;2
1621248501000;11535579;0.86189;0.86201;0.86195;1;T;True;2
1621248502000;11535580;0.86189;0.86201;0.86195;0;T;True;2
1621248503000;11535584;0.86188;0.862;0.86194;3;T;True;2
1621248504000;11535585;0.86188;0.862;0.86194;0;T;True;2
1621248505000;11535586;0.86188;0.862;0.86194;0;T;True;2
1621248506000;11535587;0.86188;0.862;0.86194;0;T;True;2
1621248507000;11535588;0.86188;0.862;0.86194;0;T;True;2
1621248508000;11535589;0.86188;0.862;0.86194;0;T;True;2
1621248509000;11535590;0.86188;0.862;0.86194;0;T;True;2
1621248510000;11535591;0.86188;0.862;0.86194;0;T;True;2
1621248511000;11535592;0.86188;0.862;0.86194;0;T;True;2
1621248512000;11535594;0.86187;0.86199;0.86193;1;T;True;2
1621248513000;11535596;0.86187;0.86199;0.86193;1;T;True;2
1621248514000;11535597;0.86187;0.86199;0.86193;0;T;True;2
1621248515000;11535600;0.86186;0.86198;0.86192;2;T;True;2
1621248516000;11535603;0.86184;0.86196;0.8619;2;T;True;2
1621248517000;11535605;0.86181;0.86193;0.86187;1;T;True;2
1621248518000;11535607;0.86181;0.86193;0.86187;1;T;True;2
1621248519000;11535609;0.86181;0.86193;0.86187;1;T;True;2
1621248520000;11535610;0.86181;0.86193;0.86187;0;T;True;2
1621248521000;11535613;0.86181;0.86193;0.86187;2;T;True;2
1621248522000;11535615;0.86181;0.86193;0.86187;1;T;True;2
1621248523000;11535616;0.86181;0.86193;0.86187;0;T;True;2
1621248524000;11535620;0.86181;0.86193;0.86187;3;T;True;2
1621248525000;11535621;0.86181;0.86193;0.86187;0;T;True;2
1621248526000;11535622;0.86181;0.86193;0.86187;0;T;True;2
1621248527000;11535623;0.86181;0.86193;0.86187;0;T;True;2
1621248528000;11535624;0.86181;0.86193;0.86187;0;T;True;2
1621248529000;11535625;0.86181;0.86193;0.86187;0;T;True;2
1621248530000;11535627;0.86182;0.86194;0.86188;1;T;True;2
1621248531000;11535628;0.86182;0.86194;0.86188;0;T;True;2
1621248532000;11535629;0.86182;0.86194;0.86188;0;T;True;2
1621248533000;11535630;0.86182;0.86194;0.86188;0;T;True;2
1621248534000;11535631;0.86182;0.86194;0.86188;0;T;True;2
1621248535000;11535632;0.86182;0.86194;0.86188;0;T;True;2
1621248536000;11535635;0.86183;0.86195;0.86189;2;T;True;2
1621248537000;11535638;0.86182;0.86194;0.86188;2;T;True;2
1621248538000;11535639;0.86182;0.86194;0.86188;0;T;True;2
1621248539000;11535641;0.86182;0.86194;0.86188;1;T;True;2
1621248540000;11535643;0.86181;0.86193;0.86187;1;T;True;2
1621248541000;11535644;0.86181;0.86193;0.86187;0;T;True;2
1621248542000;11535645;0.86181;0.86193;0.86187;0;T;True;2
1621248543000;11535646;0.86181;0.86193;0.86187;0;T;True;2
1621248544000;11535648;0.86181;0.86193;0.86187;1;T;True;2
1621248545000;11535650;0.86182;0.86194;0.86188;1;T;True;2
1621248546000;11535652;0.86182;0.86194;0.86188;1;T;True;2
1621248547000;11535653;0.86182;0.86194;0.86188;0;T;True;2
1621248548000;11535654;0.86182;0.86194;0.86188;0;T;True;2
1621248549000;11535655;0.86182;0.86194;0.86188;0;T;True;2
1621248550000;11535656;0.86182;0.86194;0.86188;0;T;True;2
1621248551000;11535657;0.86182;0.86194;0.86188;0;T;True;2
1621248552000;11535659;0.86183;0.86195;0.86189;1;T;True;2
1621248553000;11535662;0.86183;0.86195;0.86189;2;T;True;2
1621248554000;11535663;0.86183;0.86195;0.86189;0;T;True;2
1621248555000;11535664;0.86183;0.86195;0.86189;0;T;True;2
1621248556000;11535665;0.86183;0.86195;0.86189;0;T;True;2
1621248557000;11535666;0.86183;0.86195;0.86189;0;T;True;2
1621248558000;11535667;0.86183;0.86195;0.86189;0;T;True;2
1621248559000;11535668;0.86183;0.86195;0.86189;0;T;True;2
1621248560000;11535669;0.86183;0.86195;0.86189;0;T;True;2
1621248561000;11535671;0.86184;0.86196;0.8619;1;T;True;2
1621248562000;11535673;0.86183;0.86195;0.86189;1;T;True;2
1621248563000;11535674;0.86183;0.86195;0.86189;0;T;True;2
1621248564000;11535676;0.86184;0.86196;0.8619;1;T;True;2
1621248565000;11535679;0.86184;0.86196;0.8619;2;T;True;2
1621248566000;11535681;0.86183;0.86195;0.86189;1;T;True;2
1621248567000;11535682;0.86183;0.86195;0.86189;0;T;True;2
1621248568000;11535683;0.86183;0.86195;0.86189;0;T;True;2
1621248569000;11535684;0.86183;0.86195;0.86189;0;T;True;2
1621248570000;11535685;0.86183;0.86195;0.86189;0;T;True;2
1621248571000;11535686;0.86183;0.86195;0.86189;0;T;True;2
1621248572000;11535687;0.86183;0.86195;0.86189;0;T;True;2
1621248573000;11535688;0.86183;0.86195;0.86189;0;T;True;2
1621248574000;11535689;0.86183;0.86195;0.86189;0;T;True;2
1621248575000;11535690;0.86183;0.86195;0.86189;0;T;True;2
1621248576000;11535691;0.86183;0.86195;0.86189;0;T;True;2
1621248577000;11535692;0.86183;0.86195;0.86189;0;T;True;2
1621248578000;11535693;0.86183;0.86195;0.86189;0;T;True;2
1621248579000;11535701;0.86187;0.86199;0.86193;7;T;True;2
1621248580000;11535702;0.86187;0.86199;0.86193;0;T;True;2
1621248581000;11535703;0.86187;0.86199;0.86193;0;T;True;2
1621248582000;11535704;0.86187;0.86199;0.86193;0;T;True;2
1621248583000;11535707;0.86187;0.86199;0.86193;2;T;True;2
1621248584000;11535708;0.86187;0.86199;0.86193;0;T;True;2
1621248585000;11535718;0.86195;0.86207;0.86201;9;T;True;2
1621248586000;11535729;0.86199;0.86211;0.86205;10;T;True;2
1621248587000;11535732;0.86199;0.86211;0.86205;2;T;True;2
1621248588000;11535734;0.86197;0.86209;0.86203;1;T;True;2
1621248589000;11535742;0.86197;0.86209;0.86203;7;T;True;2
1621248590000;11535746;0.86197;0.86209;0.86203;3;T;True;2
1621248591000;11535747;0.86197;0.86209;0.86203;0;T;True;2
1621248592000;11535748;0.86197;0.86209;0.86203;0;T;True;2
1621248593000;11535749;0.86197;0.86209;0.86203;0;T;True;2
1621248594000;11535760;0.86197;0.86209;0.86203;10;T;True;2
1621248595000;11535765;0.86197;0.86209;0.86203;4;T;True;2
1621248596000;11535767;0.86196;0.86208;0.86202;1;T;True;2
1621248597000;11535768;0.86196;0.86208;0.86202;0;T;True;2
1621248598000;11535774;0.86199;0.86211;0.86205;5;T;True;2
1621248599000;11535778;0.86199;0.86211;0.86205;3;T;True;2
1621248600000;11535783;0.86201;0.86213;0.86207;4;T;True;2
1621248601000;11535791;0.86201;0.86213;0.86207;7;T;True;2
1621248602000;11535793;0.86203;0.86215;0.86209;1;T;True;2
1621248603000;11535794;0.86203;0.86215;0.86209;0;T;True;2
1621248604000;11535797;0.86203;0.86215;0.86209;2;T;True;2
1621248605000;11535798;0.86203;0.86215;0.86209;0;T;True;2
1621248606000;11535799;0.86203;0.86215;0.86209;0;T;True;2
1621248607000;11535800;0.86203;0.86215;0.86209;0;T;True;2
1621248608000;11535801;0.86203;0.86215;0.86209;0;T;True;2
1621248609000;11535808;0.86207;0.86219;0.86213;6;T;True;2
1621248610000;11535811;0.86209;0.86221;0.86215;2;T;True;2
1621248611000;11535812;0.86209;0.86221;0.86215;0;T;True;2
1621248612000;11535813;0.86209;0.86221;0.86215;0;T;True;2
1621248613000;11535814;0.86209;0.86221;0.86215;0;T;True;2
1621248614000;11535815;0.86209;0.86221;0.86215;0;T;True;2
1621248615000;11535816;0.86209;0.86221;0.86215;0;T;True;2
1621248616000;11535817;0.86209;0.86221;0.86215;0;T;True;2
1621248617000;11535818;0.86209;0.86221;0.86215;0;T;True;2
1621248618000;11535819;0.86209;0.86221;0.86215;0;T;True;2
1621248619000;11535823;0.86208;0.8622;0.86214;3;T;True;2
1621248620000;11535825;0.86209;0.86221;0.86215;1;T;True;2
1621248621000;11535828;0.86208;0.8622;0.86214;2;T;True;2
1621248622000;11535832;0.86209;0.86221;0.86215;3;T;True;2
1621248623000;11535834;0.86209;0.86221;0.86215;1;T;True;2
1621248624000;11535835;0.86209;0.86221;0.86215;0;T;True;2
1621248625000;11535836;0.86209;0.86221;0.86215;0;T;True;2
1621248626000;11535842;0.86209;0.86221;0.86215;5;T;True;2
1621248627000;11535843;0.86209;0.86221;0.86215;0;T;True;2
1621248628000;11535846;0.86211;0.86223;0.86217;2;T;True;2
1621248629000;11535848;0.86211;0.86223;0.86217;1;T;True;2
1621248630000;11535850;0.86211;0.86223;0.86217;1;T;True;2
1621248631000;11535851;0.86211;0.86223;0.86217;0;T;True;2
1621248632000;11535852;0.86211;0.86223;0.86217;0;T;True;2
1621248633000;11535853;0.86211;0.86223;0.86217;0;T;True;2
1621248634000;11535858;0.86209;0.86221;0.86215;4;T;True;2
1621248635000;11535861;0.86207;0.86219;0.86213;2;T;True;2
1621248636000;11535862;0.86207;0.86219;0.86213;0;T;True;2
1621248637000;11535863;0.86207;0.86219;0.86213;0;T;True;2
1621248638000;11535865;0.86208;0.8622;0.86214;1;T;True;2
1621248639000;11535866;0.86208;0.8622;0.86214;0;T;True;2
1621248640000;11535867;0.86208;0.8622;0.86214;0;T;True;2
1621248641000;11535868;0.86208;0.8622;0.86214;0;T;True;2
1621248642000;11535869;0.86208;0.8622;0.86214;0;T;True;2
1621248643000;11535871;0.86209;0.86221;0.86215;1;T;True;2
1621248644000;11535872;0.86209;0.86221;0.86215;0;T;True;2
1621248645000;11535873;0.86209;0.86221;0.86215;0;T;True;2
1621248646000;11535874;0.86209;0.86221;0.86215;0;T;True;2
1621248647000;11535875;0.86209;0.86221;0.86215;0;T;True;2
1621248648000;11535876;0.86209;0.86221;0.86215;0;T;True;2
1621248649000;11535877;0.86209;0.86221;0.86215;0;T;True;2
1621248650000;11535878;0.86209;0.86221;0.86215;0;T;True;2
1621248651000;11535879;0.86209;0.86221;0.86215;0;T;True;2
1621248652000;11535880;0.86209;0.86221;0.86215;0;T;True;2
1621248653000;11535881;0.86209;0.86221;0.86215;0;T;True;2
1621248654000;11535882;0.86209;0.86221;0.86215;0;T;True;2
1621248655000;11535883;0.86209;0.86221;0.86215;0;T;True;2
1621248656000;11535884;0.86209;0.86221;0.86215;0;T;True;2
1621248657000;11535885;0.86209;0.86221;0.86215;0;T;True;2
1621248658000;11535886;0.86209;0.86221;0.86215;0;T;True;2
1621248659000;11535888;0.86209;0.86221;0.86215;1;T;True;2
1621248660000;11535889;0.86209;0.86221;0.86215;0;T;True;2
1621248661000;11535890;0.86209;0.86221;0.86215;0;T;True;2
1621248662000;11535891;0.86209;0.86221;0.86215;0;T;True;2
1621248663000;11535893;0.8621;0.86222;0.86216;1;T;True;2
1621248664000;11535894;0.8621;0.86222;0.86216;0;T;True;2
1621248665000;11535895;0.8621;0.86222;0.86216;0;T;True;2
1621248666000;11535898;0.8621;0.86222;0.86216;2;T;True;2
1621248667000;11535899;0.8621;0.86222;0.86216;0;T;True;2
1621248668000;11535900;0.8621;0.86222;0.86216;0;T;True;2
1621248669000;11535901;0.8621;0.86222;0.86216;0;T;True;2
1621248670000;11535902;0.8621;0.86222;0.86216;0;T;True;2
1621248671000;11535903;0.8621;0.86222;0.86216;0;T;True;2
1621248672000;11535904;0.8621;0.86222;0.86216;0;T;True;2
1621248673000;11535905;0.8621;0.86222;0.86216;0;T;True;2
1621248674000;11535906;0.8621;0.86222;0.86216;0;T;True;2
1621248675000;11535907;0.8621;0.86222;0.86216;0;T;True;2
1621248676000;11535908;0.8621;0.86222;0.86216;0;T;True;2
1621248677000;11535909;0.8621;0.86222;0.86216;0;T;True;2
1621248678000;11535910;0.8621;0.86222;0.86216;0;T;True;2
1621248679000;11535911;0.8621;0.86222;0.86216;0;T;True;2
1621248680000;11535912;0.8621;0.86222;0.86216;0;T;True;2
1621248681000;11535913;0.8621;0.86222;0.86216;0;T;True;2
1621248682000;11535914;0.8621;0.86222;0.86216;0;T;True;2
1621248683000;11535915;0.8621;0.86222;0.86216;0;T;True;2
1621248684000;11535916;0.8621;0.86222;0.86216;0;T;True;2
1621248685000;11535917;0.8621;0.86222;0.86216;0;T;True;2
1621248686000;11535918;0.8621;0.86222;0.86216;0;T;True;2
1621248687000;11535920;0.86209;0.86221;0.86215;1;T;True;2
1621248688000;11535922;0.86209;0.86221;0.86215;1;T;True;2
1621248689000;11535923;0.86209;0.86221;0.86215;0;T;True;2
1621248690000;11535924;0.86209;0.86221;0.86215;0;T;True;2
1621248691000;11535925;0.86209;0.86221;0.86215;0;T;True;2
1621248692000;11535926;0.86209;0.86221;0.86215;0;T;True;2
1621248693000;11535927;0.86209;0.86221;0.86215;0;T;True;2
1621248694000;11535928;0.86209;0.86221;0.86215;0;T;True;2
1621248695000;11535930;0.86209;0.86221;0.86215;1;T;True;2
1621248696000;11535931;0.86209;0.86221;0.86215;0;T;True;2
1621248697000;11535932;0.86209;0.86221;0.86215;0;T;True;2
1621248698000;11535933;0.86209;0.86221;0.86215;0;T;True;2
1621248699000;11535934;0.86209;0.86221;0.86215;0;T;True;2
1621248700000;11535935;0.86209;0.86221;0.86215;0;T;True;2
1621248701000;11535936;0.86209;0.86221;0.86215;0;T;True;2
1621248702000;11535937;0.86209;0.86221;0.86215;0;T;True;2
1621248703000;11535938;0.86209;0.86221;0.86215;0;T;True;2
1621248704000;11535939;0.86209;0.86221;0.86215;0;T;True;2
1621248705000;11535941;0.86209;0.86221;0.86215;1;T;True;2
1621248706000;11535942;0.86209;0.86221;0.86215;0;T;True;2
1621248707000;11535943;0.86209;0.86221;0.86215;0;T;True;2
1621248708000;11535944;0.86209;0.86221;0.86215;0;T;True;2
1621248709000;11535945;0.86209;0.86221;0.86215;0;T;True;2
1621248710000;11535946;0.86209;0.86221;0.86215;0;T;True;2
1621248711000;11535947;0.86209;0.86221;0.86215;0;T;True;2
1621248712000;11535949;0.8621;0.86222;0.86216;1;T;True;2
1621248713000;11535950;0.8621;0.86222;0.86216;0;T;True;2
1621248714000;11535951;0.8621;0.86222;0.86216;0;T;True;2
1621248715000;11535952;0.8621;0.86222;0.86216;0;T;True;2
1621248716000;11535953;0.8621;0.86222;0.86216;0;T;True;2
1621248717000;11535955;0.86211;0.86223;0.86217;1;T;True;2
1621248718000;11535970;0.86223;0.86235;0.86229;14;T;True;2
1621248719000;11535974;0.86225;0.86237;0.86231;3;T;True;2
1621248720000;11535976;0.86225;0.86237;0.86231;1;T;True;2
1621248721000;11535977;0.86225;0.86237;0.86231;0;T;True;2
1621248722000;11535980;0.86223;0.86235;0.86229;2;T;True;2
1621248723000;11535981;0.86223;0.86235;0.86229;0;T;True;2
1621248724000;11535984;0.86223;0.86235;0.86229;2;T;True;2
1621248725000;11535985;0.86223;0.86235;0.86229;0;T;True;2
1621248726000;11535986;0.86223;0.86235;0.86229;0;T;True;2
1621248727000;11535987;0.86223;0.86235;0.86229;0;T;True;2
1621248728000;11535988;0.86223;0.86235;0.86229;0;T;True;2
1621248729000;11535989;0.86223;0.86235;0.86229;0;T;True;2
1621248730000;11535994;0.8622;0.86232;0.86226;4;T;True;2
1621248731000;11535996;0.86219;0.86231;0.86225;1;T;True;2
1621248732000;11535997;0.86219;0.86231;0.86225;0;T;True;2
1621248733000;11536001;0.86219;0.86231;0.86225;3;T;True;2
1621248734000;11536003;0.86219;0.86231;0.86225;1;T;True;2
1621248735000;11536004;0.86219;0.86231;0.86225;0;T;True;2
1621248736000;11536005;0.86219;0.86231;0.86225;0;T;True;2
1621248737000;11536007;0.86219;0.86231;0.86225;1;T;True;2
1621248738000;11536009;0.8622;0.86232;0.86226;1;T;True;2
1621248739000;11536011;0.86219;0.86231;0.86225;1;T;True;2
1621248740000;11536012;0.86219;0.86231;0.86225;0;T;True;2
1621248741000;11536013;0.86219;0.86231;0.86225;0;T;True;2
1621248742000;11536015;0.8622;0.86232;0.86226;1;T;True;2
1621248743000;11536016;0.8622;0.86232;0.86226;0;T;True;2
1621248744000;11536019;0.86221;0.86233;0.86227;2;T;True;2
1621248745000;11536021;0.8622;0.86232;0.86226;1;T;True;2
1621248746000;11536022;0.8622;0.86232;0.86226;0;T;True;2
1621248747000;11536023;0.8622;0.86232;0.86226;0;T;True;2
1621248748000;11536027;0.86221;0.86233;0.86227;3;T;True;2
1621248749000;11536028;0.86221;0.86233;0.86227;0;T;True;2
1621248750000;11536029;0.86221;0.86233;0.86227;0;T;True;2
1621248751000;11536030;0.86221;0.86233;0.86227;0;T;True;2
1621248752000;11536031;0.86221;0.86233;0.86227;0;T;True;2
1621248753000;11536032;0.86221;0.86233;0.86227;0;T;True;2
1621248754000;11536038;0.86225;0.86237;0.86231;5;T;True;2
1621248755000;11536039;0.86225;0.86237;0.86231;0;T;True;2
1621248756000;11536040;0.86225;0.86237;0.86231;0;T;True;2
1621248757000;11536041;0.86225;0.86237;0.86231;0;T;True;2
1621248758000;11536042;0.86225;0.86237;0.86231;0;T;True;2
1621248759000;11536043;0.86225;0.86237;0.86231;0;T;True;2
1621248760000;11536047;0.86227;0.86239;0.86233;3;T;True;2
1621248761000;11536048;0.86227;0.86239;0.86233;0;T;True;2
1621248762000;11536049;0.86227;0.86239;0.86233;0;T;True;2
1621248763000;11536055;0.86229;0.86241;0.86235;5;T;True;2
1621248764000;11536056;0.86229;0.86241;0.86235;0;T;True;2
1621248765000;11536058;0.86231;0.86243;0.86237;1;T;True;2
1621248766000;11536059;0.86231;0.86243;0.86237;0;T;True;2
1621248767000;11536060;0.86231;0.86243;0.86237;0;T;True;2
1621248768000;11536061;0.86231;0.86243;0.86237;0;T;True;2
1621248769000;11536062;0.86231;0.86243;0.86237;0;T;True;2
1621248770000;11536063;0.86231;0.86243;0.86237;0;T;True;2
1621248771000;11536064;0.86231;0.86243;0.86237;0;T;True;2
1621248772000;11536065;0.86231;0.86243;0.86237;0;T;True;2
1621248773000;11536066;0.86231;0.86243;0.86237;0;T;True;2
1621248774000;11536067;0.86231;0.86243;0.86237;0;T;True;2
1621248775000;11536068;0.86231;0.86243;0.86237;0;T;True;2
1621248776000;11536071;0.86228;0.8624;0.86234;2;T;True;2
1621248777000;11536072;0.86228;0.8624;0.86234;0;T;True;2
1621248778000;11536078;0.86227;0.86239;0.86233;5;T;True;2
1621248779000;11536079;0.86227;0.86239;0.86233;0;T;True;2
1621248780000;11536080;0.86227;0.86239;0.86233;0;T;True;2
1621248781000;11536081;0.86227;0.86239;0.86233;0;T;True;2
1621248782000;11536082;0.86227;0.86239;0.86233;0;T;True;2
1621248783000;11536083;0.86227;0.86239;0.86233;0;T;True;2
1621248784000;11536084;0.86227;0.86239;0.86233;0;T;True;2
1621248785000;11536085;0.86227;0.86239;0.86233;0;T;True;2
1621248786000;11536086;0.86227;0.86239;0.86233;0;T;True;2
1621248787000;11536087;0.86227;0.86239;0.86233;0;T;True;2
1621248788000;11536088;0.86227;0.86239;0.86233;0;T;True;2
1621248789000;11536089;0.86227;0.86239;0.86233;0;T;True;2
1621248790000;11536090;0.86227;0.86239;0.86233;0;T;True;2
1621248791000;11536091;0.86227;0.86239;0.86233;0;T;True;2
1621248792000;11536092;0.86227;0.86239;0.86233;0;T;True;2
1621248793000;11536093;0.86227;0.86239;0.86233;0;T;True;2
1621248794000;11536094;0.86227;0.86239;0.86233;0;T;True;2
1621248795000;11536097;0.86225;0.86237;0.86231;2;T;True;2
1621248796000;11536101;0.86224;0.86236;0.8623;3;T;True;2
1621248797000;11536103;0.86223;0.86235;0.86229;1;T;True;2
1621248798000;11536105;0.86224;0.86236;0.8623;1;T;True;2
1621248799000;11536108;0.86221;0.86233;0.86227;2;T;True;2
1621248800000;11536109;0.86221;0.86233;0.86227;0;T;True;2
1621248801000;11536110;0.86221;0.86233;0.86227;0;T;True;2
1621248802000;11536111;0.86221;0.86233;0.86227;0;T;True;2
1621248803000;11536112;0.86221;0.86233;0.86227;0;T;True;2
1621248804000;11536114;0.8622;0.86232;0.86226;1;T;True;2
1621248805000;11536115;0.8622;0.86232;0.86226;0;T;True;2
1621248806000;11536116;0.8622;0.86232;0.86226;0;T;True;2
1621248807000;11536117;0.8622;0.86232;0.86226;0;T;True;2
1621248808000;11536118;0.8622;0.86232;0.86226;0;T;True;2
1621248809000;11536120;0.86219;0.86231;0.86225;1;T;True;2
1621248810000;11536122;0.8622;0.86232;0.86226;1;T;True;2
1621248811000;11536123;0.8622;0.86232;0.86226;0;T;True;2
1621248812000;11536124;0.8622;0.86232;0.86226;0;T;True;2
1621248813000;11536126;0.86221;0.86233;0.86227;1;T;True;2
1621248814000;11536127;0.86221;0.86233;0.86227;0;T;True;2
1621248815000;11536128;0.86221;0.86233;0.86227;0;T;True;2
1621248816000;11536131;0.86221;0.86233;0.86227;2;T;True;2
1621248817000;11536132;0.86221;0.86233;0.86227;0;T;True;2
1621248818000;11536133;0.86221;0.86233;0.86227;0;T;True;2
1621248819000;11536134;0.86221;0.86233;0.86227;0;T;True;2
1621248820000;11536137;0.86221;0.86233;0.86227;2;T;True;2
1621248821000;11536139;0.86219;0.86231;0.86225;1;T;True;2
1621248822000;11536140;0.86219;0.86231;0.86225;0;T;True;2
1621248823000;11536141;0.86219;0.86231;0.86225;0;T;True;2
1621248824000;11536142;0.86219;0.86231;0.86225;0;T;True;2
1621248825000;11536143;0.86219;0.86231;0.86225;0;T;True;2
1621248826000;11536144;0.86219;0.86231;0.86225;0;T;True;2
1621248827000;11536148;0.8622;0.86232;0.86226;3;T;True;2
1621248828000;11536149;0.8622;0.86232;0.86226;0;T;True;2
1621248829000;11536150;0.8622;0.86232;0.86226;0;T;True;2
1621248830000;11536153;0.8622;0.86232;0.86226;2;T;True;2
1621248831000;11536154;0.8622;0.86232;0.86226;0;T;True;2
1621248832000;11536155;0.8622;0.86232;0.86226;0;T;True;2
1621248833000;11536157;0.86219;0.86231;0.86225;1;T;True;2
1621248834000;11536158;0.86219;0.86231;0.86225;0;T;True;2
1621248835000;11536159;0.86219;0.86231;0.86225;0;T;True;2
1621248836000;11536160;0.86219;0.86231;0.86225;0;T;True;2
1621248837000;11536161;0.86219;0.86231;0.86225;0;T;True;2
1621248838000;11536162;0.86219;0.86231;0.86225;0;T;True;2
1621248839000;11536163;0.86219;0.86231;0.86225;0;T;True;2
1621248840000;11536164;0.86219;0.86231;0.86225;0;T;True;2
1621248841000;11536165;0.86219;0.86231;0.86225;0;T;True;2
1621248842000;11536167;0.86219;0.86231;0.86225;1;T;True;2
1621248843000;11536168;0.86219;0.86231;0.86225;0;T;True;2
1621248844000;11536169;0.86219;0.86231;0.86225;0;T;True;2
1621248845000;11536170;0.86219;0.86231;0.86225;0;T;True;2
1621248846000;11536171;0.86219;0.86231;0.86225;0;T;True;2
1621248847000;11536172;0.86219;0.86231;0.86225;0;T;True;2
1621248848000;11536177;0.86223;0.86235;0.86229;4;T;True;2
1621248849000;11536178;0.86223;0.86235;0.86229;0;T;True;2
1621248850000;11536179;0.86223;0.86235;0.86229;0;T;True;2
1621248851000;11536180;0.86223;0.86235;0.86229;0;T;True;2
1621248852000;11536181;0.86223;0.86235;0.86229;0;T;True;2
1621248853000;11536182;0.86223;0.86235;0.86229;0;T;True;2
1621248854000;11536184;0.86222;0.86234;0.86228;1;T;True;2
1621248855000;11536185;0.86222;0.86234;0.86228;0;T;True;2
1621248856000;11536186;0.86222;0.86234;0.86228;0;T;True;2
1621248857000;11536189;0.86222;0.86234;0.86228;2;T;True;2
1621248858000;11536190;0.86222;0.86234;0.86228;0;T;True;2
1621248859000;11536192;0.86223;0.86235;0.86229;1;T;True;2
1621248860000;11536193;0.86223;0.86235;0.86229;0;T;True;2
1621248861000;11536200;0.86226;0.86238;0.86232;6;T;True;2
1621248862000;11536205;0.86226;0.86238;0.86232;4;T;True;2
1621248863000;11536206;0.86226;0.86238;0.86232;0;T;True;2
1621248864000;11536207;0.86226;0.86238;0.86232;0;T;True;2
1621248865000;11536208;0.86226;0.86238;0.86232;0;T;True;2
1621248866000;11536209;0.86226;0.86238;0.86232;0;T;True;2
1621248867000;11536210;0.86226;0.86238;0.86232;0;T;True;2
1621248868000;11536211;0.86226;0.86238;0.86232;0;T;True;2
1621248869000;11536213;0.86227;0.86239;0.86233;1;T;True;2
1621248870000;11536215;0.86227;0.86239;0.86233;1;T;True;2
1621248871000;11536216;0.86227;0.86239;0.86233;0;T;True;2
1621248872000;11536218;0.86227;0.86239;0.86233;1;T;True;2
1621248873000;11536219;0.86227;0.86239;0.86233;0;T;True;2
1621248874000;11536220;0.86227;0.86239;0.86233;0;T;True;2
1621248875000;11536221;0.86227;0.86239;0.86233;0;T;True;2
1621248876000;11536222;0.86227;0.86239;0.86233;0;T;True;2
1621248877000;11536223;0.86227;0.86239;0.86233;0;T;True;2
1621248878000;11536225;0.86227;0.86239;0.86233;1;T;True;2
1621248879000;11536226;0.86227;0.86239;0.86233;0;T;True;2
1621248880000;11536227;0.86227;0.86239;0.86233;0;T;True;2
1621248881000;11536228;0.86227;0.86239;0.86233;0;T;True;2
1621248882000;11536229;0.86227;0.86239;0.86233;0;T;True;2
1621248883000;11536231;0.86227;0.86239;0.86233;1;T;True;2
1621248884000;11536233;0.86227;0.86239;0.86233;1;T;True;2
1621248885000;11536236;0.86227;0.86239;0.86233;2;T;True;2
1621248886000;11536245;0.86219;0.86231;0.86225;8;T;True;2
1621248887000;11536247;0.8622;0.86232;0.86226;1;T;True;2
1621248888000;11536250;0.86221;0.86233;0.86227;2;T;True;2
1621248889000;11536251;0.86221;0.86233;0.86227;0;T;True;2
1621248890000;11536254;0.8622;0.86232;0.86226;2;T;True;2
1621248891000;11536258;0.86219;0.86231;0.86225;3;T;True;2
1621248892000;11536259;0.86219;0.86231;0.86225;0;T;True;2
1621248893000;11536261;0.86219;0.86231;0.86225;1;T;True;2
1621248894000;11536266;0.86218;0.8623;0.86224;4;T;True;2
1621248895000;11536268;0.86219;0.86231;0.86225;1;T;True;2
1621248896000;11536269;0.86219;0.86231;0.86225;0;T;True;2
1621248897000;11536271;0.86219;0.86231;0.86225;1;T;True;2
1621248898000;11536273;0.86218;0.8623;0.86224;1;T;True;2
1621248899000;11536275;0.86219;0.86231;0.86225;1;T;True;2
1621248900000;11536276;0.86219;0.86231;0.86225;0;T;True;2
1621248901000;11536277;0.86219;0.86231;0.86225;0;T;True;2
1621248902000;11536281;0.86221;0.86233;0.86227;3;T;True;2
1621248903000;11536283;0.86223;0.86235;0.86229;1;T;True;2
1621248904000;11536290;0.8623;0.86242;0.86236;6;T;True;2
1621248905000;11536291;0.8623;0.86242;0.86236;0;T;True;2
1621248906000;11536292;0.8623;0.86242;0.86236;0;T;True;2
1621248907000;11536294;0.86231;0.86243;0.86237;1;T;True;2
1621248908000;11536296;0.86231;0.86243;0.86237;1;T;True;2
1621248909000;11536297;0.86231;0.86243;0.86237;0;T;True;2
1621248910000;11536299;0.86231;0.86243;0.86237;1;T;True;2
1621248911000;11536300;0.86231;0.86243;0.86237;0;T;True;2
1621248912000;11536301;0.86231;0.86243;0.86237;0;T;True;2
1621248913000;11536302;0.86231;0.86243;0.86237;0;T;True;2
1621248914000;11536303;0.86231;0.86243;0.86237;0;T;True;2
1621248915000;11536304;0.86231;0.86243;0.86237;0;T;True;2
1621248916000;11536305;0.86231;0.86243;0.86237;0;T;True;2
1621248917000;11536306;0.86231;0.86243;0.86237;0;T;True;2
1621248918000;11536307;0.86231;0.86243;0.86237;0;T;True;2
1621248919000;11536308;0.86231;0.86243;0.86237;0;T;True;2
1621248920000;11536309;0.86231;0.86243;0.86237;0;T;True;2
1621248921000;11536310;0.86231;0.86243;0.86237;0;T;True;2
1621248922000;11536320;0.86245;0.86257;0.86251;9;T;True;2
1621248923000;11536322;0.86247;0.86259;0.86253;1;T;True;2
1621248924000;11536323;0.86247;0.86259;0.86253;0;T;True;2
1621248925000;11536327;0.86251;0.86263;0.86257;3;T;True;2
1621248926000;11536335;0.86244;0.86256;0.8625;7;T;True;2
1621248927000;11536341;0.86243;0.86255;0.86249;5;T;True;2
1621248928000;11536342;0.86243;0.86255;0.86249;0;T;True;2
1621248929000;11536346;0.86243;0.86255;0.86249;3;T;True;2
1621248930000;11536348;0.86243;0.86255;0.86249;1;T;True;2
1621248931000;11536349;0.86243;0.86255;0.86249;0;T;True;2
1621248932000;11536351;0.86243;0.86255;0.86249;1;T;True;2
1621248933000;11536361;0.86255;0.86267;0.86261;9;T;True;2
1621248934000;11536366;0.86259;0.86271;0.86265;4;T;True;2
1621248935000;11536367;0.86259;0.86271;0.86265;0;T;True;2
1621248936000;11536370;0.8626;0.86272;0.86266;2;T;True;2
1621248937000;11536375;0.86258;0.8627;0.86264;4;T;True;2
1621248938000;11536376;0.86258;0.8627;0.86264;0;T;True;2
1621248939000;11536378;0.86258;0.8627;0.86264;1;T;True;2
1621248940000;11536384;0.86249;0.86261;0.86255;5;T;True;2
1621248941000;11536385;0.86249;0.86261;0.86255;0;T;True;2
1621248942000;11536387;0.86251;0.86263;0.86257;1;T;True;2
1621248943000;11536389;0.86251;0.86263;0.86257;1;T;True;2
1621248944000;11536392;0.86251;0.86263;0.86257;2;T;True;2
1621248945000;11536394;0.86253;0.86265;0.86259;1;T;True;2
1621248946000;11536396;0.86253;0.86265;0.86259;1;T;True;2
1621248947000;11536398;0.86254;0.86266;0.8626;1;T;True;2
1621248948000;11536404;0.86259;0.86271;0.86265;5;T;True;2
1621248949000;11536408;0.86261;0.86273;0.86267;3;T;True;2
1621248950000;11536412;0.86263;0.86275;0.86269;3;T;True;2
1621248951000;11536415;0.86267;0.86279;0.86273;2;T;True;2
1621248952000;11536416;0.86267;0.86279;0.86273;0;T;True;2
1621248953000;11536420;0.86267;0.86279;0.86273;3;T;True;2
1621248954000;11536424;0.86267;0.86279;0.86273;3;T;True;2
1621248955000;11536425;0.86267;0.86279;0.86273;0;T;True;2
1621248956000;11536428;0.86267;0.86279;0.86273;2;T;True;2
1621248957000;11536434;0.86269;0.86281;0.86275;5;T;True;2
1621248958000;11536437;0.86267;0.86279;0.86273;2;T;True;2
1621248959000;11536440;0.86272;0.86284;0.86278;2;T;True;2
1621248960000;11536445;0.86275;0.86287;0.86281;4;T;True;2
1621248961000;11536456;0.86272;0.86284;0.86278;10;T;True;2
1621248962000;11536459;0.86273;0.86285;0.86279;2;T;True;2
1621248963000;11536460;0.86273;0.86285;0.86279;0;T;True;2
1621248964000;11536463;0.86273;0.86285;0.86279;2;T;True;2
1621248965000;11536465;0.86275;0.86287;0.86281;1;T;True;2
1621248966000;11536466;0.86275;0.86287;0.86281;0;T;True;2
1621248967000;11536468;0.86275;0.86287;0.86281;1;T;True;2
1621248968000;11536472;0.86277;0.86289;0.86283;3;T;True;2
1621248969000;11536473;0.86277;0.86289;0.86283;0;T;True;2
1621248970000;11536477;0.86278;0.8629;0.86284;3;T;True;2
1621248971000;11536479;0.86277;0.86289;0.86283;1;T;True;2
1621248972000;11536481;0.86277;0.86289;0.86283;1;T;True;2
1621248973000;11536482;0.86277;0.86289;0.86283;0;T;True;2
1621248974000;11536487;0.86279;0.86291;0.86285;4;T;True;2
1621248975000;11536494;0.86275;0.86287;0.86281;6;T;True;2
1621248976000;11536496;0.86274;0.86286;0.8628;1;T;True;2
1621248977000;11536500;0.86273;0.86285;0.86279;3;T;True;2
1621248978000;11536501;0.86273;0.86285;0.86279;0;T;True;2
1621248979000;11536502;0.86273;0.86285;0.86279;0;T;True;2
1621248980000;11536507;0.86271;0.86283;0.86277;4;T;True;2
1621248981000;11536518;0.86265;0.86277;0.86271;10;T;True;2
1621248982000;11536520;0.86265;0.86277;0.86271;1;T;True;2
1621248983000;11536521;0.86265;0.86277;0.86271;0;T;True;2
1621248984000;11536523;0.86265;0.86277;0.86271;1;T;True;2
1621248985000;11536525;0.86264;0.86276;0.8627;1;T;True;2
1621248986000;11536532;0.86257;0.86269;0.86263;6;T;True;2
1621248987000;11536533;0.86257;0.86269;0.86263;0;T;True;2
1621248988000;11536538;0.86255;0.86267;0.86261;4;T;True;2
1621248989000;11536546;0.8625;0.86262;0.86256;7;T;True;2
