ts;n;bid;ask;value;volume;phase;round;active_id
1621227462000;11496826;0.86107;0.86119;0.86113;0;T;True;2
1621227463000;11496827;0.86107;0.86119;0.86113;0;T;True;2
1621227464000;11496828;0.86107;0.86119;0.86113;0;T;True;2
1621227465000;11496829;0.86107;0.86119;0.86113;0;T;True;2
1621227466000;11496830;0.86107;0.86119;0.86113;0;T;True;2
1621227467000;11496831;0.86107;0.86119;0.86113;0;T;True;2
1621227468000;11496832;0.86107;0.86119;0.86113;0;T;True;2
1621227469000;11496833;0.86107;0.86119;0.86113;0;T;True;2
1621227470000;11496834;0.86107;0.86119;0.86113;0;T;True;2
1621227471000;11496835;0.86107;0.86119;0.86113;0;T;True;2
1621227472000;11496836;0.86107;0.86119;0.86113;0;T;True;2
1621227473000;11496837;0.86107;0.86119;0.86113;0;T;True;2
1621227474000;11496838;0.86107;0.86119;0.86113;0;T;True;2
1621227475000;11496839;0.86107;0.86119;0.86113;0;T;True;2
1621227476000;11496840;0.86107;0.86119;0.86113;0;T;True;2
1621227477000;11496841;0.86107;0.86119;0.86113;0;T;True;2
1621227478000;11496843;0.86109;0.86121;0.86115;1;T;True;2
1621227479000;11496844;0.86109;0.86121;0.86115;0;T;True;2
1621227480000;11496845;0.86109;0.86121;0.86115;0;T;True;2
1621227481000;11496846;0.86109;0.86121;0.86115;0;T;True;2
1621227482000;11496847;0.86109;0.86121;0.86115;0;T;True;2
1621227483000;11496848;0.86109;0.86121;0.86115;0;T;True;2
1621227484000;11496849;0.86109;0.86121;0.86115;0;T;True;2
1621227485000;11496850;0.86109;0.86121;0.86115;0;T;True;2
1621227486000;11496851;0.86109;0.86121;0.86115;0;T;True;2
1621227487000;11496852;0.86109;0.86121;0.86115;0;T;True;2
1621227488000;11496854;0.86109;0.86121;0.86115;1;T;True;2
1621227489000;11496855;0.86109;0.86121;0.86115;0;T;True;2
1621227490000;11496856;0.86109;0.86121;0.86115;0;T;True;2
1621227491000;11496857;0.86109;0.86121;0.86115;0;T;True;2
1621227492000;11496859;0.86108;0.8612;0.86114;1;T;True;2
1621227493000;11496860;0.86108;0.8612;0.86114;0;T;True;2
1621227494000;11496861;0.86108;0.8612;0.86114;0;T;True;2
1621227495000;11496863;0.86107;0.86119;0.86113;1;T;True;2
1621227496000;11496864;0.86107;0.86119;0.86113;0;T;True;2
1621227497000;11496865;0.86107;0.86119;0.86113;0;T;True;2
1621227498000;11496866;0.86107;0.86119;0.86113;0;T;True;2
1621227499000;11496868;0.86108;0.8612;0.86114;1;T;True;2
1621227500000;11496874;0.86109;0.86121;0.86115;5;T;True;2
1621227501000;11496876;0.86109;0.86121;0.86115;1;T;True;2
1621227502000;11496878;0.86108;0.8612;0.86114;1;T;True;2
1621227503000;11496879;0.86108;0.8612;0.86114;0;T;True;2
1621227504000;11496880;0.86108;0.8612;0.86114;0;T;True;2
1621227505000;11496881;0.86108;0.8612;0.86114;0;T;True;2
1621227506000;11496882;0.86108;0.8612;0.86114;0;T;True;2
1621227507000;11496883;0.86108;0.8612;0.86114;0;T;True;2
1621227508000;11496884;0.86108;0.8612;0.86114;0;T;True;2
1621227509000;11496885;0.86108;0.8612;0.86114;0;T;True;2
1621227510000;11496889;0.86107;0.86119;0.86113;3;T;True;2
1621227511000;11496892;0.86108;0.8612;0.86114;2;T;True;2
1621227512000;11496893;0.86108;0.8612;0.86114;0;T;True;2
1621227513000;11496894;0.86108;0.8612;0.86114;0;T;True;2
1621227514000;11496895;0.86108;0.8612;0.86114;0;T;True;2
1621227515000;11496896;0.86108;0.8612;0.86114;0;T;True;2
1621227516000;11496898;0.86107;0.86119;0.86113;1;T;True;2
1621227517000;11496902;0.86108;0.8612;0.86114;3;T;True;2
1621227518000;11496903;0.86108;0.8612;0.86114;0;T;True;2
1621227519000;11496904;0.86108;0.8612;0.86114;0;T;True;2
1621227520000;11496906;0.86108;0.8612;0.86114;1;T;True;2
1621227521000;11496912;0.86112;0.86124;0.86118;5;T;True;2
1621227522000;11496915;0.86114;0.86126;0.8612;2;T;True;2
1621227523000;11496916;0.86114;0.86126;0.8612;0;T;True;2
1621227524000;11496917;0.86114;0.86126;0.8612;0;T;True;2
1621227525000;11496918;0.86114;0.86126;0.8612;0;T;True;2
1621227526000;11496919;0.86114;0.86126;0.8612;0;T;True;2
1621227527000;11496920;0.86114;0.86126;0.8612;0;T;True;2
1621227528000;11496921;0.86114;0.86126;0.8612;0;T;True;2
1621227529000;11496922;0.86114;0.86126;0.8612;0;T;True;2
1621227530000;11496923;0.86114;0.86126;0.8612;0;T;True;2
1621227531000;11496924;0.86114;0.86126;0.8612;0;T;True;2
1621227532000;11496925;0.86114;0.86126;0.8612;0;T;True;2
1621227533000;11496926;0.86114;0.86126;0.8612;0;T;True;2
1621227534000;11496927;0.86114;0.86126;0.8612;0;T;True;2
1621227535000;11496928;0.86114;0.86126;0.8612;0;T;True;2
1621227536000;11496929;0.86114;0.86126;0.8612;0;T;True;2
1621227537000;11496930;0.86114;0.86126;0.8612;0;T;True;2
1621227538000;11496931;0.86114;0.86126;0.8612;0;T;True;2
1621227539000;11496932;0.86114;0.86126;0.8612;0;T;True;2
1621227540000;11496933;0.86114;0.86126;0.8612;0;T;True;2
1621227541000;11496934;0.86114;0.86126;0.8612;0;T;True;2
1621227542000;11496935;0.86114;0.86126;0.8612;0;T;True;2
1621227543000;11496939;0.86118;0.8613;0.86124;3;T;True;2
1621227544000;11496940;0.86118;0.8613;0.86124;0;T;True;2
1621227545000;11496941;0.86118;0.8613;0.86124;0;T;True;2
1621227546000;11496942;0.86118;0.8613;0.86124;0;T;True;2
1621227547000;11496943;0.86118;0.8613;0.86124;0;T;True;2
1621227548000;11496944;0.86118;0.8613;0.86124;0;T;True;2
1621227549000;11496945;0.86118;0.8613;0.86124;0;T;True;2
1621227550000;11496950;0.86115;0.86127;0.86121;4;T;True;2
1621227551000;11496951;0.86115;0.86127;0.86121;0;T;True;2
1621227552000;11496952;0.86115;0.86127;0.86121;0;T;True;2
1621227553000;11496953;0.86115;0.86127;0.86121;0;T;True;2
1621227554000;11496954;0.86115;0.86127;0.86121;0;T;True;2
1621227555000;11496955;0.86115;0.86127;0.86121;0;T;True;2
1621227556000;11496956;0.86115;0.86127;0.86121;0;T;True;2
1621227557000;11496957;0.86115;0.86127;0.86121;0;T;True;2
1621227558000;11496958;0.86115;0.86127;0.86121;0;T;True;2
1621227559000;11496959;0.86115;0.86127;0.86121;0;T;True;2
1621227560000;11496960;0.86115;0.86127;0.86121;0;T;True;2
1621227561000;11496961;0.86115;0.86127;0.86121;0;T;True;2
1621227562000;11496962;0.86115;0.86127;0.86121;0;T;True;2
1621227563000;11496964;0.86115;0.86127;0.86121;1;T;True;2
1621227564000;11496965;0.86115;0.86127;0.86121;0;T;True;2
1621227565000;11496966;0.86115;0.86127;0.86121;0;T;True;2
1621227566000;11496967;0.86115;0.86127;0.86121;0;T;True;2
1621227567000;11496968;0.86115;0.86127;0.86121;0;T;True;2
1621227568000;11496969;0.86115;0.86127;0.86121;0;T;True;2
1621227569000;11496970;0.86115;0.86127;0.86121;0;T;True;2
1621227570000;11496972;0.86115;0.86127;0.86121;1;T;True;2
1621227571000;11496973;0.86115;0.86127;0.86121;0;T;True;2
1621227572000;11496974;0.86115;0.86127;0.86121;0;T;True;2
1621227573000;11496979;0.86115;0.86127;0.86121;4;T;True;2
1621227574000;11496980;0.86115;0.86127;0.86121;0;T;True;2
1621227575000;11496981;0.86115;0.86127;0.86121;0;T;True;2
1621227576000;11496982;0.86115;0.86127;0.86121;0;T;True;2
1621227577000;11496984;0.86115;0.86127;0.86121;1;T;True;2
1621227578000;11496985;0.86115;0.86127;0.86121;0;T;True;2
1621227579000;11496986;0.86115;0.86127;0.86121;0;T;True;2
1621227580000;11496987;0.86115;0.86127;0.86121;0;T;True;2
1621227581000;11496988;0.86115;0.86127;0.86121;0;T;True;2
1621227582000;11496989;0.86115;0.86127;0.86121;0;T;True;2
1621227583000;11496995;0.86115;0.86127;0.86121;5;T;True;2
1621227584000;11496999;0.86115;0.86127;0.86121;3;T;True;2
1621227585000;11497001;0.86115;0.86127;0.86121;1;T;True;2
1621227586000;11497002;0.86115;0.86127;0.86121;0;T;True;2
1621227587000;11497003;0.86115;0.86127;0.86121;0;T;True;2
1621227588000;11497004;0.86115;0.86127;0.86121;0;T;True;2
1621227589000;11497005;0.86115;0.86127;0.86121;0;T;True;2
1621227590000;11497006;0.86115;0.86127;0.86121;0;T;True;2
1621227591000;11497007;0.86115;0.86127;0.86121;0;T;True;2
1621227592000;11497008;0.86115;0.86127;0.86121;0;T;True;2
1621227593000;11497009;0.86115;0.86127;0.86121;0;T;True;2
1621227594000;11497010;0.86115;0.86127;0.86121;0;T;True;2
1621227595000;11497011;0.86115;0.86127;0.86121;0;T;True;2
1621227596000;11497014;0.86116;0.86128;0.86122;2;T;True;2
1621227597000;11497018;0.86117;0.86129;0.86123;3;T;True;2
1621227598000;11497020;0.86117;0.86129;0.86123;1;T;True;2
1621227599000;11497021;0.86117;0.86129;0.86123;0;T;True;2
1621227600000;11497022;0.86117;0.86129;0.86123;0;T;True;2
1621227601000;11497024;0.86117;0.86129;0.86123;1;T;True;2
1621227602000;11497025;0.86117;0.86129;0.86123;0;T;True;2
1621227603000;11497026;0.86117;0.86129;0.86123;0;T;True;2
1621227604000;11497027;0.86117;0.86129;0.86123;0;T;True;2
1621227605000;11497028;0.86117;0.86129;0.86123;0;T;True;2
1621227606000;11497029;0.86117;0.86129;0.86123;0;T;True;2
1621227607000;11497030;0.86117;0.86129;0.86123;0;T;True;2
1621227608000;11497031;0.86117;0.86129;0.86123;0;T;True;2
1621227609000;11497032;0.86117;0.86129;0.86123;0;T;True;2
1621227610000;11497033;0.86117;0.86129;0.86123;0;T;True;2
1621227611000;11497034;0.86117;0.86129;0.86123;0;T;True;2
1621227612000;11497035;0.86117;0.86129;0.86123;0;T;True;2
1621227613000;11497036;0.86117;0.86129;0.86123;0;T;True;2
1621227614000;11497037;0.86117;0.86129;0.86123;0;T;True;2
1621227615000;11497038;0.86117;0.86129;0.86123;0;T;True;2
1621227616000;11497039;0.86117;0.86129;0.86123;0;T;True;2
1621227617000;11497040;0.86117;0.86129;0.86123;0;T;True;2
1621227618000;11497041;0.86117;0.86129;0.86123;0;T;True;2
1621227619000;11497042;0.86117;0.86129;0.86123;0;T;True;2
1621227620000;11497043;0.86117;0.86129;0.86123;0;T;True;2
1621227621000;11497044;0.86117;0.86129;0.86123;0;T;True;2
1621227622000;11497045;0.86117;0.86129;0.86123;0;T;True;2
1621227623000;11497046;0.86117;0.86129;0.86123;0;T;True;2
1621227624000;11497047;0.86117;0.86129;0.86123;0;T;True;2
1621227625000;11497048;0.86117;0.86129;0.86123;0;T;True;2
1621227626000;11497049;0.86117;0.86129;0.86123;0;T;True;2
1621227627000;11497050;0.86117;0.86129;0.86123;0;T;True;2
1621227628000;11497051;0.86117;0.86129;0.86123;0;T;True;2
1621227629000;11497052;0.86117;0.86129;0.86123;0;T;True;2
1621227630000;11497053;0.86117;0.86129;0.86123;0;T;True;2
1621227631000;11497054;0.86117;0.86129;0.86123;0;T;True;2
1621227632000;11497057;0.86117;0.86129;0.86123;2;T;True;2
1621227633000;11497058;0.86117;0.86129;0.86123;0;T;True;2
1621227634000;11497059;0.86117;0.86129;0.86123;0;T;True;2
1621227635000;11497060;0.86117;0.86129;0.86123;0;T;True;2
1621227636000;11497061;0.86117;0.86129;0.86123;0;T;True;2
1621227637000;11497062;0.86117;0.86129;0.86123;0;T;True;2
1621227638000;11497063;0.86117;0.86129;0.86123;0;T;True;2
1621227639000;11497064;0.86117;0.86129;0.86123;0;T;True;2
1621227640000;11497065;0.86117;0.86129;0.86123;0;T;True;2
1621227641000;11497066;0.86117;0.86129;0.86123;0;T;True;2
1621227642000;11497067;0.86117;0.86129;0.86123;0;T;True;2
1621227643000;11497071;0.86119;0.86131;0.86125;3;T;True;2
1621227644000;11497072;0.86119;0.86131;0.86125;0;T;True;2
1621227645000;11497073;0.86119;0.86131;0.86125;0;T;True;2
1621227646000;11497074;0.86119;0.86131;0.86125;0;T;True;2
1621227647000;11497076;0.86119;0.86131;0.86125;1;T;True;2
1621227648000;11497077;0.86119;0.86131;0.86125;0;T;True;2
1621227649000;11497078;0.86119;0.86131;0.86125;0;T;True;2
1621227650000;11497079;0.86119;0.86131;0.86125;0;T;True;2
1621227651000;11497080;0.86119;0.86131;0.86125;0;T;True;2
1621227652000;11497081;0.86119;0.86131;0.86125;0;T;True;2
1621227653000;11497082;0.86119;0.86131;0.86125;0;T;True;2
1621227654000;11497083;0.86119;0.86131;0.86125;0;T;True;2
1621227655000;11497084;0.86119;0.86131;0.86125;0;T;True;2
1621227656000;11497085;0.86119;0.86131;0.86125;0;T;True;2
1621227657000;11497086;0.86119;0.86131;0.86125;0;T;True;2
1621227658000;11497087;0.86119;0.86131;0.86125;0;T;True;2
1621227659000;11497088;0.86119;0.86131;0.86125;0;T;True;2
1621227660000;11497089;0.86119;0.86131;0.86125;0;T;True;2
1621227661000;11497090;0.86119;0.86131;0.86125;0;T;True;2
1621227662000;11497091;0.86119;0.86131;0.86125;0;T;True;2
1621227663000;11497092;0.86119;0.86131;0.86125;0;T;True;2
1621227664000;11497093;0.86119;0.86131;0.86125;0;T;True;2
1621227665000;11497094;0.86119;0.86131;0.86125;0;T;True;2
1621227666000;11497095;0.86119;0.86131;0.86125;0;T;True;2
1621227667000;11497096;0.86119;0.86131;0.86125;0;T;True;2
1621227668000;11497097;0.86119;0.86131;0.86125;0;T;True;2
1621227669000;11497098;0.86119;0.86131;0.86125;0;T;True;2
1621227670000;11497099;0.86119;0.86131;0.86125;0;T;True;2
1621227671000;11497100;0.86119;0.86131;0.86125;0;T;True;2
1621227672000;11497101;0.86119;0.86131;0.86125;0;T;True;2
1621227673000;11497102;0.86119;0.86131;0.86125;0;T;True;2
1621227674000;11497103;0.86119;0.86131;0.86125;0;T;True;2
1621227675000;11497108;0.86118;0.8613;0.86124;4;T;True;2
1621227676000;11497115;0.86116;0.86128;0.86122;6;T;True;2
1621227677000;11497116;0.86116;0.86128;0.86122;0;T;True;2
1621227678000;11497117;0.86116;0.86128;0.86122;0;T;True;2
1621227679000;11497118;0.86116;0.86128;0.86122;0;T;True;2
1621227680000;11497121;0.86115;0.86127;0.86121;2;T;True;2
1621227681000;11497123;0.86115;0.86127;0.86121;1;T;True;2
1621227682000;11497124;0.86115;0.86127;0.86121;0;T;True;2
1621227683000;11497125;0.86115;0.86127;0.86121;0;T;True;2
1621227684000;11497126;0.86115;0.86127;0.86121;0;T;True;2
1621227685000;11497127;0.86115;0.86127;0.86121;0;T;True;2
1621227686000;11497129;0.86114;0.86126;0.8612;1;T;True;2
1621227687000;11497132;0.86112;0.86124;0.86118;2;T;True;2
1621227688000;11497133;0.86112;0.86124;0.86118;0;T;True;2
1621227689000;11497134;0.86112;0.86124;0.86118;0;T;True;2
1621227690000;11497135;0.86112;0.86124;0.86118;0;T;True;2
1621227691000;11497137;0.86113;0.86125;0.86119;1;T;True;2
1621227692000;11497138;0.86113;0.86125;0.86119;0;T;True;2
1621227693000;11497139;0.86113;0.86125;0.86119;0;T;True;2
1621227694000;11497140;0.86113;0.86125;0.86119;0;T;True;2
1621227695000;11497141;0.86113;0.86125;0.86119;0;T;True;2
1621227696000;11497142;0.86113;0.86125;0.86119;0;T;True;2
1621227697000;11497143;0.86113;0.86125;0.86119;0;T;True;2
1621227698000;11497144;0.86113;0.86125;0.86119;0;T;True;2
1621227699000;11497145;0.86113;0.86125;0.86119;0;T;True;2
1621227700000;11497146;0.86113;0.86125;0.86119;0;T;True;2
1621227701000;11497147;0.86113;0.86125;0.86119;0;T;True;2
1621227702000;11497148;0.86113;0.86125;0.86119;0;T;True;2
1621227703000;11497149;0.86113;0.86125;0.86119;0;T;True;2
1621227704000;11497150;0.86113;0.86125;0.86119;0;T;True;2
1621227705000;11497151;0.86113;0.86125;0.86119;0;T;True;2
1621227706000;11497152;0.86113;0.86125;0.86119;0;T;True;2
1621227707000;11497153;0.86113;0.86125;0.86119;0;T;True;2
1621227708000;11497156;0.86114;0.86126;0.8612;2;T;True;2
1621227709000;11497157;0.86114;0.86126;0.8612;0;T;True;2
1621227710000;11497158;0.86114;0.86126;0.8612;0;T;True;2
1621227711000;11497159;0.86114;0.86126;0.8612;0;T;True;2
1621227712000;11497160;0.86114;0.86126;0.8612;0;T;True;2
1621227713000;11497161;0.86114;0.86126;0.8612;0;T;True;2
1621227714000;11497162;0.86114;0.86126;0.8612;0;T;True;2
1621227715000;11497163;0.86114;0.86126;0.8612;0;T;True;2
1621227716000;11497164;0.86114;0.86126;0.8612;0;T;True;2
1621227717000;11497166;0.86113;0.86125;0.86119;1;T;True;2
1621227718000;11497167;0.86113;0.86125;0.86119;0;T;True;2
1621227719000;11497168;0.86113;0.86125;0.86119;0;T;True;2
1621227720000;11497169;0.86113;0.86125;0.86119;0;T;True;2
1621227721000;11497170;0.86113;0.86125;0.86119;0;T;True;2
1621227722000;11497171;0.86113;0.86125;0.86119;0;T;True;2
1621227723000;11497172;0.86113;0.86125;0.86119;0;T;True;2
1621227724000;11497174;0.86112;0.86124;0.86118;1;T;True;2
1621227725000;11497176;0.86111;0.86123;0.86117;1;T;True;2
1621227726000;11497177;0.86111;0.86123;0.86117;0;T;True;2
1621227727000;11497178;0.86111;0.86123;0.86117;0;T;True;2
1621227728000;11497179;0.86111;0.86123;0.86117;0;T;True;2
1621227729000;11497180;0.86111;0.86123;0.86117;0;T;True;2
1621227730000;11497181;0.86111;0.86123;0.86117;0;T;True;2
1621227731000;11497182;0.86111;0.86123;0.86117;0;T;True;2
1621227732000;11497183;0.86111;0.86123;0.86117;0;T;True;2
1621227733000;11497184;0.86111;0.86123;0.86117;0;T;True;2
1621227734000;11497185;0.86111;0.86123;0.86117;0;T;True;2
1621227735000;11497186;0.86111;0.86123;0.86117;0;T;True;2
1621227736000;11497187;0.86111;0.86123;0.86117;0;T;True;2
1621227737000;11497188;0.86111;0.86123;0.86117;0;T;True;2
1621227738000;11497189;0.86111;0.86123;0.86117;0;T;True;2
1621227739000;11497190;0.86111;0.86123;0.86117;0;T;True;2
1621227740000;11497191;0.86111;0.86123;0.86117;0;T;True;2
1621227741000;11497192;0.86111;0.86123;0.86117;0;T;True;2
1621227742000;11497195;0.86109;0.86121;0.86115;2;T;True;2
1621227743000;11497199;0.86107;0.86119;0.86113;3;T;True;2
1621227744000;11497200;0.86107;0.86119;0.86113;0;T;True;2
1621227745000;11497201;0.86107;0.86119;0.86113;0;T;True;2
1621227746000;11497204;0.86107;0.86119;0.86113;2;T;True;2
1621227747000;11497205;0.86107;0.86119;0.86113;0;T;True;2
1621227748000;11497206;0.86107;0.86119;0.86113;0;T;True;2
1621227749000;11497207;0.86107;0.86119;0.86113;0;T;True;2
1621227750000;11497208;0.86107;0.86119;0.86113;0;T;True;2
1621227751000;11497209;0.86107;0.86119;0.86113;0;T;True;2
1621227752000;11497210;0.86107;0.86119;0.86113;0;T;True;2
1621227753000;11497211;0.86107;0.86119;0.86113;0;T;True;2
1621227754000;11497212;0.86107;0.86119;0.86113;0;T;True;2
1621227755000;11497216;0.86107;0.86119;0.86113;3;T;True;2
1621227756000;11497217;0.86107;0.86119;0.86113;0;T;True;2
1621227757000;11497221;0.86105;0.86117;0.86111;3;T;True;2
1621227758000;11497226;0.86107;0.86119;0.86113;4;T;True;2
1621227759000;11497227;0.86107;0.86119;0.86113;0;T;True;2
1621227760000;11497228;0.86107;0.86119;0.86113;0;T;True;2
1621227761000;11497229;0.86107;0.86119;0.86113;0;T;True;2
1621227762000;11497230;0.86107;0.86119;0.86113;0;T;True;2
1621227763000;11497231;0.86107;0.86119;0.86113;0;T;True;2
1621227764000;11497232;0.86107;0.86119;0.86113;0;T;True;2
1621227765000;11497233;0.86107;0.86119;0.86113;0;T;True;2
1621227766000;11497234;0.86107;0.86119;0.86113;0;T;True;2
1621227767000;11497235;0.86107;0.86119;0.86113;0;T;True;2
1621227768000;11497236;0.86107;0.86119;0.86113;0;T;True;2
1621227769000;11497237;0.86107;0.86119;0.86113;0;T;True;2
1621227770000;11497238;0.86107;0.86119;0.86113;0;T;True;2
1621227771000;11497239;0.86107;0.86119;0.86113;0;T;True;2
1621227772000;11497240;0.86107;0.86119;0.86113;0;T;True;2
1621227773000;11497241;0.86107;0.86119;0.86113;0;T;True;2
1621227774000;11497242;0.86107;0.86119;0.86113;0;T;True;2
1621227775000;11497243;0.86107;0.86119;0.86113;0;T;True;2
1621227776000;11497244;0.86107;0.86119;0.86113;0;T;True;2
1621227777000;11497245;0.86107;0.86119;0.86113;0;T;True;2
1621227778000;11497246;0.86107;0.86119;0.86113;0;T;True;2
1621227779000;11497247;0.86107;0.86119;0.86113;0;T;True;2
1621227780000;11497251;0.86105;0.86117;0.86111;3;T;True;2
1621227781000;11497252;0.86105;0.86117;0.86111;0;T;True;2
1621227782000;11497254;0.86106;0.86118;0.86112;1;T;True;2
1621227783000;11497256;0.86105;0.86117;0.86111;1;T;True;2
1621227784000;11497258;0.86106;0.86118;0.86112;1;T;True;2
1621227785000;11497259;0.86106;0.86118;0.86112;0;T;True;2
1621227786000;11497260;0.86106;0.86118;0.86112;0;T;True;2
1621227787000;11497261;0.86106;0.86118;0.86112;0;T;True;2
1621227788000;11497262;0.86106;0.86118;0.86112;0;T;True;2
1621227789000;11497265;0.86107;0.86119;0.86113;2;T;True;2
1621227790000;11497266;0.86107;0.86119;0.86113;0;T;True;2
1621227791000;11497267;0.86107;0.86119;0.86113;0;T;True;2
1621227792000;11497268;0.86107;0.86119;0.86113;0;T;True;2
1621227793000;11497269;0.86107;0.86119;0.86113;0;T;True;2
1621227794000;11497270;0.86107;0.86119;0.86113;0;T;True;2
1621227795000;11497271;0.86107;0.86119;0.86113;0;T;True;2
1621227796000;11497272;0.86107;0.86119;0.86113;0;T;True;2
1621227797000;11497273;0.86107;0.86119;0.86113;0;T;True;2
1621227798000;11497274;0.86107;0.86119;0.86113;0;T;True;2
1621227799000;11497275;0.86107;0.86119;0.86113;0;T;True;2
1621227800000;11497276;0.86107;0.86119;0.86113;0;T;True;2
1621227801000;11497277;0.86107;0.86119;0.86113;0;T;True;2
1621227802000;11497278;0.86107;0.86119;0.86113;0;T;True;2
1621227803000;11497279;0.86107;0.86119;0.86113;0;T;True;2
1621227804000;11497280;0.86107;0.86119;0.86113;0;T;True;2
1621227805000;11497281;0.86107;0.86119;0.86113;0;T;True;2
1621227806000;11497282;0.86107;0.86119;0.86113;0;T;True;2
1621227807000;11497283;0.86107;0.86119;0.86113;0;T;True;2
1621227808000;11497284;0.86107;0.86119;0.86113;0;T;True;2
1621227809000;11497285;0.86107;0.86119;0.86113;0;T;True;2
1621227810000;11497286;0.86107;0.86119;0.86113;0;T;True;2
1621227811000;11497287;0.86107;0.86119;0.86113;0;T;True;2
1621227812000;11497288;0.86107;0.86119;0.86113;0;T;True;2
1621227813000;11497290;0.86108;0.8612;0.86114;1;T;True;2
1621227814000;11497291;0.86108;0.8612;0.86114;0;T;True;2
1621227815000;11497292;0.86108;0.8612;0.86114;0;T;True;2
1621227816000;11497293;0.86108;0.8612;0.86114;0;T;True;2
1621227817000;11497294;0.86108;0.8612;0.86114;0;T;True;2
1621227818000;11497295;0.86108;0.8612;0.86114;0;T;True;2
1621227819000;11497296;0.86108;0.8612;0.86114;0;T;True;2
1621227820000;11497297;0.86108;0.8612;0.86114;0;T;True;2
1621227821000;11497298;0.86108;0.8612;0.86114;0;T;True;2
1621227822000;11497299;0.86108;0.8612;0.86114;0;T;True;2
1621227823000;11497300;0.86108;0.8612;0.86114;0;T;True;2
1621227824000;11497301;0.86108;0.8612;0.86114;0;T;True;2
1621227825000;11497302;0.86108;0.8612;0.86114;0;T;True;2
1621227826000;11497303;0.86108;0.8612;0.86114;0;T;True;2
1621227827000;11497304;0.86108;0.8612;0.86114;0;T;True;2
1621227828000;11497305;0.86108;0.8612;0.86114;0;T;True;2
1621227829000;11497306;0.86108;0.8612;0.86114;0;T;True;2
1621227830000;11497307;0.86108;0.8612;0.86114;0;T;True;2
1621227831000;11497308;0.86108;0.8612;0.86114;0;T;True;2
1621227832000;11497309;0.86108;0.8612;0.86114;0;T;True;2
1621227833000;11497310;0.86108;0.8612;0.86114;0;T;True;2
1621227834000;11497311;0.86108;0.8612;0.86114;0;T;True;2
1621227835000;11497312;0.86108;0.8612;0.86114;0;T;True;2
1621227836000;11497313;0.86108;0.8612;0.86114;0;T;True;2
1621227837000;11497314;0.86108;0.8612;0.86114;0;T;True;2
1621227838000;11497315;0.86108;0.8612;0.86114;0;T;True;2
1621227839000;11497316;0.86108;0.8612;0.86114;0;T;True;2
1621227840000;11497317;0.86108;0.8612;0.86114;0;T;True;2
1621227841000;11497318;0.86108;0.8612;0.86114;0;T;True;2
1621227842000;11497319;0.86108;0.8612;0.86114;0;T;True;2
1621227843000;11497320;0.86108;0.8612;0.86114;0;T;True;2
1621227844000;11497321;0.86108;0.8612;0.86114;0;T;True;2
1621227845000;11497323;0.86107;0.86119;0.86113;1;T;True;2
1621227846000;11497324;0.86107;0.86119;0.86113;0;T;True;2
1621227847000;11497325;0.86107;0.86119;0.86113;0;T;True;2
1621227848000;11497326;0.86107;0.86119;0.86113;0;T;True;2
1621227849000;11497327;0.86107;0.86119;0.86113;0;T;True;2
1621227850000;11497328;0.86107;0.86119;0.86113;0;T;True;2
1621227851000;11497329;0.86107;0.86119;0.86113;0;T;True;2
1621227852000;11497330;0.86107;0.86119;0.86113;0;T;True;2
1621227853000;11497331;0.86107;0.86119;0.86113;0;T;True;2
1621227854000;11497332;0.86107;0.86119;0.86113;0;T;True;2
1621227855000;11497333;0.86107;0.86119;0.86113;0;T;True;2
1621227856000;11497334;0.86107;0.86119;0.86113;0;T;True;2
1621227857000;11497335;0.86107;0.86119;0.86113;0;T;True;2
1621227858000;11497336;0.86107;0.86119;0.86113;0;T;True;2
1621227859000;11497337;0.86107;0.86119;0.86113;0;T;True;2
1621227860000;11497338;0.86107;0.86119;0.86113;0;T;True;2
1621227861000;11497339;0.86107;0.86119;0.86113;0;T;True;2
1621227862000;11497340;0.86107;0.86119;0.86113;0;T;True;2
1621227863000;11497341;0.86107;0.86119;0.86113;0;T;True;2
1621227864000;11497342;0.86107;0.86119;0.86113;0;T;True;2
1621227865000;11497345;0.86106;0.86118;0.86112;2;T;True;2
1621227866000;11497346;0.86106;0.86118;0.86112;0;T;True;2
1621227867000;11497348;0.86105;0.86117;0.86111;1;T;True;2
1621227868000;11497349;0.86105;0.86117;0.86111;0;T;True;2
1621227869000;11497352;0.86107;0.86119;0.86113;2;T;True;2
1621227870000;11497353;0.86107;0.86119;0.86113;0;T;True;2
1621227871000;11497360;0.86107;0.86119;0.86113;6;T;True;2
1621227872000;11497361;0.86107;0.86119;0.86113;0;T;True;2
1621227873000;11497362;0.86107;0.86119;0.86113;0;T;True;2
1621227874000;11497363;0.86107;0.86119;0.86113;0;T;True;2
1621227875000;11497364;0.86107;0.86119;0.86113;0;T;True;2
1621227876000;11497365;0.86107;0.86119;0.86113;0;T;True;2
1621227877000;11497366;0.86107;0.86119;0.86113;0;T;True;2
1621227878000;11497367;0.86107;0.86119;0.86113;0;T;True;2
1621227879000;11497368;0.86107;0.86119;0.86113;0;T;True;2
1621227880000;11497369;0.86107;0.86119;0.86113;0;T;True;2
1621227881000;11497370;0.86107;0.86119;0.86113;0;T;True;2
1621227882000;11497371;0.86107;0.86119;0.86113;0;T;True;2
1621227883000;11497372;0.86107;0.86119;0.86113;0;T;True;2
1621227884000;11497373;0.86107;0.86119;0.86113;0;T;True;2
1621227885000;11497374;0.86107;0.86119;0.86113;0;T;True;2
1621227886000;11497376;0.86107;0.86119;0.86113;1;T;True;2
1621227887000;11497377;0.86107;0.86119;0.86113;0;T;True;2
1621227888000;11497379;0.86107;0.86119;0.86113;1;T;True;2
1621227889000;11497380;0.86107;0.86119;0.86113;0;T;True;2
1621227890000;11497381;0.86107;0.86119;0.86113;0;T;True;2
1621227891000;11497382;0.86107;0.86119;0.86113;0;T;True;2
1621227892000;11497383;0.86107;0.86119;0.86113;0;T;True;2
1621227893000;11497384;0.86107;0.86119;0.86113;0;T;True;2
1621227894000;11497385;0.86107;0.86119;0.86113;0;T;True;2
1621227895000;11497386;0.86107;0.86119;0.86113;0;T;True;2
1621227896000;11497387;0.86107;0.86119;0.86113;0;T;True;2
1621227897000;11497388;0.86107;0.86119;0.86113;0;T;True;2
1621227898000;11497389;0.86107;0.86119;0.86113;0;T;True;2
1621227899000;11497390;0.86107;0.86119;0.86113;0;T;True;2
1621227900000;11497391;0.86107;0.86119;0.86113;0;T;True;2
1621227901000;11497392;0.86107;0.86119;0.86113;0;T;True;2
1621227902000;11497393;0.86107;0.86119;0.86113;0;T;True;2
1621227903000;11497394;0.86107;0.86119;0.86113;0;T;True;2
1621227904000;11497395;0.86107;0.86119;0.86113;0;T;True;2
1621227905000;11497396;0.86107;0.86119;0.86113;0;T;True;2
1621227906000;11497397;0.86107;0.86119;0.86113;0;T;True;2
1621227907000;11497398;0.86107;0.86119;0.86113;0;T;True;2
1621227908000;11497399;0.86107;0.86119;0.86113;0;T;True;2
1621227909000;11497400;0.86107;0.86119;0.86113;0;T;True;2
1621227910000;11497401;0.86107;0.86119;0.86113;0;T;True;2
1621227911000;11497402;0.86107;0.86119;0.86113;0;T;True;2
1621227912000;11497403;0.86107;0.86119;0.86113;0;T;True;2
1621227913000;11497404;0.86107;0.86119;0.86113;0;T;True;2
1621227914000;11497405;0.86107;0.86119;0.86113;0;T;True;2
1621227915000;11497406;0.86107;0.86119;0.86113;0;T;True;2
1621227916000;11497407;0.86107;0.86119;0.86113;0;T;True;2
1621227917000;11497408;0.86107;0.86119;0.86113;0;T;True;2
1621227918000;11497411;0.86108;0.8612;0.86114;2;T;True;2
1621227919000;11497412;0.86108;0.8612;0.86114;0;T;True;2
1621227920000;11497413;0.86108;0.8612;0.86114;0;T;True;2
1621227921000;11497414;0.86108;0.8612;0.86114;0;T;True;2
1621227922000;11497416;0.86109;0.86121;0.86115;1;T;True;2
1621227923000;11497417;0.86109;0.86121;0.86115;0;T;True;2
1621227924000;11497418;0.86109;0.86121;0.86115;0;T;True;2
1621227925000;11497419;0.86109;0.86121;0.86115;0;T;True;2
1621227926000;11497420;0.86109;0.86121;0.86115;0;T;True;2
1621227927000;11497421;0.86109;0.86121;0.86115;0;T;True;2
1621227928000;11497422;0.86109;0.86121;0.86115;0;T;True;2
1621227929000;11497423;0.86109;0.86121;0.86115;0;T;True;2
1621227930000;11497424;0.86109;0.86121;0.86115;0;T;True;2
1621227931000;11497425;0.86109;0.86121;0.86115;0;T;True;2
1621227932000;11497426;0.86109;0.86121;0.86115;0;T;True;2
1621227933000;11497427;0.86109;0.86121;0.86115;0;T;True;2
1621227934000;11497428;0.86109;0.86121;0.86115;0;T;True;2
1621227935000;11497429;0.86109;0.86121;0.86115;0;T;True;2
1621227936000;11497430;0.86109;0.86121;0.86115;0;T;True;2
1621227937000;11497431;0.86109;0.86121;0.86115;0;T;True;2
1621227938000;11497432;0.86109;0.86121;0.86115;0;T;True;2
1621227939000;11497433;0.86109;0.86121;0.86115;0;T;True;2
1621227940000;11497434;0.86109;0.86121;0.86115;0;T;True;2
1621227941000;11497435;0.86109;0.86121;0.86115;0;T;True;2
1621227942000;11497436;0.86109;0.86121;0.86115;0;T;True;2
1621227943000;11497437;0.86109;0.86121;0.86115;0;T;True;2
1621227944000;11497439;0.8611;0.86122;0.86116;1;T;True;2
1621227945000;11497440;0.8611;0.86122;0.86116;0;T;True;2
1621227946000;11497441;0.8611;0.86122;0.86116;0;T;True;2
1621227947000;11497442;0.8611;0.86122;0.86116;0;T;True;2
1621227948000;11497443;0.8611;0.86122;0.86116;0;T;True;2
1621227949000;11497444;0.8611;0.86122;0.86116;0;T;True;2
1621227950000;11497446;0.8611;0.86122;0.86116;1;T;True;2
1621227951000;11497447;0.8611;0.86122;0.86116;0;T;True;2
1621227952000;11497448;0.8611;0.86122;0.86116;0;T;True;2
1621227953000;11497449;0.8611;0.86122;0.86116;0;T;True;2
1621227954000;11497453;0.86111;0.86123;0.86117;3;T;True;2
1621227955000;11497457;0.86108;0.8612;0.86114;3;T;True;2
1621227956000;11497458;0.86108;0.8612;0.86114;0;T;True;2
1621227957000;11497459;0.86108;0.8612;0.86114;0;T;True;2
1621227958000;11497460;0.86108;0.8612;0.86114;0;T;True;2
1621227959000;11497461;0.86108;0.8612;0.86114;0;T;True;2
1621227960000;11497462;0.86108;0.8612;0.86114;0;T;True;2
1621227961000;11497463;0.86108;0.8612;0.86114;0;T;True;2
1621227962000;11497464;0.86108;0.8612;0.86114;0;T;True;2
1621227963000;11497465;0.86108;0.8612;0.86114;0;T;True;2
1621227964000;11497466;0.86108;0.8612;0.86114;0;T;True;2
1621227965000;11497467;0.86108;0.8612;0.86114;0;T;True;2
1621227966000;11497468;0.86108;0.8612;0.86114;0;T;True;2
1621227967000;11497472;0.86111;0.86123;0.86117;3;T;True;2
1621227968000;11497473;0.86111;0.86123;0.86117;0;T;True;2
1621227969000;11497474;0.86111;0.86123;0.86117;0;T;True;2
1621227970000;11497475;0.86111;0.86123;0.86117;0;T;True;2
1621227971000;11497476;0.86111;0.86123;0.86117;0;T;True;2
1621227972000;11497477;0.86111;0.86123;0.86117;0;T;True;2
1621227973000;11497481;0.8611;0.86122;0.86116;3;T;True;2
1621227974000;11497484;0.8611;0.86122;0.86116;2;T;True;2
1621227975000;11497487;0.8611;0.86122;0.86116;2;T;True;2
1621227976000;11497488;0.8611;0.86122;0.86116;0;T;True;2
1621227977000;11497489;0.8611;0.86122;0.86116;0;T;True;2
1621227978000;11497490;0.8611;0.86122;0.86116;0;T;True;2
1621227979000;11497492;0.86111;0.86123;0.86117;1;T;True;2
1621227980000;11497494;0.8611;0.86122;0.86116;1;T;True;2
1621227981000;11497495;0.8611;0.86122;0.86116;0;T;True;2
1621227982000;11497497;0.86111;0.86123;0.86117;1;T;True;2
1621227983000;11497498;0.86111;0.86123;0.86117;0;T;True;2
1621227984000;11497499;0.86111;0.86123;0.86117;0;T;True;2
1621227985000;11497500;0.86111;0.86123;0.86117;0;T;True;2
1621227986000;11497501;0.86111;0.86123;0.86117;0;T;True;2
1621227987000;11497502;0.86111;0.86123;0.86117;0;T;True;2
1621227988000;11497503;0.86111;0.86123;0.86117;0;T;True;2
1621227989000;11497504;0.86111;0.86123;0.86117;0;T;True;2
1621227990000;11497505;0.86111;0.86123;0.86117;0;T;True;2
1621227991000;11497506;0.86111;0.86123;0.86117;0;T;True;2
1621227992000;11497507;0.86111;0.86123;0.86117;0;T;True;2
1621227993000;11497508;0.86111;0.86123;0.86117;0;T;True;2
1621227994000;11497509;0.86111;0.86123;0.86117;0;T;True;2
1621227995000;11497510;0.86111;0.86123;0.86117;0;T;True;2
1621227996000;11497511;0.86111;0.86123;0.86117;0;T;True;2
1621227997000;11497512;0.86111;0.86123;0.86117;0;T;True;2
1621227998000;11497513;0.86111;0.86123;0.86117;0;T;True;2
1621227999000;11497514;0.86111;0.86123;0.86117;0;T;True;2
1621228000000;11497515;0.86111;0.86123;0.86117;0;T;True;2
1621228001000;11497516;0.86111;0.86123;0.86117;0;T;True;2
1621228002000;11497517;0.86111;0.86123;0.86117;0;T;True;2
1621228003000;11497518;0.86111;0.86123;0.86117;0;T;True;2
1621228004000;11497519;0.86111;0.86123;0.86117;0;T;True;2
1621228005000;11497520;0.86111;0.86123;0.86117;0;T;True;2
1621228006000;11497521;0.86111;0.86123;0.86117;0;T;True;2
1621228007000;11497522;0.86111;0.86123;0.86117;0;T;True;2
1621228008000;11497523;0.86111;0.86123;0.86117;0;T;True;2
1621228009000;11497524;0.86111;0.86123;0.86117;0;T;True;2
1621228010000;11497526;0.86111;0.86123;0.86117;1;T;True;2
1621228011000;11497527;0.86111;0.86123;0.86117;0;T;True;2
1621228012000;11497528;0.86111;0.86123;0.86117;0;T;True;2
1621228013000;11497529;0.86111;0.86123;0.86117;0;T;True;2
1621228014000;11497531;0.86111;0.86123;0.86117;1;T;True;2
1621228015000;11497533;0.86112;0.86124;0.86118;1;T;True;2
1621228016000;11497538;0.86113;0.86125;0.86119;4;T;True;2
1621228017000;11497541;0.86115;0.86127;0.86121;2;T;True;2
1621228018000;11497543;0.86115;0.86127;0.86121;1;T;True;2
1621228019000;11497544;0.86115;0.86127;0.86121;0;T;True;2
1621228020000;11497546;0.86115;0.86127;0.86121;1;T;True;2
1621228021000;11497547;0.86115;0.86127;0.86121;0;T;True;2
1621228022000;11497556;0.86115;0.86127;0.86121;8;T;True;2
1621228023000;11497558;0.86115;0.86127;0.86121;1;T;True;2
1621228024000;11497559;0.86115;0.86127;0.86121;0;T;True;2
1621228025000;11497560;0.86115;0.86127;0.86121;0;T;True;2
1621228026000;11497562;0.86115;0.86127;0.86121;1;T;True;2
1621228027000;11497569;0.86115;0.86127;0.86121;6;T;True;2
1621228028000;11497571;0.86116;0.86128;0.86122;1;T;True;2
1621228029000;11497574;0.86115;0.86127;0.86121;2;T;True;2
1621228030000;11497575;0.86115;0.86127;0.86121;0;T;True;2
1621228031000;11497576;0.86115;0.86127;0.86121;0;T;True;2
1621228032000;11497578;0.86115;0.86127;0.86121;1;T;True;2
1621228033000;11497580;0.86116;0.86128;0.86122;1;T;True;2
1621228034000;11497581;0.86116;0.86128;0.86122;0;T;True;2
1621228035000;11497582;0.86116;0.86128;0.86122;0;T;True;2
1621228036000;11497583;0.86116;0.86128;0.86122;0;T;True;2
1621228037000;11497584;0.86116;0.86128;0.86122;0;T;True;2
1621228038000;11497586;0.86116;0.86128;0.86122;1;T;True;2
1621228039000;11497587;0.86116;0.86128;0.86122;0;T;True;2
1621228040000;11497588;0.86116;0.86128;0.86122;0;T;True;2
1621228041000;11497589;0.86116;0.86128;0.86122;0;T;True;2
1621228042000;11497590;0.86116;0.86128;0.86122;0;T;True;2
1621228043000;11497591;0.86116;0.86128;0.86122;0;T;True;2
1621228044000;11497592;0.86116;0.86128;0.86122;0;T;True;2
1621228045000;11497593;0.86116;0.86128;0.86122;0;T;True;2
1621228046000;11497594;0.86116;0.86128;0.86122;0;T;True;2
1621228047000;11497595;0.86116;0.86128;0.86122;0;T;True;2
1621228048000;11497600;0.86116;0.86128;0.86122;4;T;True;2
1621228049000;11497601;0.86116;0.86128;0.86122;0;T;True;2
1621228050000;11497602;0.86116;0.86128;0.86122;0;T;True;2
1621228051000;11497603;0.86116;0.86128;0.86122;0;T;True;2
1621228052000;11497604;0.86116;0.86128;0.86122;0;T;True;2
1621228053000;11497605;0.86116;0.86128;0.86122;0;T;True;2
1621228054000;11497606;0.86116;0.86128;0.86122;0;T;True;2
1621228055000;11497607;0.86116;0.86128;0.86122;0;T;True;2
1621228056000;11497608;0.86116;0.86128;0.86122;0;T;True;2
1621228057000;11497609;0.86116;0.86128;0.86122;0;T;True;2
1621228058000;11497610;0.86116;0.86128;0.86122;0;T;True;2
1621228059000;11497611;0.86116;0.86128;0.86122;0;T;True;2
1621228060000;11497612;0.86116;0.86128;0.86122;0;T;True;2
1621228061000;11497613;0.86116;0.86128;0.86122;0;T;True;2
1621228062000;11497615;0.86115;0.86127;0.86121;1;T;True;2
1621228063000;11497616;0.86115;0.86127;0.86121;0;T;True;2
1621228064000;11497617;0.86115;0.86127;0.86121;0;T;True;2
1621228065000;11497618;0.86115;0.86127;0.86121;0;T;True;2
1621228066000;11497621;0.86115;0.86127;0.86121;2;T;True;2
1621228067000;11497622;0.86115;0.86127;0.86121;0;T;True;2
1621228068000;11497623;0.86115;0.86127;0.86121;0;T;True;2
1621228069000;11497624;0.86115;0.86127;0.86121;0;T;True;2
1621228070000;11497625;0.86115;0.86127;0.86121;0;T;True;2
1621228071000;11497626;0.86115;0.86127;0.86121;0;T;True;2
1621228072000;11497627;0.86115;0.86127;0.86121;0;T;True;2
1621228073000;11497628;0.86115;0.86127;0.86121;0;T;True;2
1621228074000;11497629;0.86115;0.86127;0.86121;0;T;True;2
1621228075000;11497631;0.86114;0.86126;0.8612;1;T;True;2
1621228076000;11497632;0.86114;0.86126;0.8612;0;T;True;2
1621228077000;11497633;0.86114;0.86126;0.8612;0;T;True;2
1621228078000;11497634;0.86114;0.86126;0.8612;0;T;True;2
1621228079000;11497635;0.86114;0.86126;0.8612;0;T;True;2
1621228080000;11497636;0.86114;0.86126;0.8612;0;T;True;2
1621228081000;11497637;0.86114;0.86126;0.8612;0;T;True;2
1621228082000;11497640;0.86116;0.86128;0.86122;2;T;True;2
1621228083000;11497641;0.86116;0.86128;0.86122;0;T;True;2
1621228084000;11497642;0.86116;0.86128;0.86122;0;T;True;2
1621228085000;11497647;0.86115;0.86127;0.86121;4;T;True;2
1621228086000;11497648;0.86115;0.86127;0.86121;0;T;True;2
1621228087000;11497650;0.86115;0.86127;0.86121;1;T;True;2
1621228088000;11497651;0.86115;0.86127;0.86121;0;T;True;2
1621228089000;11497652;0.86115;0.86127;0.86121;0;T;True;2
1621228090000;11497653;0.86115;0.86127;0.86121;0;T;True;2
1621228091000;11497654;0.86115;0.86127;0.86121;0;T;True;2
1621228092000;11497655;0.86115;0.86127;0.86121;0;T;True;2
1621228093000;11497656;0.86115;0.86127;0.86121;0;T;True;2
1621228094000;11497657;0.86115;0.86127;0.86121;0;T;True;2
1621228095000;11497658;0.86115;0.86127;0.86121;0;T;True;2
1621228096000;11497659;0.86115;0.86127;0.86121;0;T;True;2
1621228097000;11497661;0.86115;0.86127;0.86121;1;T;True;2
1621228098000;11497663;0.86115;0.86127;0.86121;1;T;True;2
1621228099000;11497665;0.86114;0.86126;0.8612;1;T;True;2
1621228100000;11497668;0.86114;0.86126;0.8612;2;T;True;2
1621228101000;11497669;0.86114;0.86126;0.8612;0;T;True;2
1621228102000;11497671;0.86113;0.86125;0.86119;1;T;True;2
1621228103000;11497672;0.86113;0.86125;0.86119;0;T;True;2
1621228104000;11497673;0.86113;0.86125;0.86119;0;T;True;2
1621228105000;11497674;0.86113;0.86125;0.86119;0;T;True;2
1621228106000;11497675;0.86113;0.86125;0.86119;0;T;True;2
1621228107000;11497676;0.86113;0.86125;0.86119;0;T;True;2
1621228108000;11497677;0.86113;0.86125;0.86119;0;T;True;2
1621228109000;11497678;0.86113;0.86125;0.86119;0;T;True;2
1621228110000;11497679;0.86113;0.86125;0.86119;0;T;True;2
1621228111000;11497680;0.86113;0.86125;0.86119;0;T;True;2
1621228112000;11497681;0.86113;0.86125;0.86119;0;T;True;2
1621228113000;11497682;0.86113;0.86125;0.86119;0;T;True;2
1621228114000;11497683;0.86113;0.86125;0.86119;0;T;True;2
1621228115000;11497684;0.86113;0.86125;0.86119;0;T;True;2
1621228116000;11497685;0.86113;0.86125;0.86119;0;T;True;2
1621228117000;11497686;0.86113;0.86125;0.86119;0;T;True;2
1621228118000;11497687;0.86113;0.86125;0.86119;0;T;True;2
1621228119000;11497688;0.86113;0.86125;0.86119;0;T;True;2
1621228120000;11497689;0.86113;0.86125;0.86119;0;T;True;2
1621228121000;11497693;0.8611;0.86122;0.86116;3;T;True;2
1621228122000;11497694;0.8611;0.86122;0.86116;0;T;True;2
1621228123000;11497695;0.8611;0.86122;0.86116;0;T;True;2
1621228124000;11497696;0.8611;0.86122;0.86116;0;T;True;2
1621228125000;11497698;0.86109;0.86121;0.86115;1;T;True;2
1621228126000;11497699;0.86109;0.86121;0.86115;0;T;True;2
1621228127000;11497701;0.86109;0.86121;0.86115;1;T;True;2
1621228128000;11497702;0.86109;0.86121;0.86115;0;T;True;2
1621228129000;11497703;0.86109;0.86121;0.86115;0;T;True;2
1621228130000;11497704;0.86109;0.86121;0.86115;0;T;True;2
1621228131000;11497705;0.86109;0.86121;0.86115;0;T;True;2
1621228132000;11497706;0.86109;0.86121;0.86115;0;T;True;2
1621228133000;11497707;0.86109;0.86121;0.86115;0;T;True;2
1621228134000;11497708;0.86109;0.86121;0.86115;0;T;True;2
1621228135000;11497709;0.86109;0.86121;0.86115;0;T;True;2
1621228136000;11497710;0.86109;0.86121;0.86115;0;T;True;2
1621228137000;11497711;0.86109;0.86121;0.86115;0;T;True;2
1621228138000;11497712;0.86109;0.86121;0.86115;0;T;True;2
1621228139000;11497714;0.86108;0.8612;0.86114;1;T;True;2
1621228140000;11497716;0.86107;0.86119;0.86113;1;T;True;2
1621228141000;11497717;0.86107;0.86119;0.86113;0;T;True;2
1621228142000;11497718;0.86107;0.86119;0.86113;0;T;True;2
1621228143000;11497719;0.86107;0.86119;0.86113;0;T;True;2
1621228144000;11497720;0.86107;0.86119;0.86113;0;T;True;2
1621228145000;11497721;0.86107;0.86119;0.86113;0;T;True;2
1621228146000;11497722;0.86107;0.86119;0.86113;0;T;True;2
1621228147000;11497723;0.86107;0.86119;0.86113;0;T;True;2
1621228148000;11497724;0.86107;0.86119;0.86113;0;T;True;2
1621228149000;11497725;0.86107;0.86119;0.86113;0;T;True;2
1621228150000;11497726;0.86107;0.86119;0.86113;0;T;True;2
1621228151000;11497727;0.86107;0.86119;0.86113;0;T;True;2
1621228152000;11497729;0.86106;0.86118;0.86112;1;T;True;2
1621228153000;11497730;0.86106;0.86118;0.86112;0;T;True;2
1621228154000;11497731;0.86106;0.86118;0.86112;0;T;True;2
1621228155000;11497732;0.86106;0.86118;0.86112;0;T;True;2
1621228156000;11497733;0.86106;0.86118;0.86112;0;T;True;2
1621228157000;11497734;0.86106;0.86118;0.86112;0;T;True;2
1621228158000;11497735;0.86106;0.86118;0.86112;0;T;True;2
1621228159000;11497736;0.86106;0.86118;0.86112;0;T;True;2
1621228160000;11497737;0.86106;0.86118;0.86112;0;T;True;2
1621228161000;11497739;0.86106;0.86118;0.86112;1;T;True;2
1621228162000;11497741;0.86107;0.86119;0.86113;1;T;True;2
1621228163000;11497742;0.86107;0.86119;0.86113;0;T;True;2
1621228164000;11497743;0.86107;0.86119;0.86113;0;T;True;2
1621228165000;11497744;0.86107;0.86119;0.86113;0;T;True;2
1621228166000;11497745;0.86107;0.86119;0.86113;0;T;True;2
1621228167000;11497746;0.86107;0.86119;0.86113;0;T;True;2
1621228168000;11497747;0.86107;0.86119;0.86113;0;T;True;2
1621228169000;11497748;0.86107;0.86119;0.86113;0;T;True;2
1621228170000;11497749;0.86107;0.86119;0.86113;0;T;True;2
1621228171000;11497750;0.86107;0.86119;0.86113;0;T;True;2
1621228172000;11497751;0.86107;0.86119;0.86113;0;T;True;2
1621228173000;11497752;0.86107;0.86119;0.86113;0;T;True;2
1621228174000;11497753;0.86107;0.86119;0.86113;0;T;True;2
1621228175000;11497755;0.86108;0.8612;0.86114;1;T;True;2
1621228176000;11497756;0.86108;0.8612;0.86114;0;T;True;2
1621228177000;11497758;0.86107;0.86119;0.86113;1;T;True;2
1621228178000;11497759;0.86107;0.86119;0.86113;0;T;True;2
1621228179000;11497761;0.86108;0.8612;0.86114;1;T;True;2
1621228180000;11497763;0.86109;0.86121;0.86115;1;T;True;2
1621228181000;11497764;0.86109;0.86121;0.86115;0;T;True;2
1621228182000;11497766;0.86108;0.8612;0.86114;1;T;True;2
1621228183000;11497767;0.86108;0.8612;0.86114;0;T;True;2
1621228184000;11497768;0.86108;0.8612;0.86114;0;T;True;2
1621228185000;11497770;0.86109;0.86121;0.86115;1;T;True;2
1621228186000;11497771;0.86109;0.86121;0.86115;0;T;True;2
1621228187000;11497774;0.86109;0.86121;0.86115;2;T;True;2
1621228188000;11497775;0.86109;0.86121;0.86115;0;T;True;2
1621228189000;11497776;0.86109;0.86121;0.86115;0;T;True;2
1621228190000;11497779;0.86109;0.86121;0.86115;2;T;True;2
1621228191000;11497782;0.86109;0.86121;0.86115;2;T;True;2
1621228192000;11497787;0.86111;0.86123;0.86117;4;T;True;2
1621228193000;11497790;0.86111;0.86123;0.86117;2;T;True;2
1621228194000;11497791;0.86111;0.86123;0.86117;0;T;True;2
1621228195000;11497792;0.86111;0.86123;0.86117;0;T;True;2
1621228196000;11497793;0.86111;0.86123;0.86117;0;T;True;2
1621228197000;11497794;0.86111;0.86123;0.86117;0;T;True;2
1621228198000;11497795;0.86111;0.86123;0.86117;0;T;True;2
1621228199000;11497796;0.86111;0.86123;0.86117;0;T;True;2
1621228200000;11497797;0.86111;0.86123;0.86117;0;T;True;2
1621228201000;11497798;0.86111;0.86123;0.86117;0;T;True;2
1621228202000;11497799;0.86111;0.86123;0.86117;0;T;True;2
1621228203000;11497800;0.86111;0.86123;0.86117;0;T;True;2
1621228204000;11497801;0.86111;0.86123;0.86117;0;T;True;2
1621228205000;11497802;0.86111;0.86123;0.86117;0;T;True;2
1621228206000;11497803;0.86111;0.86123;0.86117;0;T;True;2
1621228207000;11497804;0.86111;0.86123;0.86117;0;T;True;2
1621228208000;11497805;0.86111;0.86123;0.86117;0;T;True;2
1621228209000;11497806;0.86111;0.86123;0.86117;0;T;True;2
1621228210000;11497807;0.86111;0.86123;0.86117;0;T;True;2
1621228211000;11497808;0.86111;0.86123;0.86117;0;T;True;2
1621228212000;11497809;0.86111;0.86123;0.86117;0;T;True;2
1621228213000;11497810;0.86111;0.86123;0.86117;0;T;True;2
1621228214000;11497811;0.86111;0.86123;0.86117;0;T;True;2
1621228215000;11497812;0.86111;0.86123;0.86117;0;T;True;2
1621228216000;11497813;0.86111;0.86123;0.86117;0;T;True;2
1621228217000;11497814;0.86111;0.86123;0.86117;0;T;True;2
1621228218000;11497815;0.86111;0.86123;0.86117;0;T;True;2
1621228219000;11497816;0.86111;0.86123;0.86117;0;T;True;2
1621228220000;11497822;0.86111;0.86123;0.86117;5;T;True;2
1621228221000;11497823;0.86111;0.86123;0.86117;0;T;True;2
1621228222000;11497824;0.86111;0.86123;0.86117;0;T;True;2
1621228223000;11497825;0.86111;0.86123;0.86117;0;T;True;2
1621228224000;11497827;0.86111;0.86123;0.86117;1;T;True;2
1621228225000;11497831;0.8611;0.86122;0.86116;3;T;True;2
1621228226000;11497837;0.86111;0.86123;0.86117;5;T;True;2
1621228227000;11497839;0.86111;0.86123;0.86117;1;T;True;2
1621228228000;11497843;0.8611;0.86122;0.86116;3;T;True;2
1621228229000;11497845;0.8611;0.86122;0.86116;1;T;True;2
1621228230000;11497846;0.8611;0.86122;0.86116;0;T;True;2
1621228231000;11497848;0.86109;0.86121;0.86115;1;T;True;2
1621228232000;11497854;0.86111;0.86123;0.86117;5;T;True;2
1621228233000;11497855;0.86111;0.86123;0.86117;0;T;True;2
1621228234000;11497856;0.86111;0.86123;0.86117;0;T;True;2
1621228235000;11497857;0.86111;0.86123;0.86117;0;T;True;2
1621228236000;11497858;0.86111;0.86123;0.86117;0;T;True;2
1621228237000;11497859;0.86111;0.86123;0.86117;0;T;True;2
1621228238000;11497860;0.86111;0.86123;0.86117;0;T;True;2
1621228239000;11497861;0.86111;0.86123;0.86117;0;T;True;2
1621228240000;11497862;0.86111;0.86123;0.86117;0;T;True;2
1621228241000;11497863;0.86111;0.86123;0.86117;0;T;True;2
1621228242000;11497864;0.86111;0.86123;0.86117;0;T;True;2
1621228243000;11497866;0.86111;0.86123;0.86117;1;T;True;2
1621228244000;11497867;0.86111;0.86123;0.86117;0;T;True;2
1621228245000;11497868;0.86111;0.86123;0.86117;0;T;True;2
1621228246000;11497869;0.86111;0.86123;0.86117;0;T;True;2
1621228247000;11497870;0.86111;0.86123;0.86117;0;T;True;2
1621228248000;11497873;0.86111;0.86123;0.86117;2;T;True;2
1621228249000;11497874;0.86111;0.86123;0.86117;0;T;True;2
1621228250000;11497876;0.86111;0.86123;0.86117;1;T;True;2
1621228251000;11497878;0.86111;0.86123;0.86117;1;T;True;2
1621228252000;11497883;0.86111;0.86123;0.86117;4;T;True;2
1621228253000;11497884;0.86111;0.86123;0.86117;0;T;True;2
1621228254000;11497885;0.86111;0.86123;0.86117;0;T;True;2
1621228255000;11497886;0.86111;0.86123;0.86117;0;T;True;2
1621228256000;11497887;0.86111;0.86123;0.86117;0;T;True;2
1621228257000;11497888;0.86111;0.86123;0.86117;0;T;True;2
1621228258000;11497891;0.86111;0.86123;0.86117;2;T;True;2
1621228259000;11497892;0.86111;0.86123;0.86117;0;T;True;2
1621228260000;11497893;0.86111;0.86123;0.86117;0;T;True;2
1621228261000;11497895;0.86111;0.86123;0.86117;1;T;True;2
1621228262000;11497897;0.86111;0.86123;0.86117;1;T;True;2
1621228263000;11497898;0.86111;0.86123;0.86117;0;T;True;2
1621228264000;11497899;0.86111;0.86123;0.86117;0;T;True;2
1621228265000;11497901;0.86111;0.86123;0.86117;1;T;True;2
1621228266000;11497902;0.86111;0.86123;0.86117;0;T;True;2
1621228267000;11497903;0.86111;0.86123;0.86117;0;T;True;2
1621228268000;11497904;0.86111;0.86123;0.86117;0;T;True;2
1621228269000;11497905;0.86111;0.86123;0.86117;0;T;True;2
1621228270000;11497906;0.86111;0.86123;0.86117;0;T;True;2
1621228271000;11497907;0.86111;0.86123;0.86117;0;T;True;2
1621228272000;11497908;0.86111;0.86123;0.86117;0;T;True;2
1621228273000;11497912;0.86109;0.86121;0.86115;3;T;True;2
1621228274000;11497913;0.86109;0.86121;0.86115;0;T;True;2
1621228275000;11497914;0.86109;0.86121;0.86115;0;T;True;2
1621228276000;11497915;0.86109;0.86121;0.86115;0;T;True;2
1621228277000;11497919;0.86107;0.86119;0.86113;3;T;True;2
1621228278000;11497920;0.86107;0.86119;0.86113;0;T;True;2
1621228279000;11497921;0.86107;0.86119;0.86113;0;T;True;2
1621228280000;11497922;0.86107;0.86119;0.86113;0;T;True;2
1621228281000;11497923;0.86107;0.86119;0.86113;0;T;True;2
1621228282000;11497925;0.86107;0.86119;0.86113;1;T;True;2
1621228283000;11497927;0.86107;0.86119;0.86113;1;T;True;2
1621228284000;11497928;0.86107;0.86119;0.86113;0;T;True;2
1621228285000;11497929;0.86107;0.86119;0.86113;0;T;True;2
1621228286000;11497930;0.86107;0.86119;0.86113;0;T;True;2
1621228287000;11497932;0.86106;0.86118;0.86112;1;T;True;2
1621228288000;11497933;0.86106;0.86118;0.86112;0;T;True;2
1621228289000;11497936;0.86105;0.86117;0.86111;2;T;True;2
1621228290000;11497938;0.86105;0.86117;0.86111;1;T;True;2
1621228291000;11497940;0.86105;0.86117;0.86111;1;T;True;2
1621228292000;11497941;0.86105;0.86117;0.86111;0;T;True;2
1621228293000;11497942;0.86105;0.86117;0.86111;0;T;True;2
1621228294000;11497943;0.86105;0.86117;0.86111;0;T;True;2
1621228295000;11497944;0.86105;0.86117;0.86111;0;T;True;2
1621228296000;11497945;0.86105;0.86117;0.86111;0;T;True;2
1621228297000;11497947;0.86105;0.86117;0.86111;1;T;True;2
1621228298000;11497948;0.86105;0.86117;0.86111;0;T;True;2
1621228299000;11497949;0.86105;0.86117;0.86111;0;T;True;2
1621228300000;11497950;0.86105;0.86117;0.86111;0;T;True;2
1621228301000;11497951;0.86105;0.86117;0.86111;0;T;True;2
1621228302000;11497952;0.86105;0.86117;0.86111;0;T;True;2
1621228303000;11497953;0.86105;0.86117;0.86111;0;T;True;2
1621228304000;11497954;0.86105;0.86117;0.86111;0;T;True;2
1621228305000;11497955;0.86105;0.86117;0.86111;0;T;True;2
1621228306000;11497956;0.86105;0.86117;0.86111;0;T;True;2
1621228307000;11497957;0.86105;0.86117;0.86111;0;T;True;2
1621228308000;11497958;0.86105;0.86117;0.86111;0;T;True;2
1621228309000;11497959;0.86105;0.86117;0.86111;0;T;True;2
1621228310000;11497961;0.86105;0.86117;0.86111;1;T;True;2
1621228311000;11497962;0.86105;0.86117;0.86111;0;T;True;2
1621228312000;11497963;0.86105;0.86117;0.86111;0;T;True;2
1621228313000;11497965;0.86105;0.86117;0.86111;1;T;True;2
1621228314000;11497966;0.86105;0.86117;0.86111;0;T;True;2
1621228315000;11497967;0.86105;0.86117;0.86111;0;T;True;2
1621228316000;11497974;0.86108;0.8612;0.86114;6;T;True;2
1621228317000;11497975;0.86108;0.8612;0.86114;0;T;True;2
1621228318000;11497978;0.8611;0.86122;0.86116;2;T;True;2
1621228319000;11497979;0.8611;0.86122;0.86116;0;T;True;2
1621228320000;11497981;0.86109;0.86121;0.86115;1;T;True;2
1621228321000;11497985;0.8611;0.86122;0.86116;3;T;True;2
1621228322000;11497986;0.8611;0.86122;0.86116;0;T;True;2
1621228323000;11497987;0.8611;0.86122;0.86116;0;T;True;2
1621228324000;11497988;0.8611;0.86122;0.86116;0;T;True;2
1621228325000;11497989;0.8611;0.86122;0.86116;0;T;True;2
1621228326000;11497990;0.8611;0.86122;0.86116;0;T;True;2
1621228327000;11497993;0.8611;0.86122;0.86116;2;T;True;2
1621228328000;11497994;0.8611;0.86122;0.86116;0;T;True;2
1621228329000;11497995;0.8611;0.86122;0.86116;0;T;True;2
1621228330000;11497997;0.86111;0.86123;0.86117;1;T;True;2
1621228331000;11497998;0.86111;0.86123;0.86117;0;T;True;2
1621228332000;11498001;0.86111;0.86123;0.86117;2;T;True;2
1621228333000;11498002;0.86111;0.86123;0.86117;0;T;True;2
1621228334000;11498003;0.86111;0.86123;0.86117;0;T;True;2
1621228335000;11498004;0.86111;0.86123;0.86117;0;T;True;2
1621228336000;11498005;0.86111;0.86123;0.86117;0;T;True;2
1621228337000;11498012;0.86109;0.86121;0.86115;6;T;True;2
1621228338000;11498015;0.86109;0.86121;0.86115;2;T;True;2
1621228339000;11498019;0.86107;0.86119;0.86113;3;T;True;2
1621228340000;11498023;0.86105;0.86117;0.86111;3;T;True;2
1621228341000;11498024;0.86105;0.86117;0.86111;0;T;True;2
1621228342000;11498028;0.86107;0.86119;0.86113;3;T;True;2
1621228343000;11498029;0.86107;0.86119;0.86113;0;T;True;2
1621228344000;11498031;0.86106;0.86118;0.86112;1;T;True;2
1621228345000;11498032;0.86106;0.86118;0.86112;0;T;True;2
1621228346000;11498033;0.86106;0.86118;0.86112;0;T;True;2
1621228347000;11498034;0.86106;0.86118;0.86112;0;T;True;2
1621228348000;11498035;0.86106;0.86118;0.86112;0;T;True;2
1621228349000;11498036;0.86106;0.86118;0.86112;0;T;True;2
1621228350000;11498037;0.86106;0.86118;0.86112;0;T;True;2
1621228351000;11498038;0.86106;0.86118;0.86112;0;T;True;2
1621228352000;11498039;0.86106;0.86118;0.86112;0;T;True;2
1621228353000;11498040;0.86106;0.86118;0.86112;0;T;True;2
1621228354000;11498042;0.86105;0.86117;0.86111;1;T;True;2
1621228355000;11498043;0.86105;0.86117;0.86111;0;T;True;2
1621228356000;11498044;0.86105;0.86117;0.86111;0;T;True;2
1621228357000;11498046;0.86105;0.86117;0.86111;1;T;True;2
1621228358000;11498047;0.86105;0.86117;0.86111;0;T;True;2
1621228359000;11498048;0.86105;0.86117;0.86111;0;T;True;2
1621228360000;11498049;0.86105;0.86117;0.86111;0;T;True;2
1621228361000;11498050;0.86105;0.86117;0.86111;0;T;True;2
1621228362000;11498051;0.86105;0.86117;0.86111;0;T;True;2
1621228363000;11498052;0.86105;0.86117;0.86111;0;T;True;2
1621228364000;11498053;0.86105;0.86117;0.86111;0;T;True;2
1621228365000;11498054;0.86105;0.86117;0.86111;0;T;True;2
1621228366000;11498055;0.86105;0.86117;0.86111;0;T;True;2
1621228367000;11498056;0.86105;0.86117;0.86111;0;T;True;2
1621228368000;11498058;0.86105;0.86117;0.86111;1;T;True;2
1621228369000;11498059;0.86105;0.86117;0.86111;0;T;True;2
1621228370000;11498060;0.86105;0.86117;0.86111;0;T;True;2
1621228371000;11498061;0.86105;0.86117;0.86111;0;T;True;2
1621228372000;11498062;0.86105;0.86117;0.86111;0;T;True;2
1621228373000;11498063;0.86105;0.86117;0.86111;0;T;True;2
1621228374000;11498064;0.86105;0.86117;0.86111;0;T;True;2
1621228375000;11498065;0.86105;0.86117;0.86111;0;T;True;2
1621228376000;11498066;0.86105;0.86117;0.86111;0;T;True;2
1621228377000;11498067;0.86105;0.86117;0.86111;0;T;True;2
1621228378000;11498068;0.86105;0.86117;0.86111;0;T;True;2
1621228379000;11498069;0.86105;0.86117;0.86111;0;T;True;2
1621228380000;11498070;0.86105;0.86117;0.86111;0;T;True;2
1621228381000;11498071;0.86105;0.86117;0.86111;0;T;True;2
1621228382000;11498072;0.86105;0.86117;0.86111;0;T;True;2
1621228383000;11498073;0.86105;0.86117;0.86111;0;T;True;2
1621228384000;11498074;0.86105;0.86117;0.86111;0;T;True;2
1621228385000;11498075;0.86105;0.86117;0.86111;0;T;True;2
1621228386000;11498076;0.86105;0.86117;0.86111;0;T;True;2
1621228387000;11498077;0.86105;0.86117;0.86111;0;T;True;2
1621228388000;11498078;0.86105;0.86117;0.86111;0;T;True;2
1621228389000;11498079;0.86105;0.86117;0.86111;0;T;True;2
1621228390000;11498081;0.86105;0.86117;0.86111;1;T;True;2
1621228391000;11498082;0.86105;0.86117;0.86111;0;T;True;2
1621228392000;11498084;0.86106;0.86118;0.86112;1;T;True;2
1621228393000;11498088;0.86109;0.86121;0.86115;3;T;True;2
1621228394000;11498090;0.8611;0.86122;0.86116;1;T;True;2
1621228395000;11498093;0.8611;0.86122;0.86116;2;T;True;2
1621228396000;11498096;0.86111;0.86123;0.86117;2;T;True;2
1621228397000;11498097;0.86111;0.86123;0.86117;0;T;True;2
1621228398000;11498098;0.86111;0.86123;0.86117;0;T;True;2
1621228399000;11498099;0.86111;0.86123;0.86117;0;T;True;2
1621228400000;11498100;0.86111;0.86123;0.86117;0;T;True;2
1621228401000;11498101;0.86111;0.86123;0.86117;0;T;True;2
1621228402000;11498102;0.86111;0.86123;0.86117;0;T;True;2
1621228403000;11498103;0.86111;0.86123;0.86117;0;T;True;2
1621228404000;11498104;0.86111;0.86123;0.86117;0;T;True;2
1621228405000;11498105;0.86111;0.86123;0.86117;0;T;True;2
1621228406000;11498106;0.86111;0.86123;0.86117;0;T;True;2
1621228407000;11498107;0.86111;0.86123;0.86117;0;T;True;2
1621228408000;11498109;0.86111;0.86123;0.86117;1;T;True;2
1621228409000;11498110;0.86111;0.86123;0.86117;0;T;True;2
1621228410000;11498111;0.86111;0.86123;0.86117;0;T;True;2
1621228411000;11498112;0.86111;0.86123;0.86117;0;T;True;2
1621228412000;11498113;0.86111;0.86123;0.86117;0;T;True;2
1621228413000;11498114;0.86111;0.86123;0.86117;0;T;True;2
1621228414000;11498115;0.86111;0.86123;0.86117;0;T;True;2
1621228415000;11498116;0.86111;0.86123;0.86117;0;T;True;2
1621228416000;11498117;0.86111;0.86123;0.86117;0;T;True;2
1621228417000;11498118;0.86111;0.86123;0.86117;0;T;True;2
1621228418000;11498119;0.86111;0.86123;0.86117;0;T;True;2
1621228419000;11498120;0.86111;0.86123;0.86117;0;T;True;2
1621228420000;11498121;0.86111;0.86123;0.86117;0;T;True;2
1621228421000;11498122;0.86111;0.86123;0.86117;0;T;True;2
1621228422000;11498123;0.86111;0.86123;0.86117;0;T;True;2
1621228423000;11498124;0.86111;0.86123;0.86117;0;T;True;2
1621228424000;11498125;0.86111;0.86123;0.86117;0;T;True;2
1621228425000;11498126;0.86111;0.86123;0.86117;0;T;True;2
1621228426000;11498127;0.86111;0.86123;0.86117;0;T;True;2
1621228427000;11498128;0.86111;0.86123;0.86117;0;T;True;2
1621228428000;11498129;0.86111;0.86123;0.86117;0;T;True;2
1621228429000;11498130;0.86111;0.86123;0.86117;0;T;True;2
1621228430000;11498132;0.86111;0.86123;0.86117;1;T;True;2
1621228431000;11498140;0.86111;0.86123;0.86117;7;T;True;2
1621228432000;11498145;0.86111;0.86123;0.86117;4;T;True;2
1621228433000;11498149;0.86111;0.86123;0.86117;3;T;True;2
1621228434000;11498150;0.86111;0.86123;0.86117;0;T;True;2
1621228435000;11498151;0.86111;0.86123;0.86117;0;T;True;2
1621228436000;11498152;0.86111;0.86123;0.86117;0;T;True;2
1621228437000;11498153;0.86111;0.86123;0.86117;0;T;True;2
1621228438000;11498154;0.86111;0.86123;0.86117;0;T;True;2
1621228439000;11498155;0.86111;0.86123;0.86117;0;T;True;2
1621228440000;11498156;0.86111;0.86123;0.86117;0;T;True;2
1621228441000;11498157;0.86111;0.86123;0.86117;0;T;True;2
1621228442000;11498158;0.86111;0.86123;0.86117;0;T;True;2
1621228443000;11498159;0.86111;0.86123;0.86117;0;T;True;2
1621228444000;11498160;0.86111;0.86123;0.86117;0;T;True;2
1621228445000;11498161;0.86111;0.86123;0.86117;0;T;True;2
1621228446000;11498165;0.8611;0.86122;0.86116;3;T;True;2
1621228447000;11498166;0.8611;0.86122;0.86116;0;T;True;2
1621228448000;11498167;0.8611;0.86122;0.86116;0;T;True;2
1621228449000;11498168;0.8611;0.86122;0.86116;0;T;True;2
1621228450000;11498169;0.8611;0.86122;0.86116;0;T;True;2
1621228451000;11498170;0.8611;0.86122;0.86116;0;T;True;2
1621228452000;11498171;0.8611;0.86122;0.86116;0;T;True;2
1621228453000;11498172;0.8611;0.86122;0.86116;0;T;True;2
1621228454000;11498173;0.8611;0.86122;0.86116;0;T;True;2
1621228455000;11498174;0.8611;0.86122;0.86116;0;T;True;2
1621228456000;11498175;0.8611;0.86122;0.86116;0;T;True;2
1621228457000;11498176;0.8611;0.86122;0.86116;0;T;True;2
1621228458000;11498178;0.8611;0.86122;0.86116;1;T;True;2
1621228459000;11498179;0.8611;0.86122;0.86116;0;T;True;2
1621228460000;11498180;0.8611;0.86122;0.86116;0;T;True;2
1621228461000;11498181;0.8611;0.86122;0.86116;0;T;True;2
1621228462000;11498182;0.8611;0.86122;0.86116;0;T;True;2
1621228463000;11498183;0.8611;0.86122;0.86116;0;T;True;2
1621228464000;11498184;0.8611;0.86122;0.86116;0;T;True;2
1621228465000;11498185;0.8611;0.86122;0.86116;0;T;True;2
1621228466000;11498187;0.86109;0.86121;0.86115;1;T;True;2
1621228467000;11498188;0.86109;0.86121;0.86115;0;T;True;2
1621228468000;11498189;0.86109;0.86121;0.86115;0;T;True;2
1621228469000;11498190;0.86109;0.86121;0.86115;0;T;True;2
1621228470000;11498191;0.86109;0.86121;0.86115;0;T;True;2
1621228471000;11498192;0.86109;0.86121;0.86115;0;T;True;2
1621228472000;11498193;0.86109;0.86121;0.86115;0;T;True;2
1621228473000;11498194;0.86109;0.86121;0.86115;0;T;True;2
1621228474000;11498195;0.86109;0.86121;0.86115;0;T;True;2
1621228475000;11498196;0.86109;0.86121;0.86115;0;T;True;2
1621228476000;11498197;0.86109;0.86121;0.86115;0;T;True;2
1621228477000;11498198;0.86109;0.86121;0.86115;0;T;True;2
1621228478000;11498199;0.86109;0.86121;0.86115;0;T;True;2
1621228479000;11498200;0.86109;0.86121;0.86115;0;T;True;2
1621228480000;11498201;0.86109;0.86121;0.86115;0;T;True;2
1621228481000;11498202;0.86109;0.86121;0.86115;0;T;True;2
1621228482000;11498203;0.86109;0.86121;0.86115;0;T;True;2
1621228483000;11498204;0.86109;0.86121;0.86115;0;T;True;2
1621228484000;11498205;0.86109;0.86121;0.86115;0;T;True;2
1621228485000;11498206;0.86109;0.86121;0.86115;0;T;True;2
1621228486000;11498207;0.86109;0.86121;0.86115;0;T;True;2
1621228487000;11498209;0.86109;0.86121;0.86115;1;T;True;2
1621228488000;11498210;0.86109;0.86121;0.86115;0;T;True;2
1621228489000;11498211;0.86109;0.86121;0.86115;0;T;True;2
1621228490000;11498212;0.86109;0.86121;0.86115;0;T;True;2
1621228491000;11498215;0.86109;0.86121;0.86115;2;T;True;2
1621228492000;11498220;0.86113;0.86125;0.86119;4;T;True;2
1621228493000;11498221;0.86113;0.86125;0.86119;0;T;True;2
1621228494000;11498223;0.86114;0.86126;0.8612;1;T;True;2
1621228495000;11498224;0.86114;0.86126;0.8612;0;T;True;2
1621228496000;11498225;0.86114;0.86126;0.8612;0;T;True;2
1621228497000;11498226;0.86114;0.86126;0.8612;0;T;True;2
1621228498000;11498227;0.86114;0.86126;0.8612;0;T;True;2
1621228499000;11498228;0.86114;0.86126;0.8612;0;T;True;2
1621228500000;11498229;0.86114;0.86126;0.8612;0;T;True;2
1621228501000;11498230;0.86114;0.86126;0.8612;0;T;True;2
1621228502000;11498231;0.86114;0.86126;0.8612;0;T;True;2
1621228503000;11498233;0.86115;0.86127;0.86121;1;T;True;2
1621228504000;11498236;0.86111;0.86123;0.86117;2;T;True;2
1621228505000;11498237;0.86111;0.86123;0.86117;0;T;True;2
1621228506000;11498238;0.86111;0.86123;0.86117;0;T;True;2
1621228507000;11498239;0.86111;0.86123;0.86117;0;T;True;2
1621228508000;11498240;0.86111;0.86123;0.86117;0;T;True;2
1621228509000;11498241;0.86111;0.86123;0.86117;0;T;True;2
1621228510000;11498242;0.86111;0.86123;0.86117;0;T;True;2
1621228511000;11498243;0.86111;0.86123;0.86117;0;T;True;2
1621228512000;11498244;0.86111;0.86123;0.86117;0;T;True;2
1621228513000;11498245;0.86111;0.86123;0.86117;0;T;True;2
1621228514000;11498246;0.86111;0.86123;0.86117;0;T;True;2
1621228515000;11498247;0.86111;0.86123;0.86117;0;T;True;2
1621228516000;11498248;0.86111;0.86123;0.86117;0;T;True;2
1621228517000;11498249;0.86111;0.86123;0.86117;0;T;True;2
1621228518000;11498250;0.86111;0.86123;0.86117;0;T;True;2
1621228519000;11498251;0.86111;0.86123;0.86117;0;T;True;2
1621228520000;11498252;0.86111;0.86123;0.86117;0;T;True;2
1621228521000;11498253;0.86111;0.86123;0.86117;0;T;True;2
1621228522000;11498254;0.86111;0.86123;0.86117;0;T;True;2
1621228523000;11498255;0.86111;0.86123;0.86117;0;T;True;2
1621228524000;11498256;0.86111;0.86123;0.86117;0;T;True;2
1621228525000;11498257;0.86111;0.86123;0.86117;0;T;True;2
1621228526000;11498258;0.86111;0.86123;0.86117;0;T;True;2
1621228527000;11498259;0.86111;0.86123;0.86117;0;T;True;2
1621228528000;11498260;0.86111;0.86123;0.86117;0;T;True;2
1621228529000;11498261;0.86111;0.86123;0.86117;0;T;True;2
1621228530000;11498262;0.86111;0.86123;0.86117;0;T;True;2
1621228531000;11498263;0.86111;0.86123;0.86117;0;T;True;2
1621228532000;11498264;0.86111;0.86123;0.86117;0;T;True;2
1621228533000;11498265;0.86111;0.86123;0.86117;0;T;True;2
1621228534000;11498266;0.86111;0.86123;0.86117;0;T;True;2
1621228535000;11498267;0.86111;0.86123;0.86117;0;T;True;2
1621228536000;11498268;0.86111;0.86123;0.86117;0;T;True;2
1621228537000;11498269;0.86111;0.86123;0.86117;0;T;True;2
1621228538000;11498271;0.86111;0.86123;0.86117;1;T;True;2
1621228539000;11498272;0.86111;0.86123;0.86117;0;T;True;2
1621228540000;11498273;0.86111;0.86123;0.86117;0;T;True;2
1621228541000;11498274;0.86111;0.86123;0.86117;0;T;True;2
1621228542000;11498275;0.86111;0.86123;0.86117;0;T;True;2
1621228543000;11498276;0.86111;0.86123;0.86117;0;T;True;2
1621228544000;11498277;0.86111;0.86123;0.86117;0;T;True;2
1621228545000;11498278;0.86111;0.86123;0.86117;0;T;True;2
1621228546000;11498279;0.86111;0.86123;0.86117;0;T;True;2
1621228547000;11498280;0.86111;0.86123;0.86117;0;T;True;2
1621228548000;11498281;0.86111;0.86123;0.86117;0;T;True;2
1621228549000;11498282;0.86111;0.86123;0.86117;0;T;True;2
1621228550000;11498283;0.86111;0.86123;0.86117;0;T;True;2
1621228551000;11498284;0.86111;0.86123;0.86117;0;T;True;2
1621228552000;11498285;0.86111;0.86123;0.86117;0;T;True;2
1621228553000;11498286;0.86111;0.86123;0.86117;0;T;True;2
1621228554000;11498288;0.8611;0.86122;0.86116;1;T;True;2
1621228555000;11498289;0.8611;0.86122;0.86116;0;T;True;2
1621228556000;11498292;0.86112;0.86124;0.86118;2;T;True;2
1621228557000;11498293;0.86112;0.86124;0.86118;0;T;True;2
1621228558000;11498294;0.86112;0.86124;0.86118;0;T;True;2
1621228559000;11498297;0.86113;0.86125;0.86119;2;T;True;2
1621228560000;11498298;0.86113;0.86125;0.86119;0;T;True;2
1621228561000;11498299;0.86113;0.86125;0.86119;0;T;True;2
1621228562000;11498301;0.86113;0.86125;0.86119;1;T;True;2
1621228563000;11498302;0.86113;0.86125;0.86119;0;T;True;2
1621228564000;11498303;0.86113;0.86125;0.86119;0;T;True;2
1621228565000;11498304;0.86113;0.86125;0.86119;0;T;True;2
1621228566000;11498305;0.86113;0.86125;0.86119;0;T;True;2
1621228567000;11498306;0.86113;0.86125;0.86119;0;T;True;2
1621228568000;11498307;0.86113;0.86125;0.86119;0;T;True;2
1621228569000;11498308;0.86113;0.86125;0.86119;0;T;True;2
1621228570000;11498309;0.86113;0.86125;0.86119;0;T;True;2
1621228571000;11498310;0.86113;0.86125;0.86119;0;T;True;2
1621228572000;11498311;0.86113;0.86125;0.86119;0;T;True;2
1621228573000;11498312;0.86113;0.86125;0.86119;0;T;True;2
1621228574000;11498316;0.86113;0.86125;0.86119;3;T;True;2
1621228575000;11498319;0.86111;0.86123;0.86117;2;T;True;2
1621228576000;11498320;0.86111;0.86123;0.86117;0;T;True;2
1621228577000;11498321;0.86111;0.86123;0.86117;0;T;True;2
1621228578000;11498324;0.8611;0.86122;0.86116;2;T;True;2
1621228579000;11498333;0.8611;0.86122;0.86116;8;T;True;2
1621228580000;11498337;0.86109;0.86121;0.86115;3;T;True;2
1621228581000;11498350;0.86113;0.86125;0.86119;12;T;True;2
1621228582000;11498351;0.86113;0.86125;0.86119;0;T;True;2
1621228583000;11498352;0.86113;0.86125;0.86119;0;T;True;2
1621228584000;11498358;0.86111;0.86123;0.86117;5;T;True;2
1621228585000;11498360;0.86111;0.86123;0.86117;1;T;True;2
1621228586000;11498361;0.86111;0.86123;0.86117;0;T;True;2
1621228587000;11498365;0.86111;0.86123;0.86117;3;T;True;2
1621228588000;11498366;0.86111;0.86123;0.86117;0;T;True;2
1621228589000;11498371;0.86111;0.86123;0.86117;4;T;True;2
1621228590000;11498375;0.86112;0.86124;0.86118;3;T;True;2
1621228591000;11498376;0.86112;0.86124;0.86118;0;T;True;2
1621228592000;11498377;0.86112;0.86124;0.86118;0;T;True;2
1621228593000;11498378;0.86112;0.86124;0.86118;0;T;True;2
1621228594000;11498379;0.86112;0.86124;0.86118;0;T;True;2
1621228595000;11498380;0.86112;0.86124;0.86118;0;T;True;2
1621228596000;11498381;0.86112;0.86124;0.86118;0;T;True;2
1621228597000;11498382;0.86112;0.86124;0.86118;0;T;True;2
1621228598000;11498383;0.86112;0.86124;0.86118;0;T;True;2
1621228599000;11498384;0.86112;0.86124;0.86118;0;T;True;2
1621228600000;11498386;0.86112;0.86124;0.86118;1;T;True;2
1621228601000;11498387;0.86112;0.86124;0.86118;0;T;True;2
1621228602000;11498389;0.86112;0.86124;0.86118;1;T;True;2
1621228603000;11498390;0.86112;0.86124;0.86118;0;T;True;2
1621228604000;11498391;0.86112;0.86124;0.86118;0;T;True;2
1621228605000;11498395;0.86113;0.86125;0.86119;3;T;True;2
1621228606000;11498396;0.86113;0.86125;0.86119;0;T;True;2
1621228607000;11498397;0.86113;0.86125;0.86119;0;T;True;2
1621228608000;11498398;0.86113;0.86125;0.86119;0;T;True;2
1621228609000;11498399;0.86113;0.86125;0.86119;0;T;True;2
1621228610000;11498401;0.86113;0.86125;0.86119;1;T;True;2
1621228611000;11498402;0.86113;0.86125;0.86119;0;T;True;2
1621228612000;11498403;0.86113;0.86125;0.86119;0;T;True;2
1621228613000;11498404;0.86113;0.86125;0.86119;0;T;True;2
1621228614000;11498405;0.86113;0.86125;0.86119;0;T;True;2
1621228615000;11498406;0.86113;0.86125;0.86119;0;T;True;2
1621228616000;11498407;0.86113;0.86125;0.86119;0;T;True;2
1621228617000;11498412;0.86111;0.86123;0.86117;4;T;True;2
1621228618000;11498413;0.86111;0.86123;0.86117;0;T;True;2
1621228619000;11498414;0.86111;0.86123;0.86117;0;T;True;2
1621228620000;11498415;0.86111;0.86123;0.86117;0;T;True;2
1621228621000;11498420;0.86113;0.86125;0.86119;4;T;True;2
1621228622000;11498422;0.86113;0.86125;0.86119;1;T;True;2
1621228623000;11498425;0.86112;0.86124;0.86118;2;T;True;2
1621228624000;11498434;0.86111;0.86123;0.86117;8;T;True;2
1621228625000;11498444;0.86112;0.86124;0.86118;9;T;True;2
1621228626000;11498457;0.86111;0.86123;0.86117;12;T;True;2
1621228627000;11498465;0.86111;0.86123;0.86117;7;T;True;2
1621228628000;11498466;0.86111;0.86123;0.86117;0;T;True;2
1621228629000;11498467;0.86111;0.86123;0.86117;0;T;True;2
1621228630000;11498469;0.86112;0.86124;0.86118;1;T;True;2
1621228631000;11498470;0.86112;0.86124;0.86118;0;T;True;2
1621228632000;11498471;0.86112;0.86124;0.86118;0;T;True;2
1621228633000;11498472;0.86112;0.86124;0.86118;0;T;True;2
1621228634000;11498473;0.86112;0.86124;0.86118;0;T;True;2
1621228635000;11498476;0.86113;0.86125;0.86119;2;T;True;2
1621228636000;11498479;0.86113;0.86125;0.86119;2;T;True;2
1621228637000;11498481;0.86113;0.86125;0.86119;1;T;True;2
1621228638000;11498486;0.86111;0.86123;0.86117;4;T;True;2
1621228639000;11498487;0.86111;0.86123;0.86117;0;T;True;2
1621228640000;11498491;0.86109;0.86121;0.86115;3;T;True;2
1621228641000;11498496;0.86109;0.86121;0.86115;4;T;True;2
1621228642000;11498499;0.86109;0.86121;0.86115;2;T;True;2
1621228643000;11498500;0.86109;0.86121;0.86115;0;T;True;2
1621228644000;11498501;0.86109;0.86121;0.86115;0;T;True;2
1621228645000;11498505;0.86109;0.86121;0.86115;3;T;True;2
1621228646000;11498506;0.86109;0.86121;0.86115;0;T;True;2
1621228647000;11498507;0.86109;0.86121;0.86115;0;T;True;2
1621228648000;11498508;0.86109;0.86121;0.86115;0;T;True;2
1621228649000;11498510;0.86109;0.86121;0.86115;1;T;True;2
1621228650000;11498511;0.86109;0.86121;0.86115;0;T;True;2
1621228651000;11498512;0.86109;0.86121;0.86115;0;T;True;2
1621228652000;11498513;0.86109;0.86121;0.86115;0;T;True;2
1621228653000;11498514;0.86109;0.86121;0.86115;0;T;True;2
1621228654000;11498515;0.86109;0.86121;0.86115;0;T;True;2
1621228655000;11498516;0.86109;0.86121;0.86115;0;T;True;2
1621228656000;11498517;0.86109;0.86121;0.86115;0;T;True;2
1621228657000;11498520;0.86108;0.8612;0.86114;2;T;True;2
1621228658000;11498524;0.86111;0.86123;0.86117;3;T;True;2
1621228659000;11498525;0.86111;0.86123;0.86117;0;T;True;2
1621228660000;11498526;0.86111;0.86123;0.86117;0;T;True;2
1621228661000;11498527;0.86111;0.86123;0.86117;0;T;True;2
1621228662000;11498529;0.86111;0.86123;0.86117;1;T;True;2
1621228663000;11498530;0.86111;0.86123;0.86117;0;T;True;2
1621228664000;11498532;0.86112;0.86124;0.86118;1;T;True;2
1621228665000;11498533;0.86112;0.86124;0.86118;0;T;True;2
1621228666000;11498534;0.86112;0.86124;0.86118;0;T;True;2
1621228667000;11498535;0.86112;0.86124;0.86118;0;T;True;2
1621228668000;11498538;0.86112;0.86124;0.86118;2;T;True;2
1621228669000;11498539;0.86112;0.86124;0.86118;0;T;True;2
1621228670000;11498540;0.86112;0.86124;0.86118;0;T;True;2
1621228671000;11498541;0.86112;0.86124;0.86118;0;T;True;2
1621228672000;11498544;0.86111;0.86123;0.86117;2;T;True;2
1621228673000;11498545;0.86111;0.86123;0.86117;0;T;True;2
1621228674000;11498546;0.86111;0.86123;0.86117;0;T;True;2
1621228675000;11498547;0.86111;0.86123;0.86117;0;T;True;2
1621228676000;11498549;0.86112;0.86124;0.86118;1;T;True;2
1621228677000;11498550;0.86112;0.86124;0.86118;0;T;True;2
1621228678000;11498551;0.86112;0.86124;0.86118;0;T;True;2
1621228679000;11498552;0.86112;0.86124;0.86118;0;T;True;2
1621228680000;11498554;0.86111;0.86123;0.86117;1;T;True;2
1621228681000;11498555;0.86111;0.86123;0.86117;0;T;True;2
1621228682000;11498556;0.86111;0.86123;0.86117;0;T;True;2
1621228683000;11498557;0.86111;0.86123;0.86117;0;T;True;2
1621228684000;11498558;0.86111;0.86123;0.86117;0;T;True;2
1621228685000;11498559;0.86111;0.86123;0.86117;0;T;True;2
1621228686000;11498560;0.86111;0.86123;0.86117;0;T;True;2
1621228687000;11498561;0.86111;0.86123;0.86117;0;T;True;2
1621228688000;11498562;0.86111;0.86123;0.86117;0;T;True;2
1621228689000;11498563;0.86111;0.86123;0.86117;0;T;True;2
1621228690000;11498564;0.86111;0.86123;0.86117;0;T;True;2
1621228691000;11498565;0.86111;0.86123;0.86117;0;T;True;2
1621228692000;11498566;0.86111;0.86123;0.86117;0;T;True;2
1621228693000;11498569;0.86109;0.86121;0.86115;2;T;True;2
1621228694000;11498570;0.86109;0.86121;0.86115;0;T;True;2
1621228695000;11498571;0.86109;0.86121;0.86115;0;T;True;2
1621228696000;11498572;0.86109;0.86121;0.86115;0;T;True;2
1621228697000;11498573;0.86109;0.86121;0.86115;0;T;True;2
1621228698000;11498576;0.86111;0.86123;0.86117;2;T;True;2
1621228699000;11498577;0.86111;0.86123;0.86117;0;T;True;2
1621228700000;11498578;0.86111;0.86123;0.86117;0;T;True;2
1621228701000;11498579;0.86111;0.86123;0.86117;0;T;True;2
1621228702000;11498580;0.86111;0.86123;0.86117;0;T;True;2
1621228703000;11498581;0.86111;0.86123;0.86117;0;T;True;2
1621228704000;11498582;0.86111;0.86123;0.86117;0;T;True;2
1621228705000;11498583;0.86111;0.86123;0.86117;0;T;True;2
1621228706000;11498584;0.86111;0.86123;0.86117;0;T;True;2
1621228707000;11498587;0.86112;0.86124;0.86118;2;T;True;2
1621228708000;11498589;0.86113;0.86125;0.86119;1;T;True;2
1621228709000;11498590;0.86113;0.86125;0.86119;0;T;True;2
1621228710000;11498591;0.86113;0.86125;0.86119;0;T;True;2
1621228711000;11498592;0.86113;0.86125;0.86119;0;T;True;2
1621228712000;11498593;0.86113;0.86125;0.86119;0;T;True;2
1621228713000;11498594;0.86113;0.86125;0.86119;0;T;True;2
1621228714000;11498595;0.86113;0.86125;0.86119;0;T;True;2
1621228715000;11498596;0.86113;0.86125;0.86119;0;T;True;2
1621228716000;11498597;0.86113;0.86125;0.86119;0;T;True;2
1621228717000;11498599;0.86113;0.86125;0.86119;1;T;True;2
1621228718000;11498600;0.86113;0.86125;0.86119;0;T;True;2
1621228719000;11498601;0.86113;0.86125;0.86119;0;T;True;2
1621228720000;11498603;0.86114;0.86126;0.8612;1;T;True;2
1621228721000;11498605;0.86113;0.86125;0.86119;1;T;True;2
1621228722000;11498606;0.86113;0.86125;0.86119;0;T;True;2
1621228723000;11498607;0.86113;0.86125;0.86119;0;T;True;2
1621228724000;11498609;0.86113;0.86125;0.86119;1;T;True;2
1621228725000;11498614;0.86109;0.86121;0.86115;4;T;True;2
1621228726000;11498615;0.86109;0.86121;0.86115;0;T;True;2
1621228727000;11498616;0.86109;0.86121;0.86115;0;T;True;2
1621228728000;11498618;0.86108;0.8612;0.86114;1;T;True;2
1621228729000;11498620;0.86107;0.86119;0.86113;1;T;True;2
1621228730000;11498621;0.86107;0.86119;0.86113;0;T;True;2
1621228731000;11498622;0.86107;0.86119;0.86113;0;T;True;2
1621228732000;11498623;0.86107;0.86119;0.86113;0;T;True;2
1621228733000;11498624;0.86107;0.86119;0.86113;0;T;True;2
1621228734000;11498625;0.86107;0.86119;0.86113;0;T;True;2
1621228735000;11498626;0.86107;0.86119;0.86113;0;T;True;2
1621228736000;11498627;0.86107;0.86119;0.86113;0;T;True;2
1621228737000;11498628;0.86107;0.86119;0.86113;0;T;True;2
1621228738000;11498629;0.86107;0.86119;0.86113;0;T;True;2
1621228739000;11498630;0.86107;0.86119;0.86113;0;T;True;2
1621228740000;11498631;0.86107;0.86119;0.86113;0;T;True;2
1621228741000;11498633;0.86106;0.86118;0.86112;1;T;True;2
1621228742000;11498634;0.86106;0.86118;0.86112;0;T;True;2
1621228743000;11498635;0.86106;0.86118;0.86112;0;T;True;2
1621228744000;11498636;0.86106;0.86118;0.86112;0;T;True;2
1621228745000;11498637;0.86106;0.86118;0.86112;0;T;True;2
1621228746000;11498638;0.86106;0.86118;0.86112;0;T;True;2
1621228747000;11498639;0.86106;0.86118;0.86112;0;T;True;2
1621228748000;11498640;0.86106;0.86118;0.86112;0;T;True;2
1621228749000;11498641;0.86106;0.86118;0.86112;0;T;True;2
1621228750000;11498642;0.86106;0.86118;0.86112;0;T;True;2
1621228751000;11498643;0.86106;0.86118;0.86112;0;T;True;2
1621228752000;11498645;0.86107;0.86119;0.86113;1;T;True;2
1621228753000;11498646;0.86107;0.86119;0.86113;0;T;True;2
1621228754000;11498647;0.86107;0.86119;0.86113;0;T;True;2
1621228755000;11498648;0.86107;0.86119;0.86113;0;T;True;2
1621228756000;11498649;0.86107;0.86119;0.86113;0;T;True;2
1621228757000;11498650;0.86107;0.86119;0.86113;0;T;True;2
1621228758000;11498651;0.86107;0.86119;0.86113;0;T;True;2
1621228759000;11498652;0.86107;0.86119;0.86113;0;T;True;2
1621228760000;11498653;0.86107;0.86119;0.86113;0;T;True;2
1621228761000;11498654;0.86107;0.86119;0.86113;0;T;True;2
1621228762000;11498655;0.86107;0.86119;0.86113;0;T;True;2
1621228763000;11498656;0.86107;0.86119;0.86113;0;T;True;2
1621228764000;11498657;0.86107;0.86119;0.86113;0;T;True;2
1621228765000;11498658;0.86107;0.86119;0.86113;0;T;True;2
1621228766000;11498659;0.86107;0.86119;0.86113;0;T;True;2
1621228767000;11498660;0.86107;0.86119;0.86113;0;T;True;2
1621228768000;11498661;0.86107;0.86119;0.86113;0;T;True;2
1621228769000;11498663;0.86108;0.8612;0.86114;1;T;True;2
1621228770000;11498664;0.86108;0.8612;0.86114;0;T;True;2
1621228771000;11498666;0.86107;0.86119;0.86113;1;T;True;2
1621228772000;11498667;0.86107;0.86119;0.86113;0;T;True;2
1621228773000;11498668;0.86107;0.86119;0.86113;0;T;True;2
1621228774000;11498670;0.86108;0.8612;0.86114;1;T;True;2
1621228775000;11498672;0.86107;0.86119;0.86113;1;T;True;2
1621228776000;11498673;0.86107;0.86119;0.86113;0;T;True;2
1621228777000;11498674;0.86107;0.86119;0.86113;0;T;True;2
1621228778000;11498675;0.86107;0.86119;0.86113;0;T;True;2
1621228779000;11498676;0.86107;0.86119;0.86113;0;T;True;2
1621228780000;11498677;0.86107;0.86119;0.86113;0;T;True;2
1621228781000;11498678;0.86107;0.86119;0.86113;0;T;True;2
1621228782000;11498679;0.86107;0.86119;0.86113;0;T;True;2
1621228783000;11498680;0.86107;0.86119;0.86113;0;T;True;2
1621228784000;11498681;0.86107;0.86119;0.86113;0;T;True;2
1621228785000;11498682;0.86107;0.86119;0.86113;0;T;True;2
1621228786000;11498683;0.86107;0.86119;0.86113;0;T;True;2
1621228787000;11498684;0.86107;0.86119;0.86113;0;T;True;2
1621228788000;11498685;0.86107;0.86119;0.86113;0;T;True;2
1621228789000;11498686;0.86107;0.86119;0.86113;0;T;True;2
1621228790000;11498687;0.86107;0.86119;0.86113;0;T;True;2
1621228791000;11498688;0.86107;0.86119;0.86113;0;T;True;2
1621228792000;11498689;0.86107;0.86119;0.86113;0;T;True;2
1621228793000;11498690;0.86107;0.86119;0.86113;0;T;True;2
1621228794000;11498691;0.86107;0.86119;0.86113;0;T;True;2
1621228795000;11498692;0.86107;0.86119;0.86113;0;T;True;2
1621228796000;11498693;0.86107;0.86119;0.86113;0;T;True;2
1621228797000;11498694;0.86107;0.86119;0.86113;0;T;True;2
1621228798000;11498695;0.86107;0.86119;0.86113;0;T;True;2
1621228799000;11498696;0.86107;0.86119;0.86113;0;T;True;2
1621228800000;11498697;0.86107;0.86119;0.86113;0;T;True;2
1621228801000;11498698;0.86107;0.86119;0.86113;0;T;True;2
1621228802000;11498699;0.86107;0.86119;0.86113;0;T;True;2
1621228803000;11498700;0.86107;0.86119;0.86113;0;T;True;2
1621228804000;11498701;0.86107;0.86119;0.86113;0;T;True;2
1621228805000;11498702;0.86107;0.86119;0.86113;0;T;True;2
1621228806000;11498703;0.86107;0.86119;0.86113;0;T;True;2
1621228807000;11498704;0.86107;0.86119;0.86113;0;T;True;2
1621228808000;11498705;0.86107;0.86119;0.86113;0;T;True;2
1621228809000;11498706;0.86107;0.86119;0.86113;0;T;True;2
1621228810000;11498707;0.86107;0.86119;0.86113;0;T;True;2
1621228811000;11498708;0.86107;0.86119;0.86113;0;T;True;2
1621228812000;11498709;0.86107;0.86119;0.86113;0;T;True;2
1621228813000;11498710;0.86107;0.86119;0.86113;0;T;True;2
1621228814000;11498711;0.86107;0.86119;0.86113;0;T;True;2
1621228815000;11498712;0.86107;0.86119;0.86113;0;T;True;2
1621228816000;11498713;0.86107;0.86119;0.86113;0;T;True;2
1621228817000;11498714;0.86107;0.86119;0.86113;0;T;True;2
1621228818000;11498715;0.86107;0.86119;0.86113;0;T;True;2
1621228819000;11498716;0.86107;0.86119;0.86113;0;T;True;2
1621228820000;11498717;0.86107;0.86119;0.86113;0;T;True;2
1621228821000;11498718;0.86107;0.86119;0.86113;0;T;True;2
1621228822000;11498719;0.86107;0.86119;0.86113;0;T;True;2
1621228823000;11498720;0.86107;0.86119;0.86113;0;T;True;2
1621228824000;11498721;0.86107;0.86119;0.86113;0;T;True;2
1621228825000;11498722;0.86107;0.86119;0.86113;0;T;True;2
1621228826000;11498723;0.86107;0.86119;0.86113;0;T;True;2
1621228827000;11498724;0.86107;0.86119;0.86113;0;T;True;2
1621228828000;11498725;0.86107;0.86119;0.86113;0;T;True;2
1621228829000;11498726;0.86107;0.86119;0.86113;0;T;True;2
1621228830000;11498727;0.86107;0.86119;0.86113;0;T;True;2
1621228831000;11498728;0.86107;0.86119;0.86113;0;T;True;2
1621228832000;11498729;0.86107;0.86119;0.86113;0;T;True;2
1621228833000;11498730;0.86107;0.86119;0.86113;0;T;True;2
1621228834000;11498731;0.86107;0.86119;0.86113;0;T;True;2
1621228835000;11498732;0.86107;0.86119;0.86113;0;T;True;2
1621228836000;11498733;0.86107;0.86119;0.86113;0;T;True;2
1621228837000;11498734;0.86107;0.86119;0.86113;0;T;True;2
1621228838000;11498735;0.86107;0.86119;0.86113;0;T;True;2
1621228839000;11498736;0.86107;0.86119;0.86113;0;T;True;2
1621228840000;11498737;0.86107;0.86119;0.86113;0;T;True;2
1621228841000;11498738;0.86107;0.86119;0.86113;0;T;True;2
1621228842000;11498739;0.86107;0.86119;0.86113;0;T;True;2
1621228843000;11498743;0.86103;0.86115;0.86109;3;T;True;2
1621228844000;11498744;0.86103;0.86115;0.86109;0;T;True;2
1621228845000;11498745;0.86103;0.86115;0.86109;0;T;True;2
1621228846000;11498747;0.86102;0.86114;0.86108;1;T;True;2
1621228847000;11498749;0.86103;0.86115;0.86109;1;T;True;2
1621228848000;11498750;0.86103;0.86115;0.86109;0;T;True;2
1621228849000;11498751;0.86103;0.86115;0.86109;0;T;True;2
1621228850000;11498752;0.86103;0.86115;0.86109;0;T;True;2
1621228851000;11498753;0.86103;0.86115;0.86109;0;T;True;2
1621228852000;11498754;0.86103;0.86115;0.86109;0;T;True;2
1621228853000;11498755;0.86103;0.86115;0.86109;0;T;True;2
1621228854000;11498756;0.86103;0.86115;0.86109;0;T;True;2
1621228855000;11498757;0.86103;0.86115;0.86109;0;T;True;2
1621228856000;11498758;0.86103;0.86115;0.86109;0;T;True;2
1621228857000;11498759;0.86103;0.86115;0.86109;0;T;True;2
1621228858000;11498760;0.86103;0.86115;0.86109;0;T;True;2
1621228859000;11498761;0.86103;0.86115;0.86109;0;T;True;2
1621228860000;11498762;0.86103;0.86115;0.86109;0;T;True;2
1621228861000;11498763;0.86103;0.86115;0.86109;0;T;True;2
1621228862000;11498764;0.86103;0.86115;0.86109;0;T;True;2
1621228863000;11498765;0.86103;0.86115;0.86109;0;T;True;2
1621228864000;11498766;0.86103;0.86115;0.86109;0;T;True;2
1621228865000;11498767;0.86103;0.86115;0.86109;0;T;True;2
1621228866000;11498768;0.86103;0.86115;0.86109;0;T;True;2
1621228867000;11498769;0.86103;0.86115;0.86109;0;T;True;2
1621228868000;11498770;0.86103;0.86115;0.86109;0;T;True;2
1621228869000;11498771;0.86103;0.86115;0.86109;0;T;True;2
1621228870000;11498772;0.86103;0.86115;0.86109;0;T;True;2
1621228871000;11498773;0.86103;0.86115;0.86109;0;T;True;2
1621228872000;11498774;0.86103;0.86115;0.86109;0;T;True;2
1621228873000;11498775;0.86103;0.86115;0.86109;0;T;True;2
1621228874000;11498776;0.86103;0.86115;0.86109;0;T;True;2
1621228875000;11498777;0.86103;0.86115;0.86109;0;T;True;2
1621228876000;11498778;0.86103;0.86115;0.86109;0;T;True;2
1621228877000;11498779;0.86103;0.86115;0.86109;0;T;True;2
1621228878000;11498780;0.86103;0.86115;0.86109;0;T;True;2
1621228879000;11498781;0.86103;0.86115;0.86109;0;T;True;2
1621228880000;11498782;0.86103;0.86115;0.86109;0;T;True;2
1621228881000;11498783;0.86103;0.86115;0.86109;0;T;True;2
1621228882000;11498784;0.86103;0.86115;0.86109;0;T;True;2
1621228883000;11498785;0.86103;0.86115;0.86109;0;T;True;2
1621228884000;11498786;0.86103;0.86115;0.86109;0;T;True;2
1621228885000;11498787;0.86103;0.86115;0.86109;0;T;True;2
1621228886000;11498788;0.86103;0.86115;0.86109;0;T;True;2
1621228887000;11498790;0.86102;0.86114;0.86108;1;T;True;2
1621228888000;11498792;0.861;0.86112;0.86106;1;T;True;2
1621228889000;11498793;0.861;0.86112;0.86106;0;T;True;2
1621228890000;11498794;0.861;0.86112;0.86106;0;T;True;2
1621228891000;11498795;0.861;0.86112;0.86106;0;T;True;2
1621228892000;11498796;0.861;0.86112;0.86106;0;T;True;2
1621228893000;11498797;0.861;0.86112;0.86106;0;T;True;2
1621228894000;11498803;0.86098;0.8611;0.86104;5;T;True;2
1621228895000;11498806;0.86097;0.86109;0.86103;2;T;True;2
1621228896000;11498807;0.86097;0.86109;0.86103;0;T;True;2
1621228897000;11498808;0.86097;0.86109;0.86103;0;T;True;2
1621228898000;11498810;0.86097;0.86109;0.86103;1;T;True;2
1621228899000;11498811;0.86097;0.86109;0.86103;0;T;True;2
1621228900000;11498813;0.86097;0.86109;0.86103;1;T;True;2
1621228901000;11498815;0.86097;0.86109;0.86103;1;T;True;2
1621228902000;11498817;0.86098;0.8611;0.86104;1;T;True;2
1621228903000;11498818;0.86098;0.8611;0.86104;0;T;True;2
1621228904000;11498819;0.86098;0.8611;0.86104;0;T;True;2
1621228905000;11498820;0.86098;0.8611;0.86104;0;T;True;2
1621228906000;11498821;0.86098;0.8611;0.86104;0;T;True;2
1621228907000;11498824;0.86098;0.8611;0.86104;2;T;True;2
1621228908000;11498825;0.86098;0.8611;0.86104;0;T;True;2
1621228909000;11498826;0.86098;0.8611;0.86104;0;T;True;2
1621228910000;11498829;0.86099;0.86111;0.86105;2;T;True;2
1621228911000;11498830;0.86099;0.86111;0.86105;0;T;True;2
1621228912000;11498832;0.86099;0.86111;0.86105;1;T;True;2
1621228913000;11498833;0.86099;0.86111;0.86105;0;T;True;2
1621228914000;11498834;0.86099;0.86111;0.86105;0;T;True;2
1621228915000;11498835;0.86099;0.86111;0.86105;0;T;True;2
1621228916000;11498836;0.86099;0.86111;0.86105;0;T;True;2
1621228917000;11498837;0.86099;0.86111;0.86105;0;T;True;2
1621228918000;11498838;0.86099;0.86111;0.86105;0;T;True;2
1621228919000;11498843;0.86096;0.86108;0.86102;4;T;True;2
1621228920000;11498844;0.86096;0.86108;0.86102;0;T;True;2
1621228921000;11498845;0.86096;0.86108;0.86102;0;T;True;2
1621228922000;11498846;0.86096;0.86108;0.86102;0;T;True;2
1621228923000;11498850;0.86095;0.86107;0.86101;3;T;True;2
1621228924000;11498852;0.86095;0.86107;0.86101;1;T;True;2
1621228925000;11498853;0.86095;0.86107;0.86101;0;T;True;2
1621228926000;11498854;0.86095;0.86107;0.86101;0;T;True;2
1621228927000;11498855;0.86095;0.86107;0.86101;0;T;True;2
1621228928000;11498857;0.86095;0.86107;0.86101;1;T;True;2
1621228929000;11498863;0.86095;0.86107;0.86101;5;T;True;2
1621228930000;11498866;0.86096;0.86108;0.86102;2;T;True;2
1621228931000;11498867;0.86096;0.86108;0.86102;0;T;True;2
1621228932000;11498868;0.86096;0.86108;0.86102;0;T;True;2
1621228933000;11498869;0.86096;0.86108;0.86102;0;T;True;2
1621228934000;11498872;0.86097;0.86109;0.86103;2;T;True;2
1621228935000;11498874;0.86097;0.86109;0.86103;1;T;True;2
1621228936000;11498875;0.86097;0.86109;0.86103;0;T;True;2
1621228937000;11498877;0.86097;0.86109;0.86103;1;T;True;2
1621228938000;11498878;0.86097;0.86109;0.86103;0;T;True;2
1621228939000;11498879;0.86097;0.86109;0.86103;0;T;True;2
1621228940000;11498880;0.86097;0.86109;0.86103;0;T;True;2
1621228941000;11498881;0.86097;0.86109;0.86103;0;T;True;2
1621228942000;11498885;0.86097;0.86109;0.86103;3;T;True;2
1621228943000;11498888;0.86097;0.86109;0.86103;2;T;True;2
1621228944000;11498890;0.86097;0.86109;0.86103;1;T;True;2
1621228945000;11498891;0.86097;0.86109;0.86103;0;T;True;2
1621228946000;11498892;0.86097;0.86109;0.86103;0;T;True;2
1621228947000;11498893;0.86097;0.86109;0.86103;0;T;True;2
1621228948000;11498895;0.86097;0.86109;0.86103;1;T;True;2
1621228949000;11498896;0.86097;0.86109;0.86103;0;T;True;2
1621228950000;11498897;0.86097;0.86109;0.86103;0;T;True;2
1621228951000;11498898;0.86097;0.86109;0.86103;0;T;True;2
1621228952000;11498899;0.86097;0.86109;0.86103;0;T;True;2
1621228953000;11498900;0.86097;0.86109;0.86103;0;T;True;2
1621228954000;11498901;0.86097;0.86109;0.86103;0;T;True;2
1621228955000;11498902;0.86097;0.86109;0.86103;0;T;True;2
1621228956000;11498903;0.86097;0.86109;0.86103;0;T;True;2
1621228957000;11498904;0.86097;0.86109;0.86103;0;T;True;2
1621228958000;11498905;0.86097;0.86109;0.86103;0;T;True;2
1621228959000;11498906;0.86097;0.86109;0.86103;0;T;True;2
1621228960000;11498907;0.86097;0.86109;0.86103;0;T;True;2
1621228961000;11498908;0.86097;0.86109;0.86103;0;T;True;2
1621228962000;11498911;0.86098;0.8611;0.86104;2;T;True;2
1621228963000;11498912;0.86098;0.8611;0.86104;0;T;True;2
1621228964000;11498913;0.86098;0.8611;0.86104;0;T;True;2
1621228965000;11498914;0.86098;0.8611;0.86104;0;T;True;2
1621228966000;11498915;0.86098;0.8611;0.86104;0;T;True;2
1621228967000;11498916;0.86098;0.8611;0.86104;0;T;True;2
1621228968000;11498917;0.86098;0.8611;0.86104;0;T;True;2
1621228969000;11498919;0.86098;0.8611;0.86104;1;T;True;2
1621228970000;11498921;0.86099;0.86111;0.86105;1;T;True;2
1621228971000;11498922;0.86099;0.86111;0.86105;0;T;True;2
1621228972000;11498926;0.86097;0.86109;0.86103;3;T;True;2
1621228973000;11498928;0.86097;0.86109;0.86103;1;T;True;2
1621228974000;11498929;0.86097;0.86109;0.86103;0;T;True;2
1621228975000;11498931;0.86097;0.86109;0.86103;1;T;True;2
1621228976000;11498935;0.86096;0.86108;0.86102;3;T;True;2
1621228977000;11498936;0.86096;0.86108;0.86102;0;T;True;2
1621228978000;11498937;0.86096;0.86108;0.86102;0;T;True;2
1621228979000;11498938;0.86096;0.86108;0.86102;0;T;True;2
1621228980000;11498939;0.86096;0.86108;0.86102;0;T;True;2
1621228981000;11498940;0.86096;0.86108;0.86102;0;T;True;2
1621228982000;11498941;0.86096;0.86108;0.86102;0;T;True;2
1621228983000;11498942;0.86096;0.86108;0.86102;0;T;True;2
1621228984000;11498943;0.86096;0.86108;0.86102;0;T;True;2
1621228985000;11498944;0.86096;0.86108;0.86102;0;T;True;2
1621228986000;11498945;0.86096;0.86108;0.86102;0;T;True;2
1621228987000;11498946;0.86096;0.86108;0.86102;0;T;True;2
1621228988000;11498947;0.86096;0.86108;0.86102;0;T;True;2
1621228989000;11498948;0.86096;0.86108;0.86102;0;T;True;2
1621228990000;11498950;0.86095;0.86107;0.86101;1;T;True;2
1621228991000;11498951;0.86095;0.86107;0.86101;0;T;True;2
1621228992000;11498952;0.86095;0.86107;0.86101;0;T;True;2
1621228993000;11498953;0.86095;0.86107;0.86101;0;T;True;2
1621228994000;11498957;0.86095;0.86107;0.86101;3;T;True;2
1621228995000;11498958;0.86095;0.86107;0.86101;0;T;True;2
1621228996000;11498959;0.86095;0.86107;0.86101;0;T;True;2
1621228997000;11498960;0.86095;0.86107;0.86101;0;T;True;2
1621228998000;11498961;0.86095;0.86107;0.86101;0;T;True;2
1621228999000;11498962;0.86095;0.86107;0.86101;0;T;True;2
1621229000000;11498963;0.86095;0.86107;0.86101;0;T;True;2
1621229001000;11498965;0.86096;0.86108;0.86102;1;T;True;2
1621229002000;11498966;0.86096;0.86108;0.86102;0;T;True;2
1621229003000;11498967;0.86096;0.86108;0.86102;0;T;True;2
1621229004000;11498968;0.86096;0.86108;0.86102;0;T;True;2
1621229005000;11498969;0.86096;0.86108;0.86102;0;T;True;2
1621229006000;11498970;0.86096;0.86108;0.86102;0;T;True;2
1621229007000;11498971;0.86096;0.86108;0.86102;0;T;True;2
1621229008000;11498973;0.86095;0.86107;0.86101;1;T;True;2
1621229009000;11498976;0.86099;0.86111;0.86105;2;T;True;2
1621229010000;11498979;0.861;0.86112;0.86106;2;T;True;2
1621229011000;11498980;0.861;0.86112;0.86106;0;T;True;2
1621229012000;11498982;0.861;0.86112;0.86106;1;T;True;2
1621229013000;11498983;0.861;0.86112;0.86106;0;T;True;2
1621229014000;11498984;0.861;0.86112;0.86106;0;T;True;2
1621229015000;11498985;0.861;0.86112;0.86106;0;T;True;2
1621229016000;11498986;0.861;0.86112;0.86106;0;T;True;2
1621229017000;11498987;0.861;0.86112;0.86106;0;T;True;2
1621229018000;11498988;0.861;0.86112;0.86106;0;T;True;2
1621229019000;11498989;0.861;0.86112;0.86106;0;T;True;2
1621229020000;11498992;0.86101;0.86113;0.86107;2;T;True;2
1621229021000;11498993;0.86101;0.86113;0.86107;0;T;True;2
1621229022000;11498994;0.86101;0.86113;0.86107;0;T;True;2
1621229023000;11498995;0.86101;0.86113;0.86107;0;T;True;2
1621229024000;11498996;0.86101;0.86113;0.86107;0;T;True;2
1621229025000;11498997;0.86101;0.86113;0.86107;0;T;True;2
1621229026000;11498998;0.86101;0.86113;0.86107;0;T;True;2
1621229027000;11498999;0.86101;0.86113;0.86107;0;T;True;2
1621229028000;11499000;0.86101;0.86113;0.86107;0;T;True;2
1621229029000;11499001;0.86101;0.86113;0.86107;0;T;True;2
1621229030000;11499002;0.86101;0.86113;0.86107;0;T;True;2
1621229031000;11499003;0.86101;0.86113;0.86107;0;T;True;2
1621229032000;11499004;0.86101;0.86113;0.86107;0;T;True;2
1621229033000;11499005;0.86101;0.86113;0.86107;0;T;True;2
1621229034000;11499006;0.86101;0.86113;0.86107;0;T;True;2
1621229035000;11499007;0.86101;0.86113;0.86107;0;T;True;2
1621229036000;11499008;0.86101;0.86113;0.86107;0;T;True;2
1621229037000;11499009;0.86101;0.86113;0.86107;0;T;True;2
1621229038000;11499010;0.86101;0.86113;0.86107;0;T;True;2
1621229039000;11499011;0.86101;0.86113;0.86107;0;T;True;2
1621229040000;11499012;0.86101;0.86113;0.86107;0;T;True;2
1621229041000;11499013;0.86101;0.86113;0.86107;0;T;True;2
1621229042000;11499014;0.86101;0.86113;0.86107;0;T;True;2
1621229043000;11499015;0.86101;0.86113;0.86107;0;T;True;2
1621229044000;11499016;0.86101;0.86113;0.86107;0;T;True;2
1621229045000;11499017;0.86101;0.86113;0.86107;0;T;True;2
1621229046000;11499019;0.86101;0.86113;0.86107;1;T;True;2
1621229047000;11499020;0.86101;0.86113;0.86107;0;T;True;2
1621229048000;11499021;0.86101;0.86113;0.86107;0;T;True;2
1621229049000;11499022;0.86101;0.86113;0.86107;0;T;True;2
1621229050000;11499023;0.86101;0.86113;0.86107;0;T;True;2
1621229051000;11499024;0.86101;0.86113;0.86107;0;T;True;2
1621229052000;11499025;0.86101;0.86113;0.86107;0;T;True;2
1621229053000;11499026;0.86101;0.86113;0.86107;0;T;True;2
1621229054000;11499027;0.86101;0.86113;0.86107;0;T;True;2
1621229055000;11499028;0.86101;0.86113;0.86107;0;T;True;2
1621229056000;11499029;0.86101;0.86113;0.86107;0;T;True;2
1621229057000;11499030;0.86101;0.86113;0.86107;0;T;True;2
1621229058000;11499031;0.86101;0.86113;0.86107;0;T;True;2
1621229059000;11499032;0.86101;0.86113;0.86107;0;T;True;2
1621229060000;11499034;0.86101;0.86113;0.86107;1;T;True;2
1621229061000;11499036;0.86102;0.86114;0.86108;1;T;True;2
1621229062000;11499037;0.86102;0.86114;0.86108;0;T;True;2
1621229063000;11499038;0.86102;0.86114;0.86108;0;T;True;2
1621229064000;11499039;0.86102;0.86114;0.86108;0;T;True;2
1621229065000;11499040;0.86102;0.86114;0.86108;0;T;True;2
1621229066000;11499044;0.86099;0.86111;0.86105;3;T;True;2
1621229067000;11499045;0.86099;0.86111;0.86105;0;T;True;2
1621229068000;11499046;0.86099;0.86111;0.86105;0;T;True;2
1621229069000;11499048;0.861;0.86112;0.86106;1;T;True;2
1621229070000;11499049;0.861;0.86112;0.86106;0;T;True;2
1621229071000;11499050;0.861;0.86112;0.86106;0;T;True;2
1621229072000;11499051;0.861;0.86112;0.86106;0;T;True;2
1621229073000;11499054;0.86101;0.86113;0.86107;2;T;True;2
1621229074000;11499055;0.86101;0.86113;0.86107;0;T;True;2
1621229075000;11499056;0.86101;0.86113;0.86107;0;T;True;2
1621229076000;11499057;0.86101;0.86113;0.86107;0;T;True;2
1621229077000;11499058;0.86101;0.86113;0.86107;0;T;True;2
1621229078000;11499059;0.86101;0.86113;0.86107;0;T;True;2
1621229079000;11499061;0.86103;0.86115;0.86109;1;T;True;2
1621229080000;11499062;0.86103;0.86115;0.86109;0;T;True;2
1621229081000;11499063;0.86103;0.86115;0.86109;0;T;True;2
1621229082000;11499064;0.86103;0.86115;0.86109;0;T;True;2
1621229083000;11499065;0.86103;0.86115;0.86109;0;T;True;2
1621229084000;11499066;0.86103;0.86115;0.86109;0;T;True;2
1621229085000;11499067;0.86103;0.86115;0.86109;0;T;True;2
1621229086000;11499068;0.86103;0.86115;0.86109;0;T;True;2
1621229087000;11499069;0.86103;0.86115;0.86109;0;T;True;2
1621229088000;11499070;0.86103;0.86115;0.86109;0;T;True;2
1621229089000;11499071;0.86103;0.86115;0.86109;0;T;True;2
1621229090000;11499072;0.86103;0.86115;0.86109;0;T;True;2
1621229091000;11499073;0.86103;0.86115;0.86109;0;T;True;2
1621229092000;11499074;0.86103;0.86115;0.86109;0;T;True;2
1621229093000;11499075;0.86103;0.86115;0.86109;0;T;True;2
1621229094000;11499076;0.86103;0.86115;0.86109;0;T;True;2
1621229095000;11499078;0.86103;0.86115;0.86109;1;T;True;2
1621229096000;11499079;0.86103;0.86115;0.86109;0;T;True;2
1621229097000;11499080;0.86103;0.86115;0.86109;0;T;True;2
1621229098000;11499081;0.86103;0.86115;0.86109;0;T;True;2
1621229099000;11499082;0.86103;0.86115;0.86109;0;T;True;2
1621229100000;11499083;0.86103;0.86115;0.86109;0;T;True;2
1621229101000;11499084;0.86103;0.86115;0.86109;0;T;True;2
1621229102000;11499085;0.86103;0.86115;0.86109;0;T;True;2
1621229103000;11499091;0.86103;0.86115;0.86109;5;T;True;2
1621229104000;11499092;0.86103;0.86115;0.86109;0;T;True;2
1621229105000;11499093;0.86103;0.86115;0.86109;0;T;True;2
1621229106000;11499094;0.86103;0.86115;0.86109;0;T;True;2
1621229107000;11499095;0.86103;0.86115;0.86109;0;T;True;2
1621229108000;11499096;0.86103;0.86115;0.86109;0;T;True;2
1621229109000;11499098;0.86103;0.86115;0.86109;1;T;True;2
1621229110000;11499099;0.86103;0.86115;0.86109;0;T;True;2
1621229111000;11499100;0.86103;0.86115;0.86109;0;T;True;2
1621229112000;11499101;0.86103;0.86115;0.86109;0;T;True;2
1621229113000;11499102;0.86103;0.86115;0.86109;0;T;True;2
1621229114000;11499103;0.86103;0.86115;0.86109;0;T;True;2
1621229115000;11499104;0.86103;0.86115;0.86109;0;T;True;2
1621229116000;11499105;0.86103;0.86115;0.86109;0;T;True;2
1621229117000;11499106;0.86103;0.86115;0.86109;0;T;True;2
1621229118000;11499107;0.86103;0.86115;0.86109;0;T;True;2
1621229119000;11499108;0.86103;0.86115;0.86109;0;T;True;2
1621229120000;11499109;0.86103;0.86115;0.86109;0;T;True;2
1621229121000;11499111;0.86103;0.86115;0.86109;1;T;True;2
1621229122000;11499115;0.86105;0.86117;0.86111;3;T;True;2
1621229123000;11499116;0.86105;0.86117;0.86111;0;T;True;2
1621229124000;11499117;0.86105;0.86117;0.86111;0;T;True;2
1621229125000;11499118;0.86105;0.86117;0.86111;0;T;True;2
1621229126000;11499120;0.86107;0.86119;0.86113;1;T;True;2
1621229127000;11499121;0.86107;0.86119;0.86113;0;T;True;2
1621229128000;11499122;0.86107;0.86119;0.86113;0;T;True;2
1621229129000;11499123;0.86107;0.86119;0.86113;0;T;True;2
1621229130000;11499124;0.86107;0.86119;0.86113;0;T;True;2
1621229131000;11499125;0.86107;0.86119;0.86113;0;T;True;2
1621229132000;11499126;0.86107;0.86119;0.86113;0;T;True;2
1621229133000;11499127;0.86107;0.86119;0.86113;0;T;True;2
1621229134000;11499128;0.86107;0.86119;0.86113;0;T;True;2
1621229135000;11499129;0.86107;0.86119;0.86113;0;T;True;2
1621229136000;11499131;0.86106;0.86118;0.86112;1;T;True;2
1621229137000;11499134;0.86108;0.8612;0.86114;2;T;True;2
1621229138000;11499136;0.86108;0.8612;0.86114;1;T;True;2
1621229139000;11499137;0.86108;0.8612;0.86114;0;T;True;2
1621229140000;11499138;0.86108;0.8612;0.86114;0;T;True;2
1621229141000;11499139;0.86108;0.8612;0.86114;0;T;True;2
1621229142000;11499140;0.86108;0.8612;0.86114;0;T;True;2
1621229143000;11499141;0.86108;0.8612;0.86114;0;T;True;2
1621229144000;11499143;0.86109;0.86121;0.86115;1;T;True;2
1621229145000;11499144;0.86109;0.86121;0.86115;0;T;True;2
1621229146000;11499145;0.86109;0.86121;0.86115;0;T;True;2
1621229147000;11499146;0.86109;0.86121;0.86115;0;T;True;2
1621229148000;11499147;0.86109;0.86121;0.86115;0;T;True;2
1621229149000;11499148;0.86109;0.86121;0.86115;0;T;True;2
1621229150000;11499149;0.86109;0.86121;0.86115;0;T;True;2
1621229151000;11499150;0.86109;0.86121;0.86115;0;T;True;2
1621229152000;11499154;0.86111;0.86123;0.86117;3;T;True;2
1621229153000;11499156;0.86111;0.86123;0.86117;1;T;True;2
1621229154000;11499157;0.86111;0.86123;0.86117;0;T;True;2
1621229155000;11499158;0.86111;0.86123;0.86117;0;T;True;2
1621229156000;11499159;0.86111;0.86123;0.86117;0;T;True;2
1621229157000;11499160;0.86111;0.86123;0.86117;0;T;True;2
1621229158000;11499163;0.8611;0.86122;0.86116;2;T;True;2
1621229159000;11499164;0.8611;0.86122;0.86116;0;T;True;2
1621229160000;11499165;0.8611;0.86122;0.86116;0;T;True;2
1621229161000;11499167;0.86109;0.86121;0.86115;1;T;True;2
1621229162000;11499168;0.86109;0.86121;0.86115;0;T;True;2
1621229163000;11499169;0.86109;0.86121;0.86115;0;T;True;2
1621229164000;11499170;0.86109;0.86121;0.86115;0;T;True;2
1621229165000;11499173;0.86109;0.86121;0.86115;2;T;True;2
1621229166000;11499175;0.86107;0.86119;0.86113;1;T;True;2
1621229167000;11499176;0.86107;0.86119;0.86113;0;T;True;2
1621229168000;11499177;0.86107;0.86119;0.86113;0;T;True;2
1621229169000;11499180;0.86106;0.86118;0.86112;2;T;True;2
1621229170000;11499182;0.86107;0.86119;0.86113;1;T;True;2
1621229171000;11499183;0.86107;0.86119;0.86113;0;T;True;2
1621229172000;11499184;0.86107;0.86119;0.86113;0;T;True;2
1621229173000;11499185;0.86107;0.86119;0.86113;0;T;True;2
1621229174000;11499186;0.86107;0.86119;0.86113;0;T;True;2
1621229175000;11499187;0.86107;0.86119;0.86113;0;T;True;2
1621229176000;11499188;0.86107;0.86119;0.86113;0;T;True;2
1621229177000;11499189;0.86107;0.86119;0.86113;0;T;True;2
1621229178000;11499190;0.86107;0.86119;0.86113;0;T;True;2
1621229179000;11499191;0.86107;0.86119;0.86113;0;T;True;2
1621229180000;11499193;0.86106;0.86118;0.86112;1;T;True;2
1621229181000;11499194;0.86106;0.86118;0.86112;0;T;True;2
1621229182000;11499195;0.86106;0.86118;0.86112;0;T;True;2
1621229183000;11499196;0.86106;0.86118;0.86112;0;T;True;2
1621229184000;11499197;0.86106;0.86118;0.86112;0;T;True;2
1621229185000;11499198;0.86106;0.86118;0.86112;0;T;True;2
1621229186000;11499200;0.86107;0.86119;0.86113;1;T;True;2
1621229187000;11499201;0.86107;0.86119;0.86113;0;T;True;2
1621229188000;11499202;0.86107;0.86119;0.86113;0;T;True;2
