ts;n;bid;ask;value;volume;phase;round;active_id
1621234662000;11508647;0.86042;0.86054;0.86048;0;T;True;2
1621234663000;11508648;0.86042;0.86054;0.86048;0;T;True;2
1621234664000;11508649;0.86042;0.86054;0.86048;0;T;True;2
1621234665000;11508651;0.86041;0.86053;0.86047;1;T;True;2
1621234666000;11508652;0.86041;0.86053;0.86047;0;T;True;2
1621234667000;11508654;0.86039;0.86051;0.86045;1;T;True;2
1621234668000;11508657;0.86037;0.86049;0.86043;2;T;True;2
1621234669000;11508658;0.86037;0.86049;0.86043;0;T;True;2
1621234670000;11508660;0.86036;0.86048;0.86042;1;T;True;2
1621234671000;11508661;0.86036;0.86048;0.86042;0;T;True;2
1621234672000;11508662;0.86036;0.86048;0.86042;0;T;True;2
1621234673000;11508663;0.86036;0.86048;0.86042;0;T;True;2
1621234674000;11508673;0.86033;0.86045;0.86039;9;T;True;2
1621234675000;11508677;0.86033;0.86045;0.86039;3;T;True;2
1621234676000;11508678;0.86033;0.86045;0.86039;0;T;True;2
1621234677000;11508682;0.86029;0.86041;0.86035;3;T;True;2
1621234678000;11508687;0.86029;0.86041;0.86035;4;T;True;2
1621234679000;11508690;0.86029;0.86041;0.86035;2;T;True;2
1621234680000;11508693;0.86029;0.86041;0.86035;2;T;True;2
1621234681000;11508694;0.86029;0.86041;0.86035;0;T;True;2
1621234682000;11508695;0.86029;0.86041;0.86035;0;T;True;2
1621234683000;11508696;0.86029;0.86041;0.86035;0;T;True;2
1621234684000;11508697;0.86029;0.86041;0.86035;0;T;True;2
1621234685000;11508698;0.86029;0.86041;0.86035;0;T;True;2
1621234686000;11508699;0.86029;0.86041;0.86035;0;T;True;2
1621234687000;11508700;0.86029;0.86041;0.86035;0;T;True;2
1621234688000;11508701;0.86029;0.86041;0.86035;0;T;True;2
1621234689000;11508703;0.86029;0.86041;0.86035;1;T;True;2
1621234690000;11508704;0.86029;0.86041;0.86035;0;T;True;2
1621234691000;11508708;0.86031;0.86043;0.86037;3;T;True;2
1621234692000;11508709;0.86031;0.86043;0.86037;0;T;True;2
1621234693000;11508710;0.86031;0.86043;0.86037;0;T;True;2
1621234694000;11508719;0.86031;0.86043;0.86037;8;T;True;2
1621234695000;11508720;0.86031;0.86043;0.86037;0;T;True;2
1621234696000;11508721;0.86031;0.86043;0.86037;0;T;True;2
1621234697000;11508723;0.86029;0.86041;0.86035;1;T;True;2
1621234698000;11508724;0.86029;0.86041;0.86035;0;T;True;2
1621234699000;11508726;0.86029;0.86041;0.86035;1;T;True;2
1621234700000;11508727;0.86029;0.86041;0.86035;0;T;True;2
1621234701000;11508729;0.86029;0.86041;0.86035;1;T;True;2
1621234702000;11508730;0.86029;0.86041;0.86035;0;T;True;2
1621234703000;11508734;0.86029;0.86041;0.86035;3;T;True;2
1621234704000;11508736;0.8603;0.86042;0.86036;1;T;True;2
1621234705000;11508737;0.8603;0.86042;0.86036;0;T;True;2
1621234706000;11508739;0.8603;0.86042;0.86036;1;T;True;2
1621234707000;11508740;0.8603;0.86042;0.86036;0;T;True;2
1621234708000;11508742;0.8603;0.86042;0.86036;1;T;True;2
1621234709000;11508744;0.8603;0.86042;0.86036;1;T;True;2
1621234710000;11508749;0.8603;0.86042;0.86036;4;T;True;2
1621234711000;11508750;0.8603;0.86042;0.86036;0;T;True;2
1621234712000;11508752;0.86031;0.86043;0.86037;1;T;True;2
1621234713000;11508753;0.86031;0.86043;0.86037;0;T;True;2
1621234714000;11508754;0.86031;0.86043;0.86037;0;T;True;2
1621234715000;11508755;0.86031;0.86043;0.86037;0;T;True;2
1621234716000;11508756;0.86031;0.86043;0.86037;0;T;True;2
1621234717000;11508757;0.86031;0.86043;0.86037;0;T;True;2
1621234718000;11508758;0.86031;0.86043;0.86037;0;T;True;2
1621234719000;11508759;0.86031;0.86043;0.86037;0;T;True;2
1621234720000;11508760;0.86031;0.86043;0.86037;0;T;True;2
1621234721000;11508762;0.8603;0.86042;0.86036;1;T;True;2
1621234722000;11508765;0.86027;0.86039;0.86033;2;T;True;2
1621234723000;11508766;0.86027;0.86039;0.86033;0;T;True;2
1621234724000;11508767;0.86027;0.86039;0.86033;0;T;True;2
1621234725000;11508768;0.86027;0.86039;0.86033;0;T;True;2
1621234726000;11508769;0.86027;0.86039;0.86033;0;T;True;2
1621234727000;11508770;0.86027;0.86039;0.86033;0;T;True;2
1621234728000;11508771;0.86027;0.86039;0.86033;0;T;True;2
1621234729000;11508772;0.86027;0.86039;0.86033;0;T;True;2
1621234730000;11508773;0.86027;0.86039;0.86033;0;T;True;2
1621234731000;11508774;0.86027;0.86039;0.86033;0;T;True;2
1621234732000;11508776;0.86027;0.86039;0.86033;1;T;True;2
1621234733000;11508777;0.86027;0.86039;0.86033;0;T;True;2
1621234734000;11508778;0.86027;0.86039;0.86033;0;T;True;2
1621234735000;11508782;0.86027;0.86039;0.86033;3;T;True;2
1621234736000;11508785;0.86026;0.86038;0.86032;2;T;True;2
1621234737000;11508786;0.86026;0.86038;0.86032;0;T;True;2
1621234738000;11508788;0.86025;0.86037;0.86031;1;T;True;2
1621234739000;11508789;0.86025;0.86037;0.86031;0;T;True;2
1621234740000;11508793;0.86024;0.86036;0.8603;3;T;True;2
1621234741000;11508802;0.86021;0.86033;0.86027;8;T;True;2
1621234742000;11508803;0.86021;0.86033;0.86027;0;T;True;2
1621234743000;11508806;0.86021;0.86033;0.86027;2;T;True;2
1621234744000;11508807;0.86021;0.86033;0.86027;0;T;True;2
1621234745000;11508809;0.86021;0.86033;0.86027;1;T;True;2
1621234746000;11508810;0.86021;0.86033;0.86027;0;T;True;2
1621234747000;11508813;0.86021;0.86033;0.86027;2;T;True;2
1621234748000;11508814;0.86021;0.86033;0.86027;0;T;True;2
1621234749000;11508815;0.86021;0.86033;0.86027;0;T;True;2
1621234750000;11508821;0.86023;0.86035;0.86029;5;T;True;2
1621234751000;11508822;0.86023;0.86035;0.86029;0;T;True;2
1621234752000;11508823;0.86023;0.86035;0.86029;0;T;True;2
1621234753000;11508824;0.86023;0.86035;0.86029;0;T;True;2
1621234754000;11508825;0.86023;0.86035;0.86029;0;T;True;2
1621234755000;11508826;0.86023;0.86035;0.86029;0;T;True;2
1621234756000;11508827;0.86023;0.86035;0.86029;0;T;True;2
1621234757000;11508831;0.86023;0.86035;0.86029;3;T;True;2
1621234758000;11508834;0.86025;0.86037;0.86031;2;T;True;2
1621234759000;11508836;0.86025;0.86037;0.86031;1;T;True;2
1621234760000;11508837;0.86025;0.86037;0.86031;0;T;True;2
1621234761000;11508840;0.86025;0.86037;0.86031;2;T;True;2
1621234762000;11508843;0.86027;0.86039;0.86033;2;T;True;2
1621234763000;11508844;0.86027;0.86039;0.86033;0;T;True;2
1621234764000;11508848;0.86027;0.86039;0.86033;3;T;True;2
1621234765000;11508849;0.86027;0.86039;0.86033;0;T;True;2
1621234766000;11508851;0.86027;0.86039;0.86033;1;T;True;2
1621234767000;11508852;0.86027;0.86039;0.86033;0;T;True;2
1621234768000;11508855;0.86027;0.86039;0.86033;2;T;True;2
1621234769000;11508856;0.86027;0.86039;0.86033;0;T;True;2
1621234770000;11508859;0.86027;0.86039;0.86033;2;T;True;2
1621234771000;11508860;0.86027;0.86039;0.86033;0;T;True;2
1621234772000;11508863;0.86025;0.86037;0.86031;2;T;True;2
1621234773000;11508864;0.86025;0.86037;0.86031;0;T;True;2
1621234774000;11508866;0.86026;0.86038;0.86032;1;T;True;2
1621234775000;11508867;0.86026;0.86038;0.86032;0;T;True;2
1621234776000;11508873;0.86029;0.86041;0.86035;5;T;True;2
1621234777000;11508875;0.86028;0.8604;0.86034;1;T;True;2
1621234778000;11508881;0.86028;0.8604;0.86034;5;T;True;2
1621234779000;11508884;0.86029;0.86041;0.86035;2;T;True;2
1621234780000;11508887;0.8603;0.86042;0.86036;2;T;True;2
1621234781000;11508894;0.86029;0.86041;0.86035;6;T;True;2
1621234782000;11508897;0.86029;0.86041;0.86035;2;T;True;2
1621234783000;11508899;0.8603;0.86042;0.86036;1;T;True;2
1621234784000;11508902;0.86029;0.86041;0.86035;2;T;True;2
1621234785000;11508909;0.8603;0.86042;0.86036;6;T;True;2
1621234786000;11508919;0.86031;0.86043;0.86037;9;T;True;2
1621234787000;11508920;0.86031;0.86043;0.86037;0;T;True;2
1621234788000;11508921;0.86031;0.86043;0.86037;0;T;True;2
1621234789000;11508924;0.86033;0.86045;0.86039;2;T;True;2
1621234790000;11508925;0.86033;0.86045;0.86039;0;T;True;2
1621234791000;11508927;0.86032;0.86044;0.86038;1;T;True;2
1621234792000;11508928;0.86032;0.86044;0.86038;0;T;True;2
1621234793000;11508930;0.86031;0.86043;0.86037;1;T;True;2
1621234794000;11508931;0.86031;0.86043;0.86037;0;T;True;2
1621234795000;11508933;0.86031;0.86043;0.86037;1;T;True;2
1621234796000;11508934;0.86031;0.86043;0.86037;0;T;True;2
1621234797000;11508935;0.86031;0.86043;0.86037;0;T;True;2
1621234798000;11508937;0.86031;0.86043;0.86037;1;T;True;2
1621234799000;11508938;0.86031;0.86043;0.86037;0;T;True;2
1621234800000;11508939;0.86031;0.86043;0.86037;0;T;True;2
1621234801000;11508940;0.86031;0.86043;0.86037;0;T;True;2
1621234802000;11508941;0.86031;0.86043;0.86037;0;T;True;2
1621234803000;11508942;0.86031;0.86043;0.86037;0;T;True;2
1621234804000;11508943;0.86031;0.86043;0.86037;0;T;True;2
1621234805000;11508944;0.86031;0.86043;0.86037;0;T;True;2
1621234806000;11508953;0.86035;0.86047;0.86041;8;T;True;2
1621234807000;11508962;0.86042;0.86054;0.86048;8;T;True;2
1621234808000;11508973;0.86041;0.86053;0.86047;10;T;True;2
1621234809000;11508977;0.86041;0.86053;0.86047;3;T;True;2
1621234810000;11508985;0.86039;0.86051;0.86045;7;T;True;2
1621234811000;11508995;0.86041;0.86053;0.86047;9;T;True;2
1621234812000;11509001;0.86041;0.86053;0.86047;5;T;True;2
1621234813000;11509008;0.86041;0.86053;0.86047;6;T;True;2
1621234814000;11509010;0.8604;0.86052;0.86046;1;T;True;2
1621234815000;11509016;0.86037;0.86049;0.86043;5;T;True;2
1621234816000;11509022;0.86037;0.86049;0.86043;5;T;True;2
1621234817000;11509024;0.86037;0.86049;0.86043;1;T;True;2
1621234818000;11509030;0.86041;0.86053;0.86047;5;T;True;2
1621234819000;11509035;0.86041;0.86053;0.86047;4;T;True;2
1621234820000;11509038;0.86041;0.86053;0.86047;2;T;True;2
1621234821000;11509040;0.86041;0.86053;0.86047;1;T;True;2
1621234822000;11509041;0.86041;0.86053;0.86047;0;T;True;2
1621234823000;11509044;0.86041;0.86053;0.86047;2;T;True;2
1621234824000;11509050;0.86037;0.86049;0.86043;5;T;True;2
1621234825000;11509051;0.86037;0.86049;0.86043;0;T;True;2
1621234826000;11509052;0.86037;0.86049;0.86043;0;T;True;2
1621234827000;11509053;0.86037;0.86049;0.86043;0;T;True;2
1621234828000;11509061;0.86032;0.86044;0.86038;7;T;True;2
1621234829000;11509063;0.86032;0.86044;0.86038;1;T;True;2
1621234830000;11509064;0.86032;0.86044;0.86038;0;T;True;2
1621234831000;11509066;0.86033;0.86045;0.86039;1;T;True;2
1621234832000;11509068;0.86033;0.86045;0.86039;1;T;True;2
1621234833000;11509078;0.86033;0.86045;0.86039;9;T;True;2
1621234834000;11509084;0.86039;0.86051;0.86045;5;T;True;2
1621234835000;11509089;0.86039;0.86051;0.86045;4;T;True;2
1621234836000;11509090;0.86039;0.86051;0.86045;0;T;True;2
1621234837000;11509097;0.86039;0.86051;0.86045;6;T;True;2
1621234838000;11509099;0.8604;0.86052;0.86046;1;T;True;2
1621234839000;11509100;0.8604;0.86052;0.86046;0;T;True;2
1621234840000;11509101;0.8604;0.86052;0.86046;0;T;True;2
1621234841000;11509104;0.86041;0.86053;0.86047;2;T;True;2
1621234842000;11509106;0.8604;0.86052;0.86046;1;T;True;2
1621234843000;11509108;0.86041;0.86053;0.86047;1;T;True;2
1621234844000;11509109;0.86041;0.86053;0.86047;0;T;True;2
1621234845000;11509111;0.8604;0.86052;0.86046;1;T;True;2
1621234846000;11509113;0.86041;0.86053;0.86047;1;T;True;2
1621234847000;11509114;0.86041;0.86053;0.86047;0;T;True;2
1621234848000;11509115;0.86041;0.86053;0.86047;0;T;True;2
1621234849000;11509116;0.86041;0.86053;0.86047;0;T;True;2
1621234850000;11509117;0.86041;0.86053;0.86047;0;T;True;2
1621234851000;11509118;0.86041;0.86053;0.86047;0;T;True;2
1621234852000;11509121;0.86039;0.86051;0.86045;2;T;True;2
1621234853000;11509122;0.86039;0.86051;0.86045;0;T;True;2
1621234854000;11509123;0.86039;0.86051;0.86045;0;T;True;2
1621234855000;11509128;0.86037;0.86049;0.86043;4;T;True;2
1621234856000;11509134;0.86041;0.86053;0.86047;5;T;True;2
1621234857000;11509145;0.86041;0.86053;0.86047;10;T;True;2
1621234858000;11509147;0.86041;0.86053;0.86047;1;T;True;2
1621234859000;11509148;0.86041;0.86053;0.86047;0;T;True;2
1621234860000;11509154;0.86041;0.86053;0.86047;5;T;True;2
1621234861000;11509160;0.86043;0.86055;0.86049;5;T;True;2
1621234862000;11509161;0.86043;0.86055;0.86049;0;T;True;2
1621234863000;11509165;0.86045;0.86057;0.86051;3;T;True;2
1621234864000;11509170;0.86048;0.8606;0.86054;4;T;True;2
1621234865000;11509179;0.86049;0.86061;0.86055;8;T;True;2
1621234866000;11509181;0.86049;0.86061;0.86055;1;T;True;2
1621234867000;11509182;0.86049;0.86061;0.86055;0;T;True;2
1621234868000;11509183;0.86049;0.86061;0.86055;0;T;True;2
1621234869000;11509185;0.86049;0.86061;0.86055;1;T;True;2
1621234870000;11509194;0.86048;0.8606;0.86054;8;T;True;2
1621234871000;11509197;0.86048;0.8606;0.86054;2;T;True;2
1621234872000;11509199;0.86049;0.86061;0.86055;1;T;True;2
1621234873000;11509202;0.86047;0.86059;0.86053;2;T;True;2
1621234874000;11509204;0.86047;0.86059;0.86053;1;T;True;2
1621234875000;11509205;0.86047;0.86059;0.86053;0;T;True;2
1621234876000;11509209;0.86048;0.8606;0.86054;3;T;True;2
1621234877000;11509210;0.86048;0.8606;0.86054;0;T;True;2
1621234878000;11509215;0.86049;0.86061;0.86055;4;T;True;2
1621234879000;11509216;0.86049;0.86061;0.86055;0;T;True;2
1621234880000;11509220;0.86049;0.86061;0.86055;3;T;True;2
1621234881000;11509222;0.86049;0.86061;0.86055;1;T;True;2
1621234882000;11509223;0.86049;0.86061;0.86055;0;T;True;2
1621234883000;11509224;0.86049;0.86061;0.86055;0;T;True;2
1621234884000;11509226;0.86049;0.86061;0.86055;1;T;True;2
1621234885000;11509227;0.86049;0.86061;0.86055;0;T;True;2
1621234886000;11509228;0.86049;0.86061;0.86055;0;T;True;2
1621234887000;11509232;0.86053;0.86065;0.86059;3;T;True;2
1621234888000;11509234;0.86052;0.86064;0.86058;1;T;True;2
1621234889000;11509235;0.86052;0.86064;0.86058;0;T;True;2
1621234890000;11509239;0.86053;0.86065;0.86059;3;T;True;2
1621234891000;11509240;0.86053;0.86065;0.86059;0;T;True;2
1621234892000;11509241;0.86053;0.86065;0.86059;0;T;True;2
1621234893000;11509244;0.86053;0.86065;0.86059;2;T;True;2
1621234894000;11509245;0.86053;0.86065;0.86059;0;T;True;2
1621234895000;11509247;0.86053;0.86065;0.86059;1;T;True;2
1621234896000;11509250;0.86053;0.86065;0.86059;2;T;True;2
1621234897000;11509257;0.86053;0.86065;0.86059;6;T;True;2
1621234898000;11509259;0.86053;0.86065;0.86059;1;T;True;2
1621234899000;11509262;0.86053;0.86065;0.86059;2;T;True;2
1621234900000;11509263;0.86053;0.86065;0.86059;0;T;True;2
1621234901000;11509264;0.86053;0.86065;0.86059;0;T;True;2
1621234902000;11509265;0.86053;0.86065;0.86059;0;T;True;2
1621234903000;11509266;0.86053;0.86065;0.86059;0;T;True;2
1621234904000;11509267;0.86053;0.86065;0.86059;0;T;True;2
1621234905000;11509268;0.86053;0.86065;0.86059;0;T;True;2
1621234906000;11509269;0.86053;0.86065;0.86059;0;T;True;2
1621234907000;11509270;0.86053;0.86065;0.86059;0;T;True;2
1621234908000;11509274;0.86053;0.86065;0.86059;3;T;True;2
1621234909000;11509275;0.86053;0.86065;0.86059;0;T;True;2
1621234910000;11509276;0.86053;0.86065;0.86059;0;T;True;2
1621234911000;11509278;0.86053;0.86065;0.86059;1;T;True;2
1621234912000;11509280;0.86052;0.86064;0.86058;1;T;True;2
1621234913000;11509286;0.86053;0.86065;0.86059;5;T;True;2
1621234914000;11509287;0.86053;0.86065;0.86059;0;T;True;2
1621234915000;11509289;0.86053;0.86065;0.86059;1;T;True;2
1621234916000;11509290;0.86053;0.86065;0.86059;0;T;True;2
1621234917000;11509291;0.86053;0.86065;0.86059;0;T;True;2
1621234918000;11509293;0.86053;0.86065;0.86059;1;T;True;2
1621234919000;11509299;0.86055;0.86067;0.86061;5;T;True;2
1621234920000;11509303;0.86053;0.86065;0.86059;3;T;True;2
1621234921000;11509306;0.86052;0.86064;0.86058;2;T;True;2
1621234922000;11509309;0.86051;0.86063;0.86057;2;T;True;2
1621234923000;11509316;0.86047;0.86059;0.86053;6;T;True;2
1621234924000;11509317;0.86047;0.86059;0.86053;0;T;True;2
1621234925000;11509320;0.86047;0.86059;0.86053;2;T;True;2
1621234926000;11509329;0.86041;0.86053;0.86047;8;T;True;2
1621234927000;11509330;0.86041;0.86053;0.86047;0;T;True;2
1621234928000;11509332;0.8604;0.86052;0.86046;1;T;True;2
1621234929000;11509333;0.8604;0.86052;0.86046;0;T;True;2
1621234930000;11509336;0.86038;0.8605;0.86044;2;T;True;2
1621234931000;11509337;0.86038;0.8605;0.86044;0;T;True;2
1621234932000;11509342;0.86039;0.86051;0.86045;4;T;True;2
1621234933000;11509350;0.86047;0.86059;0.86053;7;T;True;2
1621234934000;11509351;0.86047;0.86059;0.86053;0;T;True;2
1621234935000;11509352;0.86047;0.86059;0.86053;0;T;True;2
1621234936000;11509359;0.86047;0.86059;0.86053;6;T;True;2
1621234937000;11509361;0.86046;0.86058;0.86052;1;T;True;2
1621234938000;11509363;0.86046;0.86058;0.86052;1;T;True;2
1621234939000;11509365;0.86047;0.86059;0.86053;1;T;True;2
1621234940000;11509367;0.86046;0.86058;0.86052;1;T;True;2
1621234941000;11509370;0.86045;0.86057;0.86051;2;T;True;2
1621234942000;11509374;0.86045;0.86057;0.86051;3;T;True;2
1621234943000;11509375;0.86045;0.86057;0.86051;0;T;True;2
1621234944000;11509377;0.86045;0.86057;0.86051;1;T;True;2
1621234945000;11509378;0.86045;0.86057;0.86051;0;T;True;2
1621234946000;11509380;0.86044;0.86056;0.8605;1;T;True;2
1621234947000;11509381;0.86044;0.86056;0.8605;0;T;True;2
1621234948000;11509382;0.86044;0.86056;0.8605;0;T;True;2
1621234949000;11509384;0.86045;0.86057;0.86051;1;T;True;2
1621234950000;11509385;0.86045;0.86057;0.86051;0;T;True;2
1621234951000;11509388;0.86044;0.86056;0.8605;2;T;True;2
1621234952000;11509394;0.86045;0.86057;0.86051;5;T;True;2
1621234953000;11509399;0.86042;0.86054;0.86048;4;T;True;2
1621234954000;11509401;0.86042;0.86054;0.86048;1;T;True;2
1621234955000;11509403;0.86043;0.86055;0.86049;1;T;True;2
1621234956000;11509410;0.86047;0.86059;0.86053;6;T;True;2
1621234957000;11509417;0.86048;0.8606;0.86054;6;T;True;2
1621234958000;11509423;0.86047;0.86059;0.86053;5;T;True;2
1621234959000;11509425;0.86047;0.86059;0.86053;1;T;True;2
1621234960000;11509427;0.86047;0.86059;0.86053;1;T;True;2
1621234961000;11509428;0.86047;0.86059;0.86053;0;T;True;2
1621234962000;11509433;0.86047;0.86059;0.86053;4;T;True;2
1621234963000;11509434;0.86047;0.86059;0.86053;0;T;True;2
1621234964000;11509440;0.86044;0.86056;0.8605;5;T;True;2
1621234965000;11509441;0.86044;0.86056;0.8605;0;T;True;2
1621234966000;11509442;0.86044;0.86056;0.8605;0;T;True;2
1621234967000;11509443;0.86044;0.86056;0.8605;0;T;True;2
1621234968000;11509445;0.86043;0.86055;0.86049;1;T;True;2
1621234969000;11509446;0.86043;0.86055;0.86049;0;T;True;2
1621234970000;11509447;0.86043;0.86055;0.86049;0;T;True;2
1621234971000;11509448;0.86043;0.86055;0.86049;0;T;True;2
1621234972000;11509451;0.86043;0.86055;0.86049;2;T;True;2
1621234973000;11509452;0.86043;0.86055;0.86049;0;T;True;2
1621234974000;11509453;0.86043;0.86055;0.86049;0;T;True;2
1621234975000;11509455;0.86042;0.86054;0.86048;1;T;True;2
1621234976000;11509456;0.86042;0.86054;0.86048;0;T;True;2
1621234977000;11509458;0.86041;0.86053;0.86047;1;T;True;2
1621234978000;11509461;0.86041;0.86053;0.86047;2;T;True;2
1621234979000;11509462;0.86041;0.86053;0.86047;0;T;True;2
1621234980000;11509464;0.86041;0.86053;0.86047;1;T;True;2
1621234981000;11509465;0.86041;0.86053;0.86047;0;T;True;2
1621234982000;11509467;0.86041;0.86053;0.86047;1;T;True;2
1621234983000;11509469;0.86041;0.86053;0.86047;1;T;True;2
1621234984000;11509470;0.86041;0.86053;0.86047;0;T;True;2
1621234985000;11509472;0.86041;0.86053;0.86047;1;T;True;2
1621234986000;11509474;0.86042;0.86054;0.86048;1;T;True;2
1621234987000;11509478;0.86042;0.86054;0.86048;3;T;True;2
1621234988000;11509479;0.86042;0.86054;0.86048;0;T;True;2
1621234989000;11509482;0.86043;0.86055;0.86049;2;T;True;2
1621234990000;11509484;0.86043;0.86055;0.86049;1;T;True;2
1621234991000;11509487;0.86045;0.86057;0.86051;2;T;True;2
1621234992000;11509491;0.86047;0.86059;0.86053;3;T;True;2
1621234993000;11509493;0.86047;0.86059;0.86053;1;T;True;2
1621234994000;11509499;0.86048;0.8606;0.86054;5;T;True;2
1621234995000;11509506;0.86053;0.86065;0.86059;6;T;True;2
1621234996000;11509512;0.86054;0.86066;0.8606;5;T;True;2
1621234997000;11509515;0.86054;0.86066;0.8606;2;T;True;2
1621234998000;11509516;0.86054;0.86066;0.8606;0;T;True;2
1621234999000;11509517;0.86054;0.86066;0.8606;0;T;True;2
1621235000000;11509518;0.86054;0.86066;0.8606;0;T;True;2
1621235001000;11509519;0.86054;0.86066;0.8606;0;T;True;2
1621235002000;11509520;0.86054;0.86066;0.8606;0;T;True;2
1621235003000;11509524;0.86054;0.86066;0.8606;3;T;True;2
1621235004000;11509525;0.86054;0.86066;0.8606;0;T;True;2
1621235005000;11509527;0.86053;0.86065;0.86059;1;T;True;2
1621235006000;11509528;0.86053;0.86065;0.86059;0;T;True;2
1621235007000;11509540;0.86051;0.86063;0.86057;11;T;True;2
1621235008000;11509541;0.86051;0.86063;0.86057;0;T;True;2
1621235009000;11509543;0.86051;0.86063;0.86057;1;T;True;2
1621235010000;11509544;0.86051;0.86063;0.86057;0;T;True;2
1621235011000;11509545;0.86051;0.86063;0.86057;0;T;True;2
1621235012000;11509546;0.86051;0.86063;0.86057;0;T;True;2
1621235013000;11509548;0.86053;0.86065;0.86059;1;T;True;2
1621235014000;11509553;0.86054;0.86066;0.8606;4;T;True;2
1621235015000;11509554;0.86054;0.86066;0.8606;0;T;True;2
1621235016000;11509558;0.86054;0.86066;0.8606;3;T;True;2
1621235017000;11509560;0.86054;0.86066;0.8606;1;T;True;2
1621235018000;11509561;0.86054;0.86066;0.8606;0;T;True;2
1621235019000;11509564;0.86054;0.86066;0.8606;2;T;True;2
1621235020000;11509569;0.86053;0.86065;0.86059;4;T;True;2
1621235021000;11509570;0.86053;0.86065;0.86059;0;T;True;2
1621235022000;11509571;0.86053;0.86065;0.86059;0;T;True;2
1621235023000;11509572;0.86053;0.86065;0.86059;0;T;True;2
1621235024000;11509573;0.86053;0.86065;0.86059;0;T;True;2
1621235025000;11509574;0.86053;0.86065;0.86059;0;T;True;2
1621235026000;11509575;0.86053;0.86065;0.86059;0;T;True;2
1621235027000;11509577;0.86053;0.86065;0.86059;1;T;True;2
1621235028000;11509579;0.86053;0.86065;0.86059;1;T;True;2
1621235029000;11509580;0.86053;0.86065;0.86059;0;T;True;2
1621235030000;11509581;0.86053;0.86065;0.86059;0;T;True;2
1621235031000;11509582;0.86053;0.86065;0.86059;0;T;True;2
1621235032000;11509583;0.86053;0.86065;0.86059;0;T;True;2
1621235033000;11509585;0.86053;0.86065;0.86059;1;T;True;2
1621235034000;11509586;0.86053;0.86065;0.86059;0;T;True;2
1621235035000;11509588;0.86053;0.86065;0.86059;1;T;True;2
1621235036000;11509590;0.86054;0.86066;0.8606;1;T;True;2
1621235037000;11509591;0.86054;0.86066;0.8606;0;T;True;2
1621235038000;11509592;0.86054;0.86066;0.8606;0;T;True;2
1621235039000;11509595;0.86054;0.86066;0.8606;2;T;True;2
1621235040000;11509597;0.86054;0.86066;0.8606;2;T;True;2
1621235041000;11509601;0.86055;0.86067;0.86061;3;T;True;2
1621235042000;11509603;0.86055;0.86067;0.86061;1;T;True;2
1621235043000;11509606;0.86054;0.86066;0.8606;2;T;True;2
1621235044000;11509608;0.86054;0.86066;0.8606;1;T;True;2
1621235045000;11509611;0.86054;0.86066;0.8606;2;T;True;2
1621235046000;11509612;0.86054;0.86066;0.8606;0;T;True;2
1621235047000;11509620;0.86051;0.86063;0.86057;7;T;True;2
1621235048000;11509622;0.86051;0.86063;0.86057;1;T;True;2
1621235049000;11509623;0.86051;0.86063;0.86057;0;T;True;2
1621235050000;11509624;0.86051;0.86063;0.86057;0;T;True;2
1621235051000;11509625;0.86051;0.86063;0.86057;0;T;True;2
1621235052000;11509626;0.86051;0.86063;0.86057;0;T;True;2
1621235053000;11509627;0.86051;0.86063;0.86057;0;T;True;2
1621235054000;11509628;0.86051;0.86063;0.86057;0;T;True;2
1621235055000;11509629;0.86051;0.86063;0.86057;0;T;True;2
1621235056000;11509632;0.86049;0.86061;0.86055;2;T;True;2
1621235057000;11509635;0.86049;0.86061;0.86055;2;T;True;2
1621235058000;11509638;0.86049;0.86061;0.86055;2;T;True;2
1621235059000;11509640;0.86049;0.86061;0.86055;1;T;True;2
1621235060000;11509642;0.8605;0.86062;0.86056;1;T;True;2
1621235061000;11509643;0.8605;0.86062;0.86056;0;T;True;2
1621235062000;11509645;0.86051;0.86063;0.86057;1;T;True;2
1621235063000;11509649;0.86051;0.86063;0.86057;3;T;True;2
1621235064000;11509651;0.86051;0.86063;0.86057;1;T;True;2
1621235065000;11509652;0.86051;0.86063;0.86057;0;T;True;2
1621235066000;11509653;0.86051;0.86063;0.86057;0;T;True;2
1621235067000;11509654;0.86051;0.86063;0.86057;0;T;True;2
1621235068000;11509656;0.86051;0.86063;0.86057;1;T;True;2
1621235069000;11509665;0.86053;0.86065;0.86059;8;T;True;2
1621235070000;11509670;0.86051;0.86063;0.86057;4;T;True;2
1621235071000;11509671;0.86051;0.86063;0.86057;0;T;True;2
1621235072000;11509675;0.86051;0.86063;0.86057;3;T;True;2
1621235073000;11509681;0.86052;0.86064;0.86058;5;T;True;2
1621235074000;11509683;0.86052;0.86064;0.86058;1;T;True;2
1621235075000;11509686;0.86051;0.86063;0.86057;2;T;True;2
1621235076000;11509687;0.86051;0.86063;0.86057;0;T;True;2
1621235077000;11509688;0.86051;0.86063;0.86057;0;T;True;2
1621235078000;11509689;0.86051;0.86063;0.86057;0;T;True;2
1621235079000;11509697;0.86045;0.86057;0.86051;7;T;True;2
1621235080000;11509701;0.86043;0.86055;0.86049;3;T;True;2
1621235081000;11509705;0.86041;0.86053;0.86047;3;T;True;2
1621235082000;11509707;0.86041;0.86053;0.86047;1;T;True;2
1621235083000;11509710;0.86041;0.86053;0.86047;2;T;True;2
1621235084000;11509712;0.86042;0.86054;0.86048;1;T;True;2
1621235085000;11509714;0.86043;0.86055;0.86049;1;T;True;2
1621235086000;11509718;0.86045;0.86057;0.86051;3;T;True;2
1621235087000;11509722;0.86046;0.86058;0.86052;3;T;True;2
1621235088000;11509727;0.86049;0.86061;0.86055;4;T;True;2
1621235089000;11509729;0.86047;0.86059;0.86053;1;T;True;2
1621235090000;11509730;0.86047;0.86059;0.86053;0;T;True;2
1621235091000;11509732;0.86046;0.86058;0.86052;1;T;True;2
1621235092000;11509735;0.86047;0.86059;0.86053;2;T;True;2
1621235093000;11509737;0.86047;0.86059;0.86053;1;T;True;2
1621235094000;11509739;0.86046;0.86058;0.86052;1;T;True;2
1621235095000;11509750;0.86051;0.86063;0.86057;10;T;True;2
1621235096000;11509753;0.86049;0.86061;0.86055;2;T;True;2
1621235097000;11509754;0.86049;0.86061;0.86055;0;T;True;2
1621235098000;11509757;0.86049;0.86061;0.86055;2;T;True;2
1621235099000;11509760;0.86049;0.86061;0.86055;2;T;True;2
1621235100000;11509761;0.86049;0.86061;0.86055;0;T;True;2
1621235101000;11509770;0.86047;0.86059;0.86053;8;T;True;2
1621235102000;11509772;0.86047;0.86059;0.86053;1;T;True;2
1621235103000;11509774;0.86047;0.86059;0.86053;1;T;True;2
1621235104000;11509776;0.86047;0.86059;0.86053;1;T;True;2
1621235105000;11509778;0.86047;0.86059;0.86053;1;T;True;2
1621235106000;11509780;0.86047;0.86059;0.86053;1;T;True;2
1621235107000;11509781;0.86047;0.86059;0.86053;0;T;True;2
1621235108000;11509786;0.86045;0.86057;0.86051;4;T;True;2
1621235109000;11509788;0.86045;0.86057;0.86051;1;T;True;2
1621235110000;11509792;0.86045;0.86057;0.86051;3;T;True;2
1621235111000;11509799;0.86047;0.86059;0.86053;6;T;True;2
1621235112000;11509804;0.86045;0.86057;0.86051;4;T;True;2
1621235113000;11509806;0.86045;0.86057;0.86051;1;T;True;2
1621235114000;11509808;0.86045;0.86057;0.86051;1;T;True;2
1621235115000;11509812;0.86047;0.86059;0.86053;3;T;True;2
1621235116000;11509813;0.86047;0.86059;0.86053;0;T;True;2
1621235117000;11509814;0.86047;0.86059;0.86053;0;T;True;2
1621235118000;11509817;0.86047;0.86059;0.86053;2;T;True;2
1621235119000;11509818;0.86047;0.86059;0.86053;0;T;True;2
1621235120000;11509819;0.86047;0.86059;0.86053;0;T;True;2
1621235121000;11509824;0.86045;0.86057;0.86051;4;T;True;2
1621235122000;11509830;0.86045;0.86057;0.86051;5;T;True;2
1621235123000;11509833;0.86045;0.86057;0.86051;2;T;True;2
1621235124000;11509839;0.86045;0.86057;0.86051;5;T;True;2
1621235125000;11509841;0.86045;0.86057;0.86051;1;T;True;2
1621235126000;11509845;0.86047;0.86059;0.86053;3;T;True;2
1621235127000;11509846;0.86047;0.86059;0.86053;0;T;True;2
1621235128000;11509853;0.86047;0.86059;0.86053;6;T;True;2
1621235129000;11509854;0.86047;0.86059;0.86053;0;T;True;2
1621235130000;11509856;0.86047;0.86059;0.86053;1;T;True;2
1621235131000;11509860;0.86047;0.86059;0.86053;3;T;True;2
1621235132000;11509867;0.86044;0.86056;0.8605;6;T;True;2
1621235133000;11509870;0.86043;0.86055;0.86049;2;T;True;2
1621235134000;11509872;0.86043;0.86055;0.86049;1;T;True;2
1621235135000;11509873;0.86043;0.86055;0.86049;0;T;True;2
1621235136000;11509875;0.86043;0.86055;0.86049;1;T;True;2
1621235137000;11509886;0.86045;0.86057;0.86051;10;T;True;2
1621235138000;11509888;0.86046;0.86058;0.86052;1;T;True;2
1621235139000;11509889;0.86046;0.86058;0.86052;0;T;True;2
1621235140000;11509891;0.86047;0.86059;0.86053;1;T;True;2
1621235141000;11509896;0.86047;0.86059;0.86053;4;T;True;2
1621235142000;11509901;0.86045;0.86057;0.86051;4;T;True;2
1621235143000;11509903;0.86046;0.86058;0.86052;1;T;True;2
1621235144000;11509906;0.86046;0.86058;0.86052;2;T;True;2
1621235145000;11509907;0.86046;0.86058;0.86052;0;T;True;2
1621235146000;11509911;0.86043;0.86055;0.86049;3;T;True;2
1621235147000;11509916;0.86042;0.86054;0.86048;4;T;True;2
1621235148000;11509917;0.86042;0.86054;0.86048;0;T;True;2
1621235149000;11509921;0.86043;0.86055;0.86049;3;T;True;2
1621235150000;11509922;0.86043;0.86055;0.86049;0;T;True;2
1621235151000;11509924;0.86043;0.86055;0.86049;1;T;True;2
1621235152000;11509926;0.86044;0.86056;0.8605;1;T;True;2
1621235153000;11509928;0.86045;0.86057;0.86051;1;T;True;2
1621235154000;11509933;0.86047;0.86059;0.86053;4;T;True;2
1621235155000;11509934;0.86047;0.86059;0.86053;0;T;True;2
1621235156000;11509935;0.86047;0.86059;0.86053;0;T;True;2
1621235157000;11509938;0.86047;0.86059;0.86053;2;T;True;2
1621235158000;11509940;0.86047;0.86059;0.86053;1;T;True;2
1621235159000;11509943;0.86047;0.86059;0.86053;2;T;True;2
1621235160000;11509945;0.86047;0.86059;0.86053;1;T;True;2
1621235161000;11509948;0.86047;0.86059;0.86053;2;T;True;2
1621235162000;11509949;0.86047;0.86059;0.86053;0;T;True;2
1621235163000;11509950;0.86047;0.86059;0.86053;0;T;True;2
1621235164000;11509951;0.86047;0.86059;0.86053;0;T;True;2
1621235165000;11509952;0.86047;0.86059;0.86053;0;T;True;2
1621235166000;11509953;0.86047;0.86059;0.86053;0;T;True;2
1621235167000;11509954;0.86047;0.86059;0.86053;0;T;True;2
1621235168000;11509955;0.86047;0.86059;0.86053;0;T;True;2
1621235169000;11509957;0.86047;0.86059;0.86053;1;T;True;2
1621235170000;11509960;0.86047;0.86059;0.86053;2;T;True;2
1621235171000;11509961;0.86047;0.86059;0.86053;0;T;True;2
1621235172000;11509962;0.86047;0.86059;0.86053;0;T;True;2
1621235173000;11509963;0.86047;0.86059;0.86053;0;T;True;2
1621235174000;11509964;0.86047;0.86059;0.86053;0;T;True;2
1621235175000;11509965;0.86047;0.86059;0.86053;0;T;True;2
1621235176000;11509969;0.86047;0.86059;0.86053;3;T;True;2
1621235177000;11509970;0.86047;0.86059;0.86053;0;T;True;2
1621235178000;11509972;0.86047;0.86059;0.86053;1;T;True;2
1621235179000;11509978;0.86042;0.86054;0.86048;5;T;True;2
1621235180000;11509979;0.86042;0.86054;0.86048;0;T;True;2
1621235181000;11509981;0.86043;0.86055;0.86049;1;T;True;2
1621235182000;11509982;0.86043;0.86055;0.86049;0;T;True;2
1621235183000;11509983;0.86043;0.86055;0.86049;0;T;True;2
1621235184000;11509984;0.86043;0.86055;0.86049;0;T;True;2
1621235185000;11509985;0.86043;0.86055;0.86049;0;T;True;2
1621235186000;11509987;0.86042;0.86054;0.86048;1;T;True;2
1621235187000;11509988;0.86042;0.86054;0.86048;0;T;True;2
1621235188000;11509989;0.86042;0.86054;0.86048;0;T;True;2
1621235189000;11509993;0.86037;0.86049;0.86043;3;T;True;2
1621235190000;11510002;0.86028;0.8604;0.86034;8;T;True;2
1621235191000;11510004;0.86027;0.86039;0.86033;1;T;True;2
1621235192000;11510006;0.86028;0.8604;0.86034;1;T;True;2
1621235193000;11510010;0.86029;0.86041;0.86035;3;T;True;2
1621235194000;11510012;0.86029;0.86041;0.86035;1;T;True;2
1621235195000;11510014;0.8603;0.86042;0.86036;1;T;True;2
1621235196000;11510015;0.8603;0.86042;0.86036;0;T;True;2
1621235197000;11510018;0.86031;0.86043;0.86037;2;T;True;2
1621235198000;11510019;0.86031;0.86043;0.86037;0;T;True;2
1621235199000;11510020;0.86031;0.86043;0.86037;0;T;True;2
1621235200000;11510021;0.86031;0.86043;0.86037;0;T;True;2
1621235201000;11510022;0.86031;0.86043;0.86037;0;T;True;2
1621235202000;11510023;0.86031;0.86043;0.86037;0;T;True;2
1621235203000;11510024;0.86031;0.86043;0.86037;0;T;True;2
1621235204000;11510027;0.86031;0.86043;0.86037;2;T;True;2
1621235205000;11510028;0.86031;0.86043;0.86037;0;T;True;2
1621235206000;11510029;0.86031;0.86043;0.86037;0;T;True;2
1621235207000;11510030;0.86031;0.86043;0.86037;0;T;True;2
1621235208000;11510031;0.86031;0.86043;0.86037;0;T;True;2
1621235209000;11510039;0.86025;0.86037;0.86031;7;T;True;2
1621235210000;11510040;0.86025;0.86037;0.86031;0;T;True;2
1621235211000;11510042;0.86025;0.86037;0.86031;1;T;True;2
1621235212000;11510047;0.86023;0.86035;0.86029;4;T;True;2
1621235213000;11510049;0.86022;0.86034;0.86028;1;T;True;2
1621235214000;11510051;0.86023;0.86035;0.86029;1;T;True;2
1621235215000;11510054;0.86023;0.86035;0.86029;2;T;True;2
1621235216000;11510060;0.86028;0.8604;0.86034;5;T;True;2
1621235217000;11510065;0.86028;0.8604;0.86034;4;T;True;2
1621235218000;11510066;0.86028;0.8604;0.86034;0;T;True;2
1621235219000;11510069;0.86028;0.8604;0.86034;2;T;True;2
1621235220000;11510070;0.86028;0.8604;0.86034;0;T;True;2
1621235221000;11510075;0.86027;0.86039;0.86033;4;T;True;2
1621235222000;11510078;0.86029;0.86041;0.86035;2;T;True;2
1621235223000;11510083;0.86033;0.86045;0.86039;4;T;True;2
1621235224000;11510084;0.86033;0.86045;0.86039;0;T;True;2
1621235225000;11510085;0.86033;0.86045;0.86039;0;T;True;2
1621235226000;11510086;0.86033;0.86045;0.86039;0;T;True;2
1621235227000;11510088;0.86033;0.86045;0.86039;1;T;True;2
1621235228000;11510092;0.86033;0.86045;0.86039;3;T;True;2
1621235229000;11510094;0.86033;0.86045;0.86039;1;T;True;2
1621235230000;11510095;0.86033;0.86045;0.86039;0;T;True;2
1621235231000;11510097;0.86032;0.86044;0.86038;1;T;True;2
1621235232000;11510099;0.86032;0.86044;0.86038;1;T;True;2
1621235233000;11510100;0.86032;0.86044;0.86038;0;T;True;2
1621235234000;11510101;0.86032;0.86044;0.86038;0;T;True;2
1621235235000;11510102;0.86032;0.86044;0.86038;0;T;True;2
1621235236000;11510103;0.86032;0.86044;0.86038;0;T;True;2
1621235237000;11510109;0.86028;0.8604;0.86034;5;T;True;2
1621235238000;11510110;0.86028;0.8604;0.86034;0;T;True;2
1621235239000;11510116;0.86029;0.86041;0.86035;5;T;True;2
1621235240000;11510118;0.86028;0.8604;0.86034;1;T;True;2
1621235241000;11510125;0.86025;0.86037;0.86031;6;T;True;2
1621235242000;11510126;0.86025;0.86037;0.86031;0;T;True;2
1621235243000;11510130;0.86024;0.86036;0.8603;3;T;True;2
1621235244000;11510133;0.86025;0.86037;0.86031;2;T;True;2
1621235245000;11510134;0.86025;0.86037;0.86031;0;T;True;2
1621235246000;11510136;0.86023;0.86035;0.86029;1;T;True;2
1621235247000;11510143;0.86016;0.86028;0.86022;6;T;True;2
1621235248000;11510145;0.86017;0.86029;0.86023;1;T;True;2
1621235249000;11510147;0.86017;0.86029;0.86023;1;T;True;2
1621235250000;11510153;0.86012;0.86024;0.86018;5;T;True;2
1621235251000;11510156;0.86012;0.86024;0.86018;2;T;True;2
1621235252000;11510163;0.86009;0.86021;0.86015;6;T;True;2
1621235253000;11510167;0.86013;0.86025;0.86019;3;T;True;2
1621235254000;11510169;0.86012;0.86024;0.86018;1;T;True;2
1621235255000;11510170;0.86012;0.86024;0.86018;0;T;True;2
1621235256000;11510174;0.86015;0.86027;0.86021;3;T;True;2
1621235257000;11510175;0.86015;0.86027;0.86021;0;T;True;2
1621235258000;11510176;0.86015;0.86027;0.86021;0;T;True;2
1621235259000;11510183;0.86021;0.86033;0.86027;6;T;True;2
1621235260000;11510185;0.86021;0.86033;0.86027;1;T;True;2
1621235261000;11510186;0.86021;0.86033;0.86027;0;T;True;2
1621235262000;11510187;0.86021;0.86033;0.86027;0;T;True;2
1621235263000;11510188;0.86021;0.86033;0.86027;0;T;True;2
1621235264000;11510189;0.86021;0.86033;0.86027;0;T;True;2
1621235265000;11510192;0.86023;0.86035;0.86029;2;T;True;2
1621235266000;11510196;0.86023;0.86035;0.86029;3;T;True;2
1621235267000;11510203;0.86025;0.86037;0.86031;6;T;True;2
1621235268000;11510205;0.86025;0.86037;0.86031;1;T;True;2
1621235269000;11510206;0.86025;0.86037;0.86031;0;T;True;2
1621235270000;11510210;0.86026;0.86038;0.86032;3;T;True;2
1621235271000;11510211;0.86026;0.86038;0.86032;0;T;True;2
1621235272000;11510213;0.86025;0.86037;0.86031;1;T;True;2
1621235273000;11510221;0.86021;0.86033;0.86027;7;T;True;2
1621235274000;11510227;0.86018;0.8603;0.86024;5;T;True;2
1621235275000;11510235;0.8602;0.86032;0.86026;7;T;True;2
1621235276000;11510237;0.8602;0.86032;0.86026;1;T;True;2
1621235277000;11510238;0.8602;0.86032;0.86026;0;T;True;2
1621235278000;11510240;0.86019;0.86031;0.86025;1;T;True;2
1621235279000;11510243;0.86019;0.86031;0.86025;2;T;True;2
1621235280000;11510244;0.86019;0.86031;0.86025;0;T;True;2
1621235281000;11510245;0.86019;0.86031;0.86025;0;T;True;2
1621235282000;11510247;0.8602;0.86032;0.86026;1;T;True;2
1621235283000;11510248;0.8602;0.86032;0.86026;0;T;True;2
1621235284000;11510249;0.8602;0.86032;0.86026;0;T;True;2
1621235285000;11510250;0.8602;0.86032;0.86026;0;T;True;2
1621235286000;11510252;0.86019;0.86031;0.86025;1;T;True;2
1621235287000;11510253;0.86019;0.86031;0.86025;0;T;True;2
1621235288000;11510255;0.86019;0.86031;0.86025;1;T;True;2
1621235289000;11510256;0.86019;0.86031;0.86025;0;T;True;2
1621235290000;11510257;0.86019;0.86031;0.86025;0;T;True;2
1621235291000;11510258;0.86019;0.86031;0.86025;0;T;True;2
1621235292000;11510259;0.86019;0.86031;0.86025;0;T;True;2
1621235293000;11510260;0.86019;0.86031;0.86025;0;T;True;2
1621235294000;11510268;0.86015;0.86027;0.86021;7;T;True;2
1621235295000;11510269;0.86015;0.86027;0.86021;0;T;True;2
1621235296000;11510273;0.86013;0.86025;0.86019;3;T;True;2
1621235297000;11510283;0.8601;0.86022;0.86016;9;T;True;2
1621235298000;11510287;0.86009;0.86021;0.86015;3;T;True;2
1621235299000;11510290;0.86009;0.86021;0.86015;2;T;True;2
1621235300000;11510291;0.86009;0.86021;0.86015;0;T;True;2
1621235301000;11510292;0.86009;0.86021;0.86015;0;T;True;2
1621235302000;11510294;0.86009;0.86021;0.86015;1;T;True;2
1621235303000;11510295;0.86009;0.86021;0.86015;0;T;True;2
1621235304000;11510297;0.86009;0.86021;0.86015;1;T;True;2
1621235305000;11510298;0.86009;0.86021;0.86015;0;T;True;2
1621235306000;11510300;0.86008;0.8602;0.86014;1;T;True;2
1621235307000;11510303;0.86008;0.8602;0.86014;2;T;True;2
1621235308000;11510313;0.86007;0.86019;0.86013;9;T;True;2
1621235309000;11510315;0.86009;0.86021;0.86015;1;T;True;2
1621235310000;11510316;0.86009;0.86021;0.86015;0;T;True;2
1621235311000;11510317;0.86009;0.86021;0.86015;0;T;True;2
1621235312000;11510320;0.86011;0.86023;0.86017;2;T;True;2
1621235313000;11510321;0.86011;0.86023;0.86017;0;T;True;2
1621235314000;11510322;0.86011;0.86023;0.86017;0;T;True;2
1621235315000;11510324;0.86012;0.86024;0.86018;1;T;True;2
1621235316000;11510325;0.86012;0.86024;0.86018;0;T;True;2
1621235317000;11510330;0.86013;0.86025;0.86019;4;T;True;2
1621235318000;11510335;0.86013;0.86025;0.86019;4;T;True;2
1621235319000;11510338;0.86013;0.86025;0.86019;2;T;True;2
1621235320000;11510344;0.86015;0.86027;0.86021;5;T;True;2
1621235321000;11510348;0.86015;0.86027;0.86021;3;T;True;2
1621235322000;11510353;0.86015;0.86027;0.86021;4;T;True;2
1621235323000;11510356;0.86015;0.86027;0.86021;2;T;True;2
1621235324000;11510357;0.86015;0.86027;0.86021;0;T;True;2
1621235325000;11510359;0.86016;0.86028;0.86022;1;T;True;2
1621235326000;11510360;0.86016;0.86028;0.86022;0;T;True;2
1621235327000;11510362;0.86016;0.86028;0.86022;1;T;True;2
1621235328000;11510363;0.86016;0.86028;0.86022;0;T;True;2
1621235329000;11510364;0.86016;0.86028;0.86022;0;T;True;2
1621235330000;11510365;0.86016;0.86028;0.86022;0;T;True;2
1621235331000;11510369;0.86019;0.86031;0.86025;3;T;True;2
1621235332000;11510370;0.86019;0.86031;0.86025;0;T;True;2
1621235333000;11510372;0.86019;0.86031;0.86025;1;T;True;2
1621235334000;11510373;0.86019;0.86031;0.86025;0;T;True;2
1621235335000;11510375;0.8602;0.86032;0.86026;1;T;True;2
1621235336000;11510376;0.8602;0.86032;0.86026;0;T;True;2
1621235337000;11510377;0.8602;0.86032;0.86026;0;T;True;2
1621235338000;11510379;0.8602;0.86032;0.86026;1;T;True;2
1621235339000;11510381;0.86019;0.86031;0.86025;1;T;True;2
1621235340000;11510382;0.86019;0.86031;0.86025;0;T;True;2
1621235341000;11510383;0.86019;0.86031;0.86025;0;T;True;2
1621235342000;11510384;0.86019;0.86031;0.86025;0;T;True;2
1621235343000;11510394;0.86015;0.86027;0.86021;9;T;True;2
1621235344000;11510398;0.86014;0.86026;0.8602;3;T;True;2
1621235345000;11510402;0.86014;0.86026;0.8602;3;T;True;2
1621235346000;11510403;0.86014;0.86026;0.8602;0;T;True;2
1621235347000;11510406;0.86015;0.86027;0.86021;2;T;True;2
1621235348000;11510410;0.86015;0.86027;0.86021;3;T;True;2
1621235349000;11510411;0.86015;0.86027;0.86021;0;T;True;2
1621235350000;11510415;0.86016;0.86028;0.86022;3;T;True;2
1621235351000;11510417;0.86017;0.86029;0.86023;1;T;True;2
1621235352000;11510418;0.86017;0.86029;0.86023;0;T;True;2
1621235353000;11510422;0.86018;0.8603;0.86024;3;T;True;2
1621235354000;11510427;0.86018;0.8603;0.86024;4;T;True;2
1621235355000;11510432;0.86019;0.86031;0.86025;4;T;True;2
1621235356000;11510434;0.86019;0.86031;0.86025;1;T;True;2
1621235357000;11510435;0.86019;0.86031;0.86025;0;T;True;2
1621235358000;11510436;0.86019;0.86031;0.86025;0;T;True;2
1621235359000;11510445;0.86023;0.86035;0.86029;8;T;True;2
1621235360000;11510447;0.86022;0.86034;0.86028;1;T;True;2
1621235361000;11510450;0.86021;0.86033;0.86027;2;T;True;2
1621235362000;11510453;0.86021;0.86033;0.86027;2;T;True;2
1621235363000;11510455;0.86021;0.86033;0.86027;1;T;True;2
1621235364000;11510457;0.86021;0.86033;0.86027;1;T;True;2
1621235365000;11510458;0.86021;0.86033;0.86027;0;T;True;2
1621235366000;11510459;0.86021;0.86033;0.86027;0;T;True;2
1621235367000;11510461;0.86023;0.86035;0.86029;1;T;True;2
1621235368000;11510462;0.86023;0.86035;0.86029;0;T;True;2
1621235369000;11510463;0.86023;0.86035;0.86029;0;T;True;2
1621235370000;11510464;0.86023;0.86035;0.86029;0;T;True;2
1621235371000;11510465;0.86023;0.86035;0.86029;0;T;True;2
1621235372000;11510467;0.86022;0.86034;0.86028;1;T;True;2
1621235373000;11510468;0.86022;0.86034;0.86028;0;T;True;2
1621235374000;11510469;0.86022;0.86034;0.86028;0;T;True;2
1621235375000;11510471;0.86021;0.86033;0.86027;1;T;True;2
1621235376000;11510472;0.86021;0.86033;0.86027;0;T;True;2
1621235377000;11510473;0.86021;0.86033;0.86027;0;T;True;2
1621235378000;11510474;0.86021;0.86033;0.86027;0;T;True;2
1621235379000;11510475;0.86021;0.86033;0.86027;0;T;True;2
1621235380000;11510476;0.86021;0.86033;0.86027;0;T;True;2
1621235381000;11510477;0.86021;0.86033;0.86027;0;T;True;2
1621235382000;11510478;0.86021;0.86033;0.86027;0;T;True;2
1621235383000;11510479;0.86021;0.86033;0.86027;0;T;True;2
1621235384000;11510480;0.86021;0.86033;0.86027;0;T;True;2
1621235385000;11510481;0.86021;0.86033;0.86027;0;T;True;2
1621235386000;11510482;0.86021;0.86033;0.86027;0;T;True;2
1621235387000;11510483;0.86021;0.86033;0.86027;0;T;True;2
1621235388000;11510484;0.86021;0.86033;0.86027;0;T;True;2
1621235389000;11510485;0.86021;0.86033;0.86027;0;T;True;2
1621235390000;11510491;0.86017;0.86029;0.86023;5;T;True;2
1621235391000;11510492;0.86017;0.86029;0.86023;0;T;True;2
1621235392000;11510495;0.86016;0.86028;0.86022;2;T;True;2
1621235393000;11510496;0.86016;0.86028;0.86022;0;T;True;2
1621235394000;11510503;0.86019;0.86031;0.86025;6;T;True;2
1621235395000;11510504;0.86019;0.86031;0.86025;0;T;True;2
1621235396000;11510505;0.86019;0.86031;0.86025;0;T;True;2
1621235397000;11510508;0.86017;0.86029;0.86023;2;T;True;2
1621235398000;11510510;0.86018;0.8603;0.86024;1;T;True;2
1621235399000;11510513;0.86019;0.86031;0.86025;2;T;True;2
1621235400000;11510520;0.86019;0.86031;0.86025;6;T;True;2
1621235401000;11510528;0.86021;0.86033;0.86027;7;T;True;2
1621235402000;11510531;0.86021;0.86033;0.86027;2;T;True;2
1621235403000;11510534;0.86021;0.86033;0.86027;2;T;True;2
1621235404000;11510541;0.8602;0.86032;0.86026;6;T;True;2
1621235405000;11510545;0.86021;0.86033;0.86027;3;T;True;2
1621235406000;11510548;0.86021;0.86033;0.86027;2;T;True;2
1621235407000;11510551;0.86021;0.86033;0.86027;2;T;True;2
1621235408000;11510553;0.86021;0.86033;0.86027;1;T;True;2
1621235409000;11510559;0.8602;0.86032;0.86026;5;T;True;2
1621235410000;11510566;0.86021;0.86033;0.86027;6;T;True;2
1621235411000;11510568;0.86023;0.86035;0.86029;1;T;True;2
1621235412000;11510569;0.86023;0.86035;0.86029;0;T;True;2
1621235413000;11510573;0.86024;0.86036;0.8603;3;T;True;2
1621235414000;11510574;0.86024;0.86036;0.8603;0;T;True;2
1621235415000;11510575;0.86024;0.86036;0.8603;0;T;True;2
1621235416000;11510576;0.86024;0.86036;0.8603;0;T;True;2
1621235417000;11510577;0.86024;0.86036;0.8603;0;T;True;2
1621235418000;11510578;0.86024;0.86036;0.8603;0;T;True;2
1621235419000;11510581;0.86023;0.86035;0.86029;2;T;True;2
1621235420000;11510583;0.86023;0.86035;0.86029;1;T;True;2
1621235421000;11510589;0.86027;0.86039;0.86033;5;T;True;2
1621235422000;11510597;0.86033;0.86045;0.86039;7;T;True;2
1621235423000;11510598;0.86033;0.86045;0.86039;0;T;True;2
1621235424000;11510605;0.86039;0.86051;0.86045;6;T;True;2
1621235425000;11510606;0.86039;0.86051;0.86045;0;T;True;2
1621235426000;11510607;0.86039;0.86051;0.86045;0;T;True;2
1621235427000;11510608;0.86039;0.86051;0.86045;0;T;True;2
1621235428000;11510609;0.86039;0.86051;0.86045;0;T;True;2
1621235429000;11510610;0.86039;0.86051;0.86045;0;T;True;2
1621235430000;11510611;0.86039;0.86051;0.86045;0;T;True;2
1621235431000;11510612;0.86039;0.86051;0.86045;0;T;True;2
1621235432000;11510613;0.86039;0.86051;0.86045;0;T;True;2
1621235433000;11510614;0.86039;0.86051;0.86045;0;T;True;2
1621235434000;11510616;0.86037;0.86049;0.86043;1;T;True;2
1621235435000;11510618;0.86037;0.86049;0.86043;1;T;True;2
1621235436000;11510619;0.86037;0.86049;0.86043;0;T;True;2
1621235437000;11510620;0.86037;0.86049;0.86043;0;T;True;2
1621235438000;11510621;0.86037;0.86049;0.86043;0;T;True;2
1621235439000;11510622;0.86037;0.86049;0.86043;0;T;True;2
1621235440000;11510623;0.86037;0.86049;0.86043;0;T;True;2
1621235441000;11510625;0.86036;0.86048;0.86042;1;T;True;2
1621235442000;11510629;0.86037;0.86049;0.86043;3;T;True;2
1621235443000;11510632;0.86035;0.86047;0.86041;2;T;True;2
1621235444000;11510633;0.86035;0.86047;0.86041;0;T;True;2
1621235445000;11510634;0.86035;0.86047;0.86041;0;T;True;2
1621235446000;11510635;0.86035;0.86047;0.86041;0;T;True;2
1621235447000;11510636;0.86035;0.86047;0.86041;0;T;True;2
1621235448000;11510637;0.86035;0.86047;0.86041;0;T;True;2
1621235449000;11510638;0.86035;0.86047;0.86041;0;T;True;2
1621235450000;11510639;0.86035;0.86047;0.86041;0;T;True;2
1621235451000;11510643;0.86035;0.86047;0.86041;3;T;True;2
1621235452000;11510644;0.86035;0.86047;0.86041;0;T;True;2
1621235453000;11510648;0.86041;0.86053;0.86047;3;T;True;2
1621235454000;11510649;0.86041;0.86053;0.86047;0;T;True;2
1621235455000;11510650;0.86041;0.86053;0.86047;0;T;True;2
1621235456000;11510652;0.86041;0.86053;0.86047;1;T;True;2
1621235457000;11510654;0.8604;0.86052;0.86046;1;T;True;2
1621235458000;11510655;0.8604;0.86052;0.86046;0;T;True;2
1621235459000;11510657;0.86041;0.86053;0.86047;1;T;True;2
1621235460000;11510658;0.86041;0.86053;0.86047;0;T;True;2
1621235461000;11510659;0.86041;0.86053;0.86047;0;T;True;2
1621235462000;11510660;0.86041;0.86053;0.86047;0;T;True;2
1621235463000;11510661;0.86041;0.86053;0.86047;0;T;True;2
1621235464000;11510662;0.86041;0.86053;0.86047;0;T;True;2
1621235465000;11510663;0.86041;0.86053;0.86047;0;T;True;2
1621235466000;11510664;0.86041;0.86053;0.86047;0;T;True;2
1621235467000;11510668;0.86038;0.8605;0.86044;3;T;True;2
1621235468000;11510670;0.86037;0.86049;0.86043;1;T;True;2
1621235469000;11510671;0.86037;0.86049;0.86043;0;T;True;2
1621235470000;11510672;0.86037;0.86049;0.86043;0;T;True;2
1621235471000;11510673;0.86037;0.86049;0.86043;0;T;True;2
1621235472000;11510678;0.86039;0.86051;0.86045;4;T;True;2
1621235473000;11510679;0.86039;0.86051;0.86045;0;T;True;2
1621235474000;11510680;0.86039;0.86051;0.86045;0;T;True;2
1621235475000;11510681;0.86039;0.86051;0.86045;0;T;True;2
1621235476000;11510682;0.86039;0.86051;0.86045;0;T;True;2
1621235477000;11510685;0.86037;0.86049;0.86043;2;T;True;2
1621235478000;11510686;0.86037;0.86049;0.86043;0;T;True;2
1621235479000;11510687;0.86037;0.86049;0.86043;0;T;True;2
1621235480000;11510691;0.86037;0.86049;0.86043;3;T;True;2
1621235481000;11510692;0.86037;0.86049;0.86043;0;T;True;2
1621235482000;11510693;0.86037;0.86049;0.86043;0;T;True;2
1621235483000;11510694;0.86037;0.86049;0.86043;0;T;True;2
1621235484000;11510695;0.86037;0.86049;0.86043;0;T;True;2
1621235485000;11510696;0.86037;0.86049;0.86043;0;T;True;2
1621235486000;11510697;0.86037;0.86049;0.86043;0;T;True;2
1621235487000;11510699;0.86038;0.8605;0.86044;1;T;True;2
1621235488000;11510705;0.86043;0.86055;0.86049;5;T;True;2
1621235489000;11510706;0.86043;0.86055;0.86049;0;T;True;2
1621235490000;11510707;0.86043;0.86055;0.86049;0;T;True;2
1621235491000;11510709;0.86043;0.86055;0.86049;1;T;True;2
1621235492000;11510712;0.86043;0.86055;0.86049;2;T;True;2
1621235493000;11510721;0.86047;0.86059;0.86053;8;T;True;2
1621235494000;11510729;0.86042;0.86054;0.86048;7;T;True;2
1621235495000;11510730;0.86042;0.86054;0.86048;0;T;True;2
1621235496000;11510731;0.86042;0.86054;0.86048;0;T;True;2
1621235497000;11510732;0.86042;0.86054;0.86048;0;T;True;2
1621235498000;11510734;0.86041;0.86053;0.86047;1;T;True;2
1621235499000;11510736;0.86038;0.8605;0.86044;1;T;True;2
1621235500000;11510737;0.86038;0.8605;0.86044;0;T;True;2
1621235501000;11510738;0.86038;0.8605;0.86044;0;T;True;2
1621235502000;11510741;0.86037;0.86049;0.86043;2;T;True;2
1621235503000;11510742;0.86037;0.86049;0.86043;0;T;True;2
1621235504000;11510743;0.86037;0.86049;0.86043;0;T;True;2
1621235505000;11510745;0.86037;0.86049;0.86043;1;T;True;2
1621235506000;11510746;0.86037;0.86049;0.86043;0;T;True;2
1621235507000;11510747;0.86037;0.86049;0.86043;0;T;True;2
1621235508000;11510753;0.86038;0.8605;0.86044;5;T;True;2
1621235509000;11510756;0.86041;0.86053;0.86047;2;T;True;2
1621235510000;11510759;0.86041;0.86053;0.86047;2;T;True;2
1621235511000;11510764;0.86043;0.86055;0.86049;4;T;True;2
1621235512000;11510768;0.86043;0.86055;0.86049;3;T;True;2
1621235513000;11510772;0.86041;0.86053;0.86047;3;T;True;2
1621235514000;11510773;0.86041;0.86053;0.86047;0;T;True;2
1621235515000;11510775;0.86041;0.86053;0.86047;1;T;True;2
1621235516000;11510780;0.86042;0.86054;0.86048;4;T;True;2
1621235517000;11510784;0.86042;0.86054;0.86048;3;T;True;2
1621235518000;11510786;0.86042;0.86054;0.86048;1;T;True;2
1621235519000;11510789;0.86042;0.86054;0.86048;2;T;True;2
1621235520000;11510791;0.86042;0.86054;0.86048;1;T;True;2
1621235521000;11510792;0.86042;0.86054;0.86048;0;T;True;2
1621235522000;11510793;0.86042;0.86054;0.86048;0;T;True;2
1621235523000;11510798;0.86043;0.86055;0.86049;4;T;True;2
1621235524000;11510803;0.86045;0.86057;0.86051;4;T;True;2
1621235525000;11510805;0.86045;0.86057;0.86051;1;T;True;2
1621235526000;11510806;0.86045;0.86057;0.86051;0;T;True;2
1621235527000;11510809;0.86046;0.86058;0.86052;2;T;True;2
1621235528000;11510811;0.86045;0.86057;0.86051;1;T;True;2
1621235529000;11510812;0.86045;0.86057;0.86051;0;T;True;2
1621235530000;11510817;0.86044;0.86056;0.8605;4;T;True;2
1621235531000;11510822;0.86044;0.86056;0.8605;4;T;True;2
1621235532000;11510825;0.86043;0.86055;0.86049;2;T;True;2
1621235533000;11510826;0.86043;0.86055;0.86049;0;T;True;2
1621235534000;11510828;0.86043;0.86055;0.86049;1;T;True;2
1621235535000;11510829;0.86043;0.86055;0.86049;0;T;True;2
1621235536000;11510830;0.86043;0.86055;0.86049;0;T;True;2
1621235537000;11510831;0.86043;0.86055;0.86049;0;T;True;2
1621235538000;11510841;0.86037;0.86049;0.86043;9;T;True;2
1621235539000;11510845;0.86037;0.86049;0.86043;3;T;True;2
1621235540000;11510846;0.86037;0.86049;0.86043;0;T;True;2
1621235541000;11510847;0.86037;0.86049;0.86043;0;T;True;2
1621235542000;11510852;0.86035;0.86047;0.86041;4;T;True;2
1621235543000;11510857;0.86034;0.86046;0.8604;4;T;True;2
1621235544000;11510860;0.86033;0.86045;0.86039;2;T;True;2
1621235545000;11510861;0.86033;0.86045;0.86039;0;T;True;2
1621235546000;11510864;0.86035;0.86047;0.86041;2;T;True;2
1621235547000;11510867;0.86034;0.86046;0.8604;2;T;True;2
1621235548000;11510868;0.86034;0.86046;0.8604;0;T;True;2
1621235549000;11510870;0.86033;0.86045;0.86039;1;T;True;2
1621235550000;11510871;0.86033;0.86045;0.86039;0;T;True;2
1621235551000;11510875;0.86033;0.86045;0.86039;3;T;True;2
1621235552000;11510876;0.86033;0.86045;0.86039;0;T;True;2
1621235553000;11510878;0.86033;0.86045;0.86039;1;T;True;2
1621235554000;11510881;0.86031;0.86043;0.86037;2;T;True;2
1621235555000;11510883;0.86031;0.86043;0.86037;1;T;True;2
1621235556000;11510884;0.86031;0.86043;0.86037;0;T;True;2
1621235557000;11510885;0.86031;0.86043;0.86037;0;T;True;2
1621235558000;11510891;0.86033;0.86045;0.86039;5;T;True;2
1621235559000;11510892;0.86033;0.86045;0.86039;0;T;True;2
1621235560000;11510894;0.86033;0.86045;0.86039;1;T;True;2
1621235561000;11510895;0.86033;0.86045;0.86039;0;T;True;2
1621235562000;11510896;0.86033;0.86045;0.86039;0;T;True;2
1621235563000;11510899;0.86033;0.86045;0.86039;2;T;True;2
1621235564000;11510903;0.86031;0.86043;0.86037;3;T;True;2
1621235565000;11510907;0.86031;0.86043;0.86037;3;T;True;2
1621235566000;11510910;0.8603;0.86042;0.86036;2;T;True;2
1621235567000;11510911;0.8603;0.86042;0.86036;0;T;True;2
1621235568000;11510915;0.86027;0.86039;0.86033;3;T;True;2
1621235569000;11510918;0.86027;0.86039;0.86033;2;T;True;2
1621235570000;11510919;0.86027;0.86039;0.86033;0;T;True;2
1621235571000;11510920;0.86027;0.86039;0.86033;0;T;True;2
1621235572000;11510925;0.86027;0.86039;0.86033;4;T;True;2
1621235573000;11510926;0.86027;0.86039;0.86033;0;T;True;2
1621235574000;11510930;0.86027;0.86039;0.86033;3;T;True;2
1621235575000;11510932;0.86026;0.86038;0.86032;1;T;True;2
1621235576000;11510934;0.86027;0.86039;0.86033;1;T;True;2
1621235577000;11510936;0.86026;0.86038;0.86032;1;T;True;2
1621235578000;11510937;0.86026;0.86038;0.86032;0;T;True;2
1621235579000;11510939;0.86027;0.86039;0.86033;1;T;True;2
1621235580000;11510942;0.86027;0.86039;0.86033;2;T;True;2
1621235581000;11510944;0.86027;0.86039;0.86033;1;T;True;2
1621235582000;11510947;0.86025;0.86037;0.86031;2;T;True;2
1621235583000;11510951;0.86026;0.86038;0.86032;3;T;True;2
1621235584000;11510952;0.86026;0.86038;0.86032;0;T;True;2
1621235585000;11510956;0.86025;0.86037;0.86031;3;T;True;2
1621235586000;11510958;0.86024;0.86036;0.8603;1;T;True;2
1621235587000;11510961;0.86022;0.86034;0.86028;2;T;True;2
1621235588000;11510962;0.86022;0.86034;0.86028;0;T;True;2
1621235589000;11510963;0.86022;0.86034;0.86028;0;T;True;2
1621235590000;11510967;0.86018;0.8603;0.86024;3;T;True;2
1621235591000;11510969;0.86017;0.86029;0.86023;1;T;True;2
1621235592000;11510970;0.86017;0.86029;0.86023;0;T;True;2
1621235593000;11510971;0.86017;0.86029;0.86023;0;T;True;2
1621235594000;11510972;0.86017;0.86029;0.86023;0;T;True;2
1621235595000;11510974;0.86016;0.86028;0.86022;1;T;True;2
1621235596000;11510976;0.86015;0.86027;0.86021;1;T;True;2
1621235597000;11510977;0.86015;0.86027;0.86021;0;T;True;2
1621235598000;11510978;0.86015;0.86027;0.86021;0;T;True;2
1621235599000;11510979;0.86015;0.86027;0.86021;0;T;True;2
1621235600000;11510980;0.86015;0.86027;0.86021;0;T;True;2
1621235601000;11510981;0.86015;0.86027;0.86021;0;T;True;2
1621235602000;11510984;0.86015;0.86027;0.86021;2;T;True;2
1621235603000;11510985;0.86015;0.86027;0.86021;0;T;True;2
1621235604000;11510986;0.86015;0.86027;0.86021;0;T;True;2
1621235605000;11510987;0.86015;0.86027;0.86021;0;T;True;2
1621235606000;11510990;0.86015;0.86027;0.86021;2;T;True;2
1621235607000;11510991;0.86015;0.86027;0.86021;0;T;True;2
1621235608000;11510993;0.86014;0.86026;0.8602;1;T;True;2
1621235609000;11510997;0.86015;0.86027;0.86021;3;T;True;2
1621235610000;11510998;0.86015;0.86027;0.86021;0;T;True;2
1621235611000;11510999;0.86015;0.86027;0.86021;0;T;True;2
1621235612000;11511001;0.86015;0.86027;0.86021;1;T;True;2
1621235613000;11511003;0.86015;0.86027;0.86021;1;T;True;2
1621235614000;11511005;0.86016;0.86028;0.86022;1;T;True;2
1621235615000;11511009;0.86015;0.86027;0.86021;3;T;True;2
1621235616000;11511010;0.86015;0.86027;0.86021;0;T;True;2
1621235617000;11511013;0.86014;0.86026;0.8602;2;T;True;2
1621235618000;11511014;0.86014;0.86026;0.8602;0;T;True;2
1621235619000;11511016;0.86013;0.86025;0.86019;1;T;True;2
1621235620000;11511018;0.86013;0.86025;0.86019;1;T;True;2
1621235621000;11511021;0.86013;0.86025;0.86019;2;T;True;2
1621235622000;11511027;0.86016;0.86028;0.86022;5;T;True;2
1621235623000;11511028;0.86016;0.86028;0.86022;0;T;True;2
1621235624000;11511031;0.86015;0.86027;0.86021;2;T;True;2
1621235625000;11511033;0.86014;0.86026;0.8602;1;T;True;2
1621235626000;11511034;0.86014;0.86026;0.8602;0;T;True;2
1621235627000;11511035;0.86014;0.86026;0.8602;0;T;True;2
1621235628000;11511036;0.86014;0.86026;0.8602;0;T;True;2
1621235629000;11511038;0.86015;0.86027;0.86021;1;T;True;2
1621235630000;11511039;0.86015;0.86027;0.86021;0;T;True;2
1621235631000;11511044;0.86018;0.8603;0.86024;4;T;True;2
1621235632000;11511050;0.86015;0.86027;0.86021;5;T;True;2
1621235633000;11511053;0.86015;0.86027;0.86021;2;T;True;2
1621235634000;11511054;0.86015;0.86027;0.86021;0;T;True;2
1621235635000;11511059;0.86012;0.86024;0.86018;4;T;True;2
1621235636000;11511060;0.86012;0.86024;0.86018;0;T;True;2
1621235637000;11511063;0.86012;0.86024;0.86018;2;T;True;2
1621235638000;11511065;0.86011;0.86023;0.86017;1;T;True;2
1621235639000;11511067;0.86011;0.86023;0.86017;1;T;True;2
1621235640000;11511068;0.86011;0.86023;0.86017;0;T;True;2
1621235641000;11511069;0.86011;0.86023;0.86017;0;T;True;2
1621235642000;11511070;0.86011;0.86023;0.86017;0;T;True;2
1621235643000;11511071;0.86011;0.86023;0.86017;0;T;True;2
1621235644000;11511072;0.86011;0.86023;0.86017;0;T;True;2
1621235645000;11511075;0.86012;0.86024;0.86018;2;T;True;2
1621235646000;11511076;0.86012;0.86024;0.86018;0;T;True;2
1621235647000;11511081;0.86015;0.86027;0.86021;4;T;True;2
1621235648000;11511084;0.86015;0.86027;0.86021;2;T;True;2
1621235649000;11511085;0.86015;0.86027;0.86021;0;T;True;2
1621235650000;11511086;0.86015;0.86027;0.86021;0;T;True;2
1621235651000;11511087;0.86015;0.86027;0.86021;0;T;True;2
1621235652000;11511088;0.86015;0.86027;0.86021;0;T;True;2
1621235653000;11511093;0.86015;0.86027;0.86021;4;T;True;2
1621235654000;11511094;0.86015;0.86027;0.86021;0;T;True;2
1621235655000;11511095;0.86015;0.86027;0.86021;0;T;True;2
1621235656000;11511096;0.86015;0.86027;0.86021;0;T;True;2
1621235657000;11511097;0.86015;0.86027;0.86021;0;T;True;2
1621235658000;11511098;0.86015;0.86027;0.86021;0;T;True;2
1621235659000;11511099;0.86015;0.86027;0.86021;0;T;True;2
1621235660000;11511100;0.86015;0.86027;0.86021;0;T;True;2
1621235661000;11511101;0.86015;0.86027;0.86021;0;T;True;2
1621235662000;11511102;0.86015;0.86027;0.86021;0;T;True;2
1621235663000;11511103;0.86015;0.86027;0.86021;0;T;True;2
1621235664000;11511104;0.86015;0.86027;0.86021;0;T;True;2
1621235665000;11511105;0.86015;0.86027;0.86021;0;T;True;2
1621235666000;11511107;0.86015;0.86027;0.86021;1;T;True;2
1621235667000;11511109;0.86015;0.86027;0.86021;1;T;True;2
1621235668000;11511111;0.86015;0.86027;0.86021;1;T;True;2
1621235669000;11511112;0.86015;0.86027;0.86021;0;T;True;2
1621235670000;11511113;0.86015;0.86027;0.86021;0;T;True;2
1621235671000;11511117;0.86015;0.86027;0.86021;3;T;True;2
1621235672000;11511124;0.86012;0.86024;0.86018;6;T;True;2
1621235673000;11511128;0.86011;0.86023;0.86017;3;T;True;2
1621235674000;11511129;0.86011;0.86023;0.86017;0;T;True;2
1621235675000;11511130;0.86011;0.86023;0.86017;0;T;True;2
1621235676000;11511131;0.86011;0.86023;0.86017;0;T;True;2
1621235677000;11511135;0.86013;0.86025;0.86019;3;T;True;2
1621235678000;11511136;0.86013;0.86025;0.86019;0;T;True;2
1621235679000;11511139;0.86013;0.86025;0.86019;2;T;True;2
1621235680000;11511141;0.86013;0.86025;0.86019;1;T;True;2
1621235681000;11511142;0.86013;0.86025;0.86019;0;T;True;2
1621235682000;11511145;0.86012;0.86024;0.86018;2;T;True;2
1621235683000;11511147;0.86011;0.86023;0.86017;1;T;True;2
1621235684000;11511149;0.86011;0.86023;0.86017;1;T;True;2
1621235685000;11511151;0.86012;0.86024;0.86018;1;T;True;2
1621235686000;11511152;0.86012;0.86024;0.86018;0;T;True;2
1621235687000;11511154;0.86013;0.86025;0.86019;1;T;True;2
1621235688000;11511156;0.86012;0.86024;0.86018;1;T;True;2
1621235689000;11511157;0.86012;0.86024;0.86018;0;T;True;2
1621235690000;11511158;0.86012;0.86024;0.86018;0;T;True;2
1621235691000;11511160;0.86011;0.86023;0.86017;1;T;True;2
1621235692000;11511161;0.86011;0.86023;0.86017;0;T;True;2
1621235693000;11511162;0.86011;0.86023;0.86017;0;T;True;2
1621235694000;11511163;0.86011;0.86023;0.86017;0;T;True;2
1621235695000;11511164;0.86011;0.86023;0.86017;0;T;True;2
1621235696000;11511165;0.86011;0.86023;0.86017;0;T;True;2
1621235697000;11511166;0.86011;0.86023;0.86017;0;T;True;2
1621235698000;11511167;0.86011;0.86023;0.86017;0;T;True;2
1621235699000;11511168;0.86011;0.86023;0.86017;0;T;True;2
1621235700000;11511169;0.86011;0.86023;0.86017;0;T;True;2
1621235701000;11511172;0.86013;0.86025;0.86019;2;T;True;2
1621235702000;11511180;0.86018;0.8603;0.86024;7;T;True;2
1621235703000;11511182;0.86019;0.86031;0.86025;1;T;True;2
1621235704000;11511183;0.86019;0.86031;0.86025;0;T;True;2
1621235705000;11511184;0.86019;0.86031;0.86025;0;T;True;2
1621235706000;11511186;0.86018;0.8603;0.86024;1;T;True;2
1621235707000;11511187;0.86018;0.8603;0.86024;0;T;True;2
1621235708000;11511192;0.86017;0.86029;0.86023;4;T;True;2
1621235709000;11511193;0.86017;0.86029;0.86023;0;T;True;2
1621235710000;11511194;0.86017;0.86029;0.86023;0;T;True;2
1621235711000;11511195;0.86017;0.86029;0.86023;0;T;True;2
1621235712000;11511200;0.86016;0.86028;0.86022;4;T;True;2
1621235713000;11511203;0.86017;0.86029;0.86023;2;T;True;2
1621235714000;11511204;0.86017;0.86029;0.86023;0;T;True;2
1621235715000;11511205;0.86017;0.86029;0.86023;0;T;True;2
1621235716000;11511206;0.86017;0.86029;0.86023;0;T;True;2
1621235717000;11511207;0.86017;0.86029;0.86023;0;T;True;2
1621235718000;11511212;0.86017;0.86029;0.86023;4;T;True;2
1621235719000;11511215;0.86019;0.86031;0.86025;2;T;True;2
1621235720000;11511216;0.86019;0.86031;0.86025;0;T;True;2
1621235721000;11511217;0.86019;0.86031;0.86025;0;T;True;2
1621235722000;11511218;0.86019;0.86031;0.86025;0;T;True;2
1621235723000;11511220;0.8602;0.86032;0.86026;1;T;True;2
1621235724000;11511222;0.86019;0.86031;0.86025;1;T;True;2
1621235725000;11511224;0.86019;0.86031;0.86025;1;T;True;2
1621235726000;11511226;0.86019;0.86031;0.86025;1;T;True;2
1621235727000;11511227;0.86019;0.86031;0.86025;0;T;True;2
1621235728000;11511228;0.86019;0.86031;0.86025;0;T;True;2
1621235729000;11511229;0.86019;0.86031;0.86025;0;T;True;2
1621235730000;11511230;0.86019;0.86031;0.86025;0;T;True;2
1621235731000;11511233;0.8602;0.86032;0.86026;2;T;True;2
1621235732000;11511234;0.8602;0.86032;0.86026;0;T;True;2
1621235733000;11511235;0.8602;0.86032;0.86026;0;T;True;2
1621235734000;11511236;0.8602;0.86032;0.86026;0;T;True;2
1621235735000;11511237;0.8602;0.86032;0.86026;0;T;True;2
1621235736000;11511238;0.8602;0.86032;0.86026;0;T;True;2
1621235737000;11511239;0.8602;0.86032;0.86026;0;T;True;2
1621235738000;11511243;0.86019;0.86031;0.86025;3;T;True;2
1621235739000;11511244;0.86019;0.86031;0.86025;0;T;True;2
1621235740000;11511246;0.86019;0.86031;0.86025;1;T;True;2
1621235741000;11511247;0.86019;0.86031;0.86025;0;T;True;2
1621235742000;11511248;0.86019;0.86031;0.86025;0;T;True;2
1621235743000;11511250;0.8602;0.86032;0.86026;1;T;True;2
1621235744000;11511252;0.8602;0.86032;0.86026;1;T;True;2
1621235745000;11511253;0.8602;0.86032;0.86026;0;T;True;2
1621235746000;11511254;0.8602;0.86032;0.86026;0;T;True;2
1621235747000;11511256;0.86021;0.86033;0.86027;1;T;True;2
1621235748000;11511257;0.86021;0.86033;0.86027;0;T;True;2
1621235749000;11511258;0.86021;0.86033;0.86027;0;T;True;2
1621235750000;11511259;0.86021;0.86033;0.86027;0;T;True;2
1621235751000;11511261;0.8602;0.86032;0.86026;1;T;True;2
1621235752000;11511263;0.86021;0.86033;0.86027;1;T;True;2
1621235753000;11511264;0.86021;0.86033;0.86027;0;T;True;2
1621235754000;11511265;0.86021;0.86033;0.86027;0;T;True;2
1621235755000;11511269;0.86024;0.86036;0.8603;3;T;True;2
1621235756000;11511271;0.86025;0.86037;0.86031;1;T;True;2
1621235757000;11511274;0.86026;0.86038;0.86032;2;T;True;2
1621235758000;11511276;0.86025;0.86037;0.86031;1;T;True;2
1621235759000;11511281;0.86029;0.86041;0.86035;4;T;True;2
1621235760000;11511283;0.86027;0.86039;0.86033;1;T;True;2
1621235761000;11511284;0.86027;0.86039;0.86033;0;T;True;2
1621235762000;11511287;0.86025;0.86037;0.86031;2;T;True;2
1621235763000;11511291;0.86024;0.86036;0.8603;3;T;True;2
1621235764000;11511295;0.86022;0.86034;0.86028;3;T;True;2
1621235765000;11511297;0.86023;0.86035;0.86029;1;T;True;2
1621235766000;11511299;0.86023;0.86035;0.86029;1;T;True;2
1621235767000;11511301;0.86023;0.86035;0.86029;1;T;True;2
1621235768000;11511304;0.86023;0.86035;0.86029;2;T;True;2
1621235769000;11511311;0.8602;0.86032;0.86026;6;T;True;2
1621235770000;11511314;0.86019;0.86031;0.86025;2;T;True;2
1621235771000;11511315;0.86019;0.86031;0.86025;0;T;True;2
1621235772000;11511317;0.86019;0.86031;0.86025;1;T;True;2
1621235773000;11511318;0.86019;0.86031;0.86025;0;T;True;2
1621235774000;11511319;0.86019;0.86031;0.86025;0;T;True;2
1621235775000;11511320;0.86019;0.86031;0.86025;0;T;True;2
1621235776000;11511322;0.86019;0.86031;0.86025;1;T;True;2
1621235777000;11511325;0.86019;0.86031;0.86025;2;T;True;2
1621235778000;11511327;0.8602;0.86032;0.86026;1;T;True;2
1621235779000;11511329;0.8602;0.86032;0.86026;1;T;True;2
1621235780000;11511330;0.8602;0.86032;0.86026;0;T;True;2
1621235781000;11511334;0.86021;0.86033;0.86027;3;T;True;2
1621235782000;11511335;0.86021;0.86033;0.86027;0;T;True;2
1621235783000;11511340;0.86023;0.86035;0.86029;4;T;True;2
1621235784000;11511342;0.86023;0.86035;0.86029;1;T;True;2
1621235785000;11511343;0.86023;0.86035;0.86029;0;T;True;2
1621235786000;11511344;0.86023;0.86035;0.86029;0;T;True;2
1621235787000;11511345;0.86023;0.86035;0.86029;0;T;True;2
1621235788000;11511346;0.86023;0.86035;0.86029;0;T;True;2
1621235789000;11511350;0.86023;0.86035;0.86029;3;T;True;2
1621235790000;11511355;0.86025;0.86037;0.86031;4;T;True;2
1621235791000;11511356;0.86025;0.86037;0.86031;0;T;True;2
1621235792000;11511357;0.86025;0.86037;0.86031;0;T;True;2
1621235793000;11511360;0.86025;0.86037;0.86031;2;T;True;2
1621235794000;11511361;0.86025;0.86037;0.86031;0;T;True;2
1621235795000;11511362;0.86025;0.86037;0.86031;0;T;True;2
1621235796000;11511365;0.86025;0.86037;0.86031;2;T;True;2
1621235797000;11511366;0.86025;0.86037;0.86031;0;T;True;2
1621235798000;11511367;0.86025;0.86037;0.86031;0;T;True;2
1621235799000;11511371;0.86024;0.86036;0.8603;3;T;True;2
1621235800000;11511374;0.86025;0.86037;0.86031;2;T;True;2
1621235801000;11511376;0.86025;0.86037;0.86031;1;T;True;2
1621235802000;11511378;0.86026;0.86038;0.86032;1;T;True;2
1621235803000;11511380;0.86025;0.86037;0.86031;1;T;True;2
1621235804000;11511382;0.86026;0.86038;0.86032;1;T;True;2
1621235805000;11511383;0.86026;0.86038;0.86032;0;T;True;2
1621235806000;11511387;0.86023;0.86035;0.86029;3;T;True;2
1621235807000;11511388;0.86023;0.86035;0.86029;0;T;True;2
1621235808000;11511393;0.86027;0.86039;0.86033;4;T;True;2
1621235809000;11511399;0.86027;0.86039;0.86033;5;T;True;2
1621235810000;11511400;0.86027;0.86039;0.86033;0;T;True;2
1621235811000;11511401;0.86027;0.86039;0.86033;0;T;True;2
1621235812000;11511402;0.86027;0.86039;0.86033;0;T;True;2
1621235813000;11511403;0.86027;0.86039;0.86033;0;T;True;2
1621235814000;11511404;0.86027;0.86039;0.86033;0;T;True;2
1621235815000;11511405;0.86027;0.86039;0.86033;0;T;True;2
1621235816000;11511406;0.86027;0.86039;0.86033;0;T;True;2
1621235817000;11511407;0.86027;0.86039;0.86033;0;T;True;2
1621235818000;11511409;0.86027;0.86039;0.86033;1;T;True;2
1621235819000;11511410;0.86027;0.86039;0.86033;0;T;True;2
1621235820000;11511411;0.86027;0.86039;0.86033;0;T;True;2
1621235821000;11511413;0.86026;0.86038;0.86032;1;T;True;2
1621235822000;11511415;0.86026;0.86038;0.86032;1;T;True;2
1621235823000;11511417;0.86026;0.86038;0.86032;1;T;True;2
1621235824000;11511418;0.86026;0.86038;0.86032;0;T;True;2
1621235825000;11511419;0.86026;0.86038;0.86032;0;T;True;2
1621235826000;11511420;0.86026;0.86038;0.86032;0;T;True;2
1621235827000;11511421;0.86026;0.86038;0.86032;0;T;True;2
1621235828000;11511422;0.86026;0.86038;0.86032;0;T;True;2
1621235829000;11511423;0.86026;0.86038;0.86032;0;T;True;2
1621235830000;11511429;0.86027;0.86039;0.86033;5;T;True;2
1621235831000;11511432;0.86026;0.86038;0.86032;2;T;True;2
1621235832000;11511433;0.86026;0.86038;0.86032;0;T;True;2
1621235833000;11511437;0.86027;0.86039;0.86033;3;T;True;2
1621235834000;11511441;0.86029;0.86041;0.86035;3;T;True;2
1621235835000;11511444;0.86028;0.8604;0.86034;2;T;True;2
1621235836000;11511445;0.86028;0.8604;0.86034;0;T;True;2
1621235837000;11511446;0.86028;0.8604;0.86034;0;T;True;2
1621235838000;11511447;0.86028;0.8604;0.86034;0;T;True;2
1621235839000;11511449;0.86027;0.86039;0.86033;1;T;True;2
1621235840000;11511450;0.86027;0.86039;0.86033;0;T;True;2
1621235841000;11511451;0.86027;0.86039;0.86033;0;T;True;2
1621235842000;11511455;0.86025;0.86037;0.86031;3;T;True;2
1621235843000;11511463;0.86021;0.86033;0.86027;7;T;True;2
1621235844000;11511466;0.86021;0.86033;0.86027;2;T;True;2
1621235845000;11511467;0.86021;0.86033;0.86027;0;T;True;2
1621235846000;11511468;0.86021;0.86033;0.86027;0;T;True;2
1621235847000;11511469;0.86021;0.86033;0.86027;0;T;True;2
1621235848000;11511470;0.86021;0.86033;0.86027;0;T;True;2
1621235849000;11511471;0.86021;0.86033;0.86027;0;T;True;2
1621235850000;11511473;0.86021;0.86033;0.86027;1;T;True;2
1621235851000;11511474;0.86021;0.86033;0.86027;0;T;True;2
1621235852000;11511475;0.86021;0.86033;0.86027;0;T;True;2
1621235853000;11511478;0.86021;0.86033;0.86027;2;T;True;2
1621235854000;11511479;0.86021;0.86033;0.86027;0;T;True;2
1621235855000;11511480;0.86021;0.86033;0.86027;0;T;True;2
1621235856000;11511481;0.86021;0.86033;0.86027;0;T;True;2
1621235857000;11511482;0.86021;0.86033;0.86027;0;T;True;2
1621235858000;11511483;0.86021;0.86033;0.86027;0;T;True;2
1621235859000;11511484;0.86021;0.86033;0.86027;0;T;True;2
1621235860000;11511486;0.86022;0.86034;0.86028;1;T;True;2
1621235861000;11511487;0.86022;0.86034;0.86028;0;T;True;2
1621235862000;11511488;0.86022;0.86034;0.86028;0;T;True;2
1621235863000;11511489;0.86022;0.86034;0.86028;0;T;True;2
1621235864000;11511491;0.86021;0.86033;0.86027;1;T;True;2
1621235865000;11511492;0.86021;0.86033;0.86027;0;T;True;2
1621235866000;11511493;0.86021;0.86033;0.86027;0;T;True;2
1621235867000;11511494;0.86021;0.86033;0.86027;0;T;True;2
1621235868000;11511495;0.86021;0.86033;0.86027;0;T;True;2
1621235869000;11511496;0.86021;0.86033;0.86027;0;T;True;2
1621235870000;11511497;0.86021;0.86033;0.86027;0;T;True;2
1621235871000;11511498;0.86021;0.86033;0.86027;0;T;True;2
1621235872000;11511504;0.86025;0.86037;0.86031;5;T;True;2
1621235873000;11511509;0.86023;0.86035;0.86029;4;T;True;2
1621235874000;11511510;0.86023;0.86035;0.86029;0;T;True;2
1621235875000;11511516;0.86021;0.86033;0.86027;5;T;True;2
1621235876000;11511521;0.86025;0.86037;0.86031;4;T;True;2
1621235877000;11511522;0.86025;0.86037;0.86031;0;T;True;2
1621235878000;11511524;0.86025;0.86037;0.86031;1;T;True;2
1621235879000;11511525;0.86025;0.86037;0.86031;0;T;True;2
1621235880000;11511526;0.86025;0.86037;0.86031;0;T;True;2
1621235881000;11511527;0.86025;0.86037;0.86031;0;T;True;2
1621235882000;11511528;0.86025;0.86037;0.86031;0;T;True;2
1621235883000;11511529;0.86025;0.86037;0.86031;0;T;True;2
1621235884000;11511531;0.86025;0.86037;0.86031;1;T;True;2
1621235885000;11511532;0.86025;0.86037;0.86031;0;T;True;2
1621235886000;11511533;0.86025;0.86037;0.86031;0;T;True;2
1621235887000;11511534;0.86025;0.86037;0.86031;0;T;True;2
1621235888000;11511535;0.86025;0.86037;0.86031;0;T;True;2
1621235889000;11511536;0.86025;0.86037;0.86031;0;T;True;2
1621235890000;11511537;0.86025;0.86037;0.86031;0;T;True;2
1621235891000;11511539;0.86026;0.86038;0.86032;1;T;True;2
1621235892000;11511540;0.86026;0.86038;0.86032;0;T;True;2
1621235893000;11511541;0.86026;0.86038;0.86032;0;T;True;2
1621235894000;11511543;0.86026;0.86038;0.86032;1;T;True;2
1621235895000;11511544;0.86026;0.86038;0.86032;0;T;True;2
1621235896000;11511545;0.86026;0.86038;0.86032;0;T;True;2
1621235897000;11511546;0.86026;0.86038;0.86032;0;T;True;2
1621235898000;11511547;0.86026;0.86038;0.86032;0;T;True;2
1621235899000;11511548;0.86026;0.86038;0.86032;0;T;True;2
1621235900000;11511551;0.86026;0.86038;0.86032;2;T;True;2
1621235901000;11511557;0.86025;0.86037;0.86031;5;T;True;2
1621235902000;11511559;0.86025;0.86037;0.86031;1;T;True;2
1621235903000;11511562;0.86025;0.86037;0.86031;2;T;True;2
1621235904000;11511563;0.86025;0.86037;0.86031;0;T;True;2
1621235905000;11511567;0.86025;0.86037;0.86031;3;T;True;2
1621235906000;11511569;0.86025;0.86037;0.86031;1;T;True;2
1621235907000;11511570;0.86025;0.86037;0.86031;0;T;True;2
1621235908000;11511571;0.86025;0.86037;0.86031;0;T;True;2
1621235909000;11511572;0.86025;0.86037;0.86031;0;T;True;2
1621235910000;11511573;0.86025;0.86037;0.86031;0;T;True;2
1621235911000;11511574;0.86025;0.86037;0.86031;0;T;True;2
1621235912000;11511578;0.86025;0.86037;0.86031;3;T;True;2
1621235913000;11511580;0.86025;0.86037;0.86031;1;T;True;2
1621235914000;11511585;0.86021;0.86033;0.86027;4;T;True;2
1621235915000;11511586;0.86021;0.86033;0.86027;0;T;True;2
1621235916000;11511587;0.86021;0.86033;0.86027;0;T;True;2
1621235917000;11511592;0.86023;0.86035;0.86029;4;T;True;2
1621235918000;11511594;0.86025;0.86037;0.86031;1;T;True;2
1621235919000;11511596;0.86025;0.86037;0.86031;1;T;True;2
1621235920000;11511600;0.86025;0.86037;0.86031;3;T;True;2
1621235921000;11511601;0.86025;0.86037;0.86031;0;T;True;2
1621235922000;11511603;0.86025;0.86037;0.86031;1;T;True;2
1621235923000;11511605;0.86025;0.86037;0.86031;1;T;True;2
1621235924000;11511606;0.86025;0.86037;0.86031;0;T;True;2
1621235925000;11511609;0.86025;0.86037;0.86031;2;T;True;2
1621235926000;11511611;0.86025;0.86037;0.86031;1;T;True;2
1621235927000;11511621;0.86025;0.86037;0.86031;9;T;True;2
1621235928000;11511622;0.86025;0.86037;0.86031;0;T;True;2
1621235929000;11511624;0.86025;0.86037;0.86031;1;T;True;2
1621235930000;11511628;0.86025;0.86037;0.86031;3;T;True;2
1621235931000;11511630;0.86025;0.86037;0.86031;1;T;True;2
1621235932000;11511632;0.86025;0.86037;0.86031;1;T;True;2
1621235933000;11511634;0.86025;0.86037;0.86031;1;T;True;2
1621235934000;11511638;0.86026;0.86038;0.86032;3;T;True;2
1621235935000;11511639;0.86026;0.86038;0.86032;0;T;True;2
1621235936000;11511640;0.86026;0.86038;0.86032;0;T;True;2
1621235937000;11511641;0.86026;0.86038;0.86032;0;T;True;2
1621235938000;11511642;0.86026;0.86038;0.86032;0;T;True;2
1621235939000;11511647;0.86024;0.86036;0.8603;4;T;True;2
1621235940000;11511649;0.86025;0.86037;0.86031;1;T;True;2
1621235941000;11511651;0.86025;0.86037;0.86031;1;T;True;2
1621235942000;11511652;0.86025;0.86037;0.86031;0;T;True;2
1621235943000;11511654;0.86024;0.86036;0.8603;1;T;True;2
1621235944000;11511655;0.86024;0.86036;0.8603;0;T;True;2
1621235945000;11511656;0.86024;0.86036;0.8603;0;T;True;2
1621235946000;11511657;0.86024;0.86036;0.8603;0;T;True;2
1621235947000;11511659;0.86024;0.86036;0.8603;1;T;True;2
1621235948000;11511663;0.86023;0.86035;0.86029;3;T;True;2
1621235949000;11511665;0.86023;0.86035;0.86029;1;T;True;2
1621235950000;11511668;0.86022;0.86034;0.86028;2;T;True;2
1621235951000;11511670;0.86023;0.86035;0.86029;1;T;True;2
1621235952000;11511671;0.86023;0.86035;0.86029;0;T;True;2
1621235953000;11511675;0.86025;0.86037;0.86031;3;T;True;2
1621235954000;11511676;0.86025;0.86037;0.86031;0;T;True;2
1621235955000;11511677;0.86025;0.86037;0.86031;0;T;True;2
1621235956000;11511679;0.86026;0.86038;0.86032;1;T;True;2
1621235957000;11511680;0.86026;0.86038;0.86032;0;T;True;2
1621235958000;11511681;0.86026;0.86038;0.86032;0;T;True;2
1621235959000;11511683;0.86025;0.86037;0.86031;1;T;True;2
1621235960000;11511685;0.86027;0.86039;0.86033;1;T;True;2
1621235961000;11511688;0.86027;0.86039;0.86033;2;T;True;2
1621235962000;11511699;0.86023;0.86035;0.86029;10;T;True;2
1621235963000;11511700;0.86023;0.86035;0.86029;0;T;True;2
1621235964000;11511701;0.86023;0.86035;0.86029;0;T;True;2
1621235965000;11511702;0.86023;0.86035;0.86029;0;T;True;2
1621235966000;11511703;0.86023;0.86035;0.86029;0;T;True;2
1621235967000;11511704;0.86023;0.86035;0.86029;0;T;True;2
1621235968000;11511705;0.86023;0.86035;0.86029;0;T;True;2
1621235969000;11511706;0.86023;0.86035;0.86029;0;T;True;2
1621235970000;11511711;0.86021;0.86033;0.86027;4;T;True;2
1621235971000;11511712;0.86021;0.86033;0.86027;0;T;True;2
1621235972000;11511714;0.86022;0.86034;0.86028;1;T;True;2
1621235973000;11511716;0.86023;0.86035;0.86029;1;T;True;2
1621235974000;11511718;0.86023;0.86035;0.86029;1;T;True;2
1621235975000;11511719;0.86023;0.86035;0.86029;0;T;True;2
1621235976000;11511720;0.86023;0.86035;0.86029;0;T;True;2
1621235977000;11511724;0.86022;0.86034;0.86028;3;T;True;2
1621235978000;11511726;0.86021;0.86033;0.86027;1;T;True;2
1621235979000;11511729;0.86023;0.86035;0.86029;2;T;True;2
1621235980000;11511734;0.86021;0.86033;0.86027;4;T;True;2
1621235981000;11511738;0.86019;0.86031;0.86025;3;T;True;2
1621235982000;11511744;0.86021;0.86033;0.86027;5;T;True;2
1621235983000;11511747;0.86021;0.86033;0.86027;2;T;True;2
1621235984000;11511748;0.86021;0.86033;0.86027;0;T;True;2
1621235985000;11511751;0.8602;0.86032;0.86026;2;T;True;2
1621235986000;11511756;0.86021;0.86033;0.86027;4;T;True;2
1621235987000;11511757;0.86021;0.86033;0.86027;0;T;True;2
1621235988000;11511761;0.86019;0.86031;0.86025;3;T;True;2
1621235989000;11511763;0.86019;0.86031;0.86025;1;T;True;2
1621235990000;11511766;0.86018;0.8603;0.86024;2;T;True;2
1621235991000;11511768;0.86017;0.86029;0.86023;1;T;True;2
1621235992000;11511770;0.86018;0.8603;0.86024;1;T;True;2
1621235993000;11511772;0.86017;0.86029;0.86023;1;T;True;2
1621235994000;11511773;0.86017;0.86029;0.86023;0;T;True;2
1621235995000;11511774;0.86017;0.86029;0.86023;0;T;True;2
1621235996000;11511776;0.86017;0.86029;0.86023;1;T;True;2
1621235997000;11511781;0.86015;0.86027;0.86021;4;T;True;2
1621235998000;11511783;0.86015;0.86027;0.86021;1;T;True;2
1621235999000;11511785;0.86015;0.86027;0.86021;1;T;True;2
1621236000000;11511786;0.86015;0.86027;0.86021;0;T;True;2
1621236001000;11511787;0.86015;0.86027;0.86021;0;T;True;2
1621236002000;11511788;0.86015;0.86027;0.86021;0;T;True;2
1621236003000;11511790;0.86015;0.86027;0.86021;1;T;True;2
1621236004000;11511791;0.86015;0.86027;0.86021;0;T;True;2
1621236005000;11511793;0.86015;0.86027;0.86021;1;T;True;2
1621236006000;11511795;0.86015;0.86027;0.86021;1;T;True;2
1621236007000;11511796;0.86015;0.86027;0.86021;0;T;True;2
1621236008000;11511798;0.86016;0.86028;0.86022;1;T;True;2
1621236009000;11511799;0.86016;0.86028;0.86022;0;T;True;2
1621236010000;11511801;0.86017;0.86029;0.86023;1;T;True;2
1621236011000;11511802;0.86017;0.86029;0.86023;0;T;True;2
1621236012000;11511803;0.86017;0.86029;0.86023;0;T;True;2
1621236013000;11511804;0.86017;0.86029;0.86023;0;T;True;2
1621236014000;11511809;0.86022;0.86034;0.86028;4;T;True;2
1621236015000;11511813;0.86027;0.86039;0.86033;3;T;True;2
1621236016000;11511814;0.86027;0.86039;0.86033;0;T;True;2
1621236017000;11511816;0.86028;0.8604;0.86034;1;T;True;2
1621236018000;11511817;0.86028;0.8604;0.86034;0;T;True;2
1621236019000;11511818;0.86028;0.8604;0.86034;0;T;True;2
1621236020000;11511822;0.86031;0.86043;0.86037;3;T;True;2
1621236021000;11511823;0.86031;0.86043;0.86037;0;T;True;2
1621236022000;11511824;0.86031;0.86043;0.86037;0;T;True;2
1621236023000;11511825;0.86031;0.86043;0.86037;0;T;True;2
1621236024000;11511826;0.86031;0.86043;0.86037;0;T;True;2
1621236025000;11511831;0.86031;0.86043;0.86037;4;T;True;2
1621236026000;11511833;0.86032;0.86044;0.86038;1;T;True;2
1621236027000;11511838;0.86031;0.86043;0.86037;4;T;True;2
1621236028000;11511839;0.86031;0.86043;0.86037;0;T;True;2
1621236029000;11511841;0.86031;0.86043;0.86037;1;T;True;2
1621236030000;11511843;0.8603;0.86042;0.86036;1;T;True;2
1621236031000;11511844;0.8603;0.86042;0.86036;0;T;True;2
1621236032000;11511846;0.86031;0.86043;0.86037;1;T;True;2
1621236033000;11511851;0.86032;0.86044;0.86038;4;T;True;2
1621236034000;11511854;0.86032;0.86044;0.86038;2;T;True;2
1621236035000;11511857;0.86031;0.86043;0.86037;2;T;True;2
1621236036000;11511860;0.86031;0.86043;0.86037;2;T;True;2
1621236037000;11511861;0.86031;0.86043;0.86037;0;T;True;2
1621236038000;11511862;0.86031;0.86043;0.86037;0;T;True;2
1621236039000;11511863;0.86031;0.86043;0.86037;0;T;True;2
1621236040000;11511864;0.86031;0.86043;0.86037;0;T;True;2
1621236041000;11511866;0.86029;0.86041;0.86035;1;T;True;2
1621236042000;11511867;0.86029;0.86041;0.86035;0;T;True;2
1621236043000;11511868;0.86029;0.86041;0.86035;0;T;True;2
1621236044000;11511870;0.86029;0.86041;0.86035;1;T;True;2
1621236045000;11511874;0.86028;0.8604;0.86034;3;T;True;2
1621236046000;11511875;0.86028;0.8604;0.86034;0;T;True;2
1621236047000;11511876;0.86028;0.8604;0.86034;0;T;True;2
1621236048000;11511877;0.86028;0.8604;0.86034;0;T;True;2
1621236049000;11511878;0.86028;0.8604;0.86034;0;T;True;2
1621236050000;11511879;0.86028;0.8604;0.86034;0;T;True;2
1621236051000;11511880;0.86028;0.8604;0.86034;0;T;True;2
1621236052000;11511881;0.86028;0.8604;0.86034;0;T;True;2
1621236053000;11511884;0.86029;0.86041;0.86035;2;T;True;2
1621236054000;11511888;0.86031;0.86043;0.86037;3;T;True;2
1621236055000;11511890;0.86032;0.86044;0.86038;1;T;True;2
1621236056000;11511891;0.86032;0.86044;0.86038;0;T;True;2
1621236057000;11511892;0.86032;0.86044;0.86038;0;T;True;2
1621236058000;11511896;0.86032;0.86044;0.86038;3;T;True;2
1621236059000;11511897;0.86032;0.86044;0.86038;0;T;True;2
1621236060000;11511899;0.86032;0.86044;0.86038;1;T;True;2
1621236061000;11511902;0.86032;0.86044;0.86038;2;T;True;2
1621236062000;11511906;0.86032;0.86044;0.86038;3;T;True;2
1621236063000;11511911;0.86032;0.86044;0.86038;4;T;True;2
1621236064000;11511913;0.86032;0.86044;0.86038;1;T;True;2
1621236065000;11511914;0.86032;0.86044;0.86038;0;T;True;2
1621236066000;11511918;0.86033;0.86045;0.86039;3;T;True;2
1621236067000;11511919;0.86033;0.86045;0.86039;0;T;True;2
1621236068000;11511921;0.86031;0.86043;0.86037;1;T;True;2
1621236069000;11511922;0.86031;0.86043;0.86037;0;T;True;2
1621236070000;11511924;0.8603;0.86042;0.86036;1;T;True;2
1621236071000;11511925;0.8603;0.86042;0.86036;0;T;True;2
1621236072000;11511928;0.8603;0.86042;0.86036;2;T;True;2
1621236073000;11511929;0.8603;0.86042;0.86036;0;T;True;2
1621236074000;11511930;0.8603;0.86042;0.86036;0;T;True;2
1621236075000;11511933;0.8603;0.86042;0.86036;2;T;True;2
1621236076000;11511935;0.86031;0.86043;0.86037;1;T;True;2
1621236077000;11511941;0.86029;0.86041;0.86035;5;T;True;2
1621236078000;11511946;0.8603;0.86042;0.86036;4;T;True;2
1621236079000;11511951;0.8603;0.86042;0.86036;4;T;True;2
1621236080000;11511954;0.8603;0.86042;0.86036;2;T;True;2
1621236081000;11511955;0.8603;0.86042;0.86036;0;T;True;2
1621236082000;11511956;0.8603;0.86042;0.86036;0;T;True;2
1621236083000;11511957;0.8603;0.86042;0.86036;0;T;True;2
1621236084000;11511958;0.8603;0.86042;0.86036;0;T;True;2
1621236085000;11511959;0.8603;0.86042;0.86036;0;T;True;2
1621236086000;11511960;0.8603;0.86042;0.86036;0;T;True;2
1621236087000;11511961;0.8603;0.86042;0.86036;0;T;True;2
1621236088000;11511966;0.86027;0.86039;0.86033;4;T;True;2
1621236089000;11511968;0.86028;0.8604;0.86034;1;T;True;2
1621236090000;11511969;0.86028;0.8604;0.86034;0;T;True;2
1621236091000;11511970;0.86028;0.8604;0.86034;0;T;True;2
1621236092000;11511971;0.86028;0.8604;0.86034;0;T;True;2
1621236093000;11511972;0.86028;0.8604;0.86034;0;T;True;2
1621236094000;11511974;0.86029;0.86041;0.86035;1;T;True;2
1621236095000;11511975;0.86029;0.86041;0.86035;0;T;True;2
1621236096000;11511977;0.86029;0.86041;0.86035;1;T;True;2
1621236097000;11511982;0.86029;0.86041;0.86035;4;T;True;2
1621236098000;11511983;0.86029;0.86041;0.86035;0;T;True;2
1621236099000;11511985;0.86029;0.86041;0.86035;1;T;True;2
1621236100000;11511990;0.86032;0.86044;0.86038;4;T;True;2
1621236101000;11511991;0.86032;0.86044;0.86038;0;T;True;2
1621236102000;11511993;0.86033;0.86045;0.86039;1;T;True;2
1621236103000;11511994;0.86033;0.86045;0.86039;0;T;True;2
1621236104000;11511995;0.86033;0.86045;0.86039;0;T;True;2
1621236105000;11511996;0.86033;0.86045;0.86039;0;T;True;2
1621236106000;11511997;0.86033;0.86045;0.86039;0;T;True;2
1621236107000;11512004;0.86038;0.8605;0.86044;6;T;True;2
1621236108000;11512010;0.86039;0.86051;0.86045;5;T;True;2
1621236109000;11512013;0.86039;0.86051;0.86045;2;T;True;2
1621236110000;11512014;0.86039;0.86051;0.86045;0;T;True;2
1621236111000;11512015;0.86039;0.86051;0.86045;0;T;True;2
1621236112000;11512016;0.86039;0.86051;0.86045;0;T;True;2
1621236113000;11512018;0.86038;0.8605;0.86044;1;T;True;2
1621236114000;11512021;0.86038;0.8605;0.86044;2;T;True;2
1621236115000;11512030;0.86033;0.86045;0.86039;8;T;True;2
1621236116000;11512036;0.8603;0.86042;0.86036;5;T;True;2
1621236117000;11512043;0.86027;0.86039;0.86033;6;T;True;2
1621236118000;11512044;0.86027;0.86039;0.86033;0;T;True;2
1621236119000;11512046;0.86027;0.86039;0.86033;1;T;True;2
1621236120000;11512048;0.86029;0.86041;0.86035;1;T;True;2
1621236121000;11512049;0.86029;0.86041;0.86035;0;T;True;2
1621236122000;11512052;0.86031;0.86043;0.86037;2;T;True;2
1621236123000;11512054;0.86031;0.86043;0.86037;1;T;True;2
1621236124000;11512055;0.86031;0.86043;0.86037;0;T;True;2
1621236125000;11512056;0.86031;0.86043;0.86037;0;T;True;2
1621236126000;11512057;0.86031;0.86043;0.86037;0;T;True;2
1621236127000;11512058;0.86031;0.86043;0.86037;0;T;True;2
1621236128000;11512059;0.86031;0.86043;0.86037;0;T;True;2
1621236129000;11512060;0.86031;0.86043;0.86037;0;T;True;2
1621236130000;11512061;0.86031;0.86043;0.86037;0;T;True;2
1621236131000;11512062;0.86031;0.86043;0.86037;0;T;True;2
1621236132000;11512070;0.86027;0.86039;0.86033;7;T;True;2
1621236133000;11512075;0.86027;0.86039;0.86033;4;T;True;2
1621236134000;11512078;0.86027;0.86039;0.86033;2;T;True;2
1621236135000;11512079;0.86027;0.86039;0.86033;0;T;True;2
1621236136000;11512081;0.86028;0.8604;0.86034;1;T;True;2
1621236137000;11512084;0.86026;0.86038;0.86032;2;T;True;2
1621236138000;11512086;0.86026;0.86038;0.86032;1;T;True;2
1621236139000;11512089;0.86026;0.86038;0.86032;2;T;True;2
1621236140000;11512092;0.86026;0.86038;0.86032;2;T;True;2
1621236141000;11512093;0.86026;0.86038;0.86032;0;T;True;2
1621236142000;11512094;0.86026;0.86038;0.86032;0;T;True;2
1621236143000;11512098;0.86027;0.86039;0.86033;3;T;True;2
1621236144000;11512103;0.86027;0.86039;0.86033;4;T;True;2
1621236145000;11512104;0.86027;0.86039;0.86033;0;T;True;2
1621236146000;11512106;0.86028;0.8604;0.86034;1;T;True;2
1621236147000;11512108;0.86027;0.86039;0.86033;1;T;True;2
1621236148000;11512111;0.86028;0.8604;0.86034;2;T;True;2
1621236149000;11512117;0.86031;0.86043;0.86037;5;T;True;2
1621236150000;11512122;0.86031;0.86043;0.86037;4;T;True;2
1621236151000;11512125;0.86031;0.86043;0.86037;2;T;True;2
1621236152000;11512126;0.86031;0.86043;0.86037;0;T;True;2
1621236153000;11512127;0.86031;0.86043;0.86037;0;T;True;2
1621236154000;11512130;0.86031;0.86043;0.86037;2;T;True;2
1621236155000;11512131;0.86031;0.86043;0.86037;0;T;True;2
1621236156000;11512133;0.8603;0.86042;0.86036;1;T;True;2
1621236157000;11512134;0.8603;0.86042;0.86036;0;T;True;2
1621236158000;11512135;0.8603;0.86042;0.86036;0;T;True;2
1621236159000;11512137;0.86029;0.86041;0.86035;1;T;True;2
1621236160000;11512139;0.86029;0.86041;0.86035;1;T;True;2
1621236161000;11512149;0.86037;0.86049;0.86043;9;T;True;2
1621236162000;11512156;0.86039;0.86051;0.86045;6;T;True;2
1621236163000;11512164;0.86045;0.86057;0.86051;7;T;True;2
1621236164000;11512165;0.86045;0.86057;0.86051;0;T;True;2
1621236165000;11512170;0.86046;0.86058;0.86052;4;T;True;2
1621236166000;11512177;0.86046;0.86058;0.86052;6;T;True;2
1621236167000;11512181;0.86043;0.86055;0.86049;3;T;True;2
1621236168000;11512182;0.86043;0.86055;0.86049;0;T;True;2
1621236169000;11512184;0.86042;0.86054;0.86048;1;T;True;2
1621236170000;11512191;0.86037;0.86049;0.86043;6;T;True;2
1621236171000;11512192;0.86037;0.86049;0.86043;0;T;True;2
1621236172000;11512195;0.86037;0.86049;0.86043;2;T;True;2
1621236173000;11512198;0.86037;0.86049;0.86043;2;T;True;2
1621236174000;11512199;0.86037;0.86049;0.86043;0;T;True;2
1621236175000;11512200;0.86037;0.86049;0.86043;0;T;True;2
1621236176000;11512203;0.86037;0.86049;0.86043;2;T;True;2
1621236177000;11512204;0.86037;0.86049;0.86043;0;T;True;2
1621236178000;11512206;0.86037;0.86049;0.86043;1;T;True;2
1621236179000;11512208;0.86036;0.86048;0.86042;1;T;True;2
1621236180000;11512209;0.86036;0.86048;0.86042;0;T;True;2
1621236181000;11512217;0.86037;0.86049;0.86043;7;T;True;2
1621236182000;11512218;0.86037;0.86049;0.86043;0;T;True;2
1621236183000;11512220;0.86037;0.86049;0.86043;1;T;True;2
1621236184000;11512222;0.86037;0.86049;0.86043;1;T;True;2
1621236185000;11512223;0.86037;0.86049;0.86043;0;T;True;2
1621236186000;11512224;0.86037;0.86049;0.86043;0;T;True;2
1621236187000;11512225;0.86037;0.86049;0.86043;0;T;True;2
1621236188000;11512226;0.86037;0.86049;0.86043;0;T;True;2
1621236189000;11512233;0.86041;0.86053;0.86047;6;T;True;2
1621236190000;11512236;0.86041;0.86053;0.86047;2;T;True;2
1621236191000;11512239;0.86042;0.86054;0.86048;2;T;True;2
1621236192000;11512245;0.86043;0.86055;0.86049;5;T;True;2
1621236193000;11512254;0.86045;0.86057;0.86051;8;T;True;2
1621236194000;11512255;0.86045;0.86057;0.86051;0;T;True;2
1621236195000;11512256;0.86045;0.86057;0.86051;0;T;True;2
1621236196000;11512260;0.86045;0.86057;0.86051;3;T;True;2
1621236197000;11512261;0.86045;0.86057;0.86051;0;T;True;2
1621236198000;11512262;0.86045;0.86057;0.86051;0;T;True;2
1621236199000;11512270;0.86043;0.86055;0.86049;7;T;True;2
1621236200000;11512273;0.86043;0.86055;0.86049;2;T;True;2
1621236201000;11512279;0.86043;0.86055;0.86049;5;T;True;2
1621236202000;11512284;0.86042;0.86054;0.86048;4;T;True;2
1621236203000;11512286;0.86041;0.86053;0.86047;1;T;True;2
1621236204000;11512287;0.86041;0.86053;0.86047;0;T;True;2
1621236205000;11512293;0.86039;0.86051;0.86045;5;T;True;2
1621236206000;11512298;0.8604;0.86052;0.86046;4;T;True;2
1621236207000;11512302;0.86041;0.86053;0.86047;3;T;True;2
1621236208000;11512303;0.86041;0.86053;0.86047;0;T;True;2
1621236209000;11512304;0.86041;0.86053;0.86047;0;T;True;2
1621236210000;11512313;0.86043;0.86055;0.86049;8;T;True;2
1621236211000;11512319;0.86047;0.86059;0.86053;5;T;True;2
1621236212000;11512320;0.86047;0.86059;0.86053;0;T;True;2
1621236213000;11512322;0.86046;0.86058;0.86052;1;T;True;2
1621236214000;11512323;0.86046;0.86058;0.86052;0;T;True;2
1621236215000;11512327;0.86045;0.86057;0.86051;3;T;True;2
1621236216000;11512329;0.86045;0.86057;0.86051;1;T;True;2
1621236217000;11512333;0.86045;0.86057;0.86051;3;T;True;2
1621236218000;11512339;0.86046;0.86058;0.86052;5;T;True;2
1621236219000;11512342;0.86047;0.86059;0.86053;2;T;True;2
1621236220000;11512344;0.86047;0.86059;0.86053;1;T;True;2
1621236221000;11512345;0.86047;0.86059;0.86053;0;T;True;2
1621236222000;11512346;0.86047;0.86059;0.86053;0;T;True;2
1621236223000;11512347;0.86047;0.86059;0.86053;0;T;True;2
1621236224000;11512348;0.86047;0.86059;0.86053;0;T;True;2
1621236225000;11512350;0.86046;0.86058;0.86052;1;T;True;2
1621236226000;11512352;0.86045;0.86057;0.86051;1;T;True;2
1621236227000;11512357;0.86041;0.86053;0.86047;4;T;True;2
1621236228000;11512359;0.86041;0.86053;0.86047;1;T;True;2
1621236229000;11512362;0.86042;0.86054;0.86048;2;T;True;2
1621236230000;11512363;0.86042;0.86054;0.86048;0;T;True;2
1621236231000;11512365;0.86042;0.86054;0.86048;1;T;True;2
1621236232000;11512372;0.86037;0.86049;0.86043;6;T;True;2
1621236233000;11512374;0.86039;0.86051;0.86045;1;T;True;2
1621236234000;11512375;0.86039;0.86051;0.86045;0;T;True;2
1621236235000;11512376;0.86039;0.86051;0.86045;0;T;True;2
1621236236000;11512381;0.86039;0.86051;0.86045;4;T;True;2
1621236237000;11512384;0.86039;0.86051;0.86045;2;T;True;2
1621236238000;11512385;0.86039;0.86051;0.86045;0;T;True;2
1621236239000;11512389;0.86037;0.86049;0.86043;3;T;True;2
1621236240000;11512390;0.86037;0.86049;0.86043;0;T;True;2
1621236241000;11512394;0.86037;0.86049;0.86043;3;T;True;2
1621236242000;11512398;0.86037;0.86049;0.86043;3;T;True;2
1621236243000;11512401;0.86038;0.8605;0.86044;2;T;True;2
1621236244000;11512405;0.86038;0.8605;0.86044;3;T;True;2
1621236245000;11512412;0.86038;0.8605;0.86044;6;T;True;2
1621236246000;11512417;0.86038;0.8605;0.86044;4;T;True;2
1621236247000;11512420;0.86038;0.8605;0.86044;2;T;True;2
1621236248000;11512422;0.86038;0.8605;0.86044;1;T;True;2
1621236249000;11512423;0.86038;0.8605;0.86044;0;T;True;2
1621236250000;11512425;0.86038;0.8605;0.86044;1;T;True;2
1621236251000;11512433;0.86041;0.86053;0.86047;7;T;True;2
1621236252000;11512437;0.86043;0.86055;0.86049;3;T;True;2
1621236253000;11512438;0.86043;0.86055;0.86049;0;T;True;2
1621236254000;11512440;0.86043;0.86055;0.86049;1;T;True;2
1621236255000;11512441;0.86043;0.86055;0.86049;0;T;True;2
1621236256000;11512442;0.86043;0.86055;0.86049;0;T;True;2
1621236257000;11512446;0.86042;0.86054;0.86048;3;T;True;2
1621236258000;11512447;0.86042;0.86054;0.86048;0;T;True;2
1621236259000;11512448;0.86042;0.86054;0.86048;0;T;True;2
1621236260000;11512450;0.86041;0.86053;0.86047;1;T;True;2
1621236261000;11512452;0.8604;0.86052;0.86046;1;T;True;2
1621236262000;11512455;0.86042;0.86054;0.86048;2;T;True;2
1621236263000;11512461;0.86048;0.8606;0.86054;5;T;True;2
1621236264000;11512467;0.86051;0.86063;0.86057;5;T;True;2
1621236265000;11512468;0.86051;0.86063;0.86057;0;T;True;2
1621236266000;11512471;0.86049;0.86061;0.86055;2;T;True;2
1621236267000;11512472;0.86049;0.86061;0.86055;0;T;True;2
1621236268000;11512473;0.86049;0.86061;0.86055;0;T;True;2
1621236269000;11512475;0.86047;0.86059;0.86053;1;T;True;2
1621236270000;11512476;0.86047;0.86059;0.86053;0;T;True;2
1621236271000;11512482;0.86051;0.86063;0.86057;5;T;True;2
1621236272000;11512483;0.86051;0.86063;0.86057;0;T;True;2
1621236273000;11512484;0.86051;0.86063;0.86057;0;T;True;2
1621236274000;11512485;0.86051;0.86063;0.86057;0;T;True;2
1621236275000;11512486;0.86051;0.86063;0.86057;0;T;True;2
1621236276000;11512488;0.86052;0.86064;0.86058;1;T;True;2
1621236277000;11512490;0.86053;0.86065;0.86059;1;T;True;2
1621236278000;11512493;0.86052;0.86064;0.86058;2;T;True;2
1621236279000;11512496;0.86053;0.86065;0.86059;2;T;True;2
1621236280000;11512497;0.86053;0.86065;0.86059;0;T;True;2
1621236281000;11512499;0.86052;0.86064;0.86058;1;T;True;2
1621236282000;11512500;0.86052;0.86064;0.86058;0;T;True;2
1621236283000;11512501;0.86052;0.86064;0.86058;0;T;True;2
1621236284000;11512502;0.86052;0.86064;0.86058;0;T;True;2
1621236285000;11512503;0.86052;0.86064;0.86058;0;T;True;2
1621236286000;11512504;0.86052;0.86064;0.86058;0;T;True;2
1621236287000;11512505;0.86052;0.86064;0.86058;0;T;True;2
1621236288000;11512506;0.86052;0.86064;0.86058;0;T;True;2
1621236289000;11512507;0.86052;0.86064;0.86058;0;T;True;2
1621236290000;11512508;0.86052;0.86064;0.86058;0;T;True;2
1621236291000;11512509;0.86052;0.86064;0.86058;0;T;True;2
1621236292000;11512510;0.86052;0.86064;0.86058;0;T;True;2
1621236293000;11512511;0.86052;0.86064;0.86058;0;T;True;2
1621236294000;11512512;0.86052;0.86064;0.86058;0;T;True;2
1621236295000;11512514;0.86051;0.86063;0.86057;1;T;True;2
1621236296000;11512515;0.86051;0.86063;0.86057;0;T;True;2
1621236297000;11512516;0.86051;0.86063;0.86057;0;T;True;2
1621236298000;11512523;0.86051;0.86063;0.86057;6;T;True;2
1621236299000;11512524;0.86051;0.86063;0.86057;0;T;True;2
1621236300000;11512528;0.86049;0.86061;0.86055;3;T;True;2
1621236301000;11512548;0.86037;0.86049;0.86043;19;T;True;2
1621236302000;11512555;0.86037;0.86049;0.86043;6;T;True;2
1621236303000;11512557;0.86037;0.86049;0.86043;1;T;True;2
1621236304000;11512560;0.86037;0.86049;0.86043;2;T;True;2
1621236305000;11512562;0.86038;0.8605;0.86044;1;T;True;2
1621236306000;11512563;0.86038;0.8605;0.86044;0;T;True;2
1621236307000;11512568;0.86036;0.86048;0.86042;4;T;True;2
1621236308000;11512571;0.86037;0.86049;0.86043;2;T;True;2
1621236309000;11512572;0.86037;0.86049;0.86043;0;T;True;2
1621236310000;11512573;0.86037;0.86049;0.86043;0;T;True;2
1621236311000;11512574;0.86037;0.86049;0.86043;0;T;True;2
1621236312000;11512576;0.86037;0.86049;0.86043;1;T;True;2
1621236313000;11512578;0.86037;0.86049;0.86043;1;T;True;2
1621236314000;11512580;0.86037;0.86049;0.86043;1;T;True;2
1621236315000;11512582;0.86037;0.86049;0.86043;1;T;True;2
1621236316000;11512583;0.86037;0.86049;0.86043;0;T;True;2
1621236317000;11512588;0.86041;0.86053;0.86047;4;T;True;2
1621236318000;11512589;0.86041;0.86053;0.86047;0;T;True;2
1621236319000;11512596;0.86047;0.86059;0.86053;6;T;True;2
1621236320000;11512599;0.86047;0.86059;0.86053;2;T;True;2
1621236321000;11512600;0.86047;0.86059;0.86053;0;T;True;2
1621236322000;11512601;0.86047;0.86059;0.86053;0;T;True;2
1621236323000;11512602;0.86047;0.86059;0.86053;0;T;True;2
1621236324000;11512603;0.86047;0.86059;0.86053;0;T;True;2
1621236325000;11512607;0.86049;0.86061;0.86055;3;T;True;2
1621236326000;11512613;0.86047;0.86059;0.86053;5;T;True;2
1621236327000;11512616;0.86046;0.86058;0.86052;2;T;True;2
1621236328000;11512617;0.86046;0.86058;0.86052;0;T;True;2
1621236329000;11512618;0.86046;0.86058;0.86052;0;T;True;2
1621236330000;11512619;0.86046;0.86058;0.86052;0;T;True;2
1621236331000;11512620;0.86046;0.86058;0.86052;0;T;True;2
1621236332000;11512621;0.86046;0.86058;0.86052;0;T;True;2
1621236333000;11512622;0.86046;0.86058;0.86052;0;T;True;2
1621236334000;11512623;0.86046;0.86058;0.86052;0;T;True;2
1621236335000;11512624;0.86046;0.86058;0.86052;0;T;True;2
1621236336000;11512625;0.86046;0.86058;0.86052;0;T;True;2
1621236337000;11512626;0.86046;0.86058;0.86052;0;T;True;2
1621236338000;11512627;0.86046;0.86058;0.86052;0;T;True;2
1621236339000;11512628;0.86046;0.86058;0.86052;0;T;True;2
1621236340000;11512629;0.86046;0.86058;0.86052;0;T;True;2
1621236341000;11512630;0.86046;0.86058;0.86052;0;T;True;2
1621236342000;11512634;0.86045;0.86057;0.86051;3;T;True;2
1621236343000;11512636;0.86046;0.86058;0.86052;1;T;True;2
1621236344000;11512638;0.86047;0.86059;0.86053;1;T;True;2
1621236345000;11512639;0.86047;0.86059;0.86053;0;T;True;2
1621236346000;11512640;0.86047;0.86059;0.86053;0;T;True;2
1621236347000;11512641;0.86047;0.86059;0.86053;0;T;True;2
1621236348000;11512642;0.86047;0.86059;0.86053;0;T;True;2
1621236349000;11512644;0.86048;0.8606;0.86054;1;T;True;2
1621236350000;11512645;0.86048;0.8606;0.86054;0;T;True;2
1621236351000;11512646;0.86048;0.8606;0.86054;0;T;True;2
1621236352000;11512647;0.86048;0.8606;0.86054;0;T;True;2
1621236353000;11512648;0.86048;0.8606;0.86054;0;T;True;2
1621236354000;11512654;0.86049;0.86061;0.86055;5;T;True;2
1621236355000;11512658;0.86049;0.86061;0.86055;3;T;True;2
1621236356000;11512660;0.86049;0.86061;0.86055;1;T;True;2
1621236357000;11512661;0.86049;0.86061;0.86055;0;T;True;2
1621236358000;11512662;0.86049;0.86061;0.86055;0;T;True;2
1621236359000;11512669;0.86051;0.86063;0.86057;6;T;True;2
1621236360000;11512672;0.86052;0.86064;0.86058;2;T;True;2
1621236361000;11512673;0.86052;0.86064;0.86058;0;T;True;2
1621236362000;11512674;0.86052;0.86064;0.86058;0;T;True;2
1621236363000;11512676;0.86052;0.86064;0.86058;1;T;True;2
1621236364000;11512688;0.86063;0.86075;0.86069;11;T;True;2
1621236365000;11512698;0.86063;0.86075;0.86069;9;T;True;2
1621236366000;11512704;0.86062;0.86074;0.86068;5;T;True;2
1621236367000;11512705;0.86062;0.86074;0.86068;0;T;True;2
1621236368000;11512708;0.86062;0.86074;0.86068;2;T;True;2
1621236369000;11512711;0.86062;0.86074;0.86068;2;T;True;2
1621236370000;11512714;0.86062;0.86074;0.86068;2;T;True;2
1621236371000;11512717;0.86062;0.86074;0.86068;2;T;True;2
1621236372000;11512719;0.86063;0.86075;0.86069;1;T;True;2
1621236373000;11512720;0.86063;0.86075;0.86069;0;T;True;2
1621236374000;11512721;0.86063;0.86075;0.86069;0;T;True;2
1621236375000;11512722;0.86063;0.86075;0.86069;0;T;True;2
1621236376000;11512723;0.86063;0.86075;0.86069;0;T;True;2
1621236377000;11512724;0.86063;0.86075;0.86069;0;T;True;2
1621236378000;11512725;0.86063;0.86075;0.86069;0;T;True;2
1621236379000;11512734;0.8606;0.86072;0.86066;8;T;True;2
1621236380000;11512736;0.86059;0.86071;0.86065;1;T;True;2
1621236381000;11512737;0.86059;0.86071;0.86065;0;T;True;2
1621236382000;11512738;0.86059;0.86071;0.86065;0;T;True;2
1621236383000;11512743;0.86059;0.86071;0.86065;4;T;True;2
1621236384000;11512744;0.86059;0.86071;0.86065;0;T;True;2
1621236385000;11512745;0.86059;0.86071;0.86065;0;T;True;2
1621236386000;11512746;0.86059;0.86071;0.86065;0;T;True;2
1621236387000;11512747;0.86059;0.86071;0.86065;0;T;True;2
1621236388000;11512748;0.86059;0.86071;0.86065;0;T;True;2
