ts;n;bid;ask;value;volume;phase;round;active_id
1621238262000;11517291;0.86092;0.86104;0.86098;5;T;True;2
1621238263000;11517297;0.86095;0.86107;0.86101;5;T;True;2
1621238264000;11517298;0.86095;0.86107;0.86101;0;T;True;2
1621238265000;11517300;0.86095;0.86107;0.86101;1;T;True;2
1621238266000;11517303;0.86095;0.86107;0.86101;2;T;True;2
1621238267000;11517304;0.86095;0.86107;0.86101;0;T;True;2
1621238268000;11517306;0.86097;0.86109;0.86103;1;T;True;2
1621238269000;11517307;0.86097;0.86109;0.86103;0;T;True;2
1621238270000;11517309;0.86097;0.86109;0.86103;1;T;True;2
1621238271000;11517311;0.86097;0.86109;0.86103;1;T;True;2
1621238272000;11517312;0.86097;0.86109;0.86103;0;T;True;2
1621238273000;11517313;0.86097;0.86109;0.86103;0;T;True;2
1621238274000;11517314;0.86097;0.86109;0.86103;0;T;True;2
1621238275000;11517315;0.86097;0.86109;0.86103;0;T;True;2
1621238276000;11517316;0.86097;0.86109;0.86103;0;T;True;2
1621238277000;11517321;0.86101;0.86113;0.86107;4;T;True;2
1621238278000;11517324;0.86103;0.86115;0.86109;2;T;True;2
1621238279000;11517325;0.86103;0.86115;0.86109;0;T;True;2
1621238280000;11517326;0.86103;0.86115;0.86109;0;T;True;2
1621238281000;11517329;0.86097;0.86109;0.86103;2;T;True;2
1621238282000;11517335;0.86097;0.86109;0.86103;5;T;True;2
1621238283000;11517336;0.86097;0.86109;0.86103;0;T;True;2
1621238284000;11517337;0.86097;0.86109;0.86103;0;T;True;2
1621238285000;11517340;0.86099;0.86111;0.86105;2;T;True;2
1621238286000;11517343;0.861;0.86112;0.86106;2;T;True;2
1621238287000;11517344;0.861;0.86112;0.86106;0;T;True;2
1621238288000;11517345;0.861;0.86112;0.86106;0;T;True;2
1621238289000;11517347;0.86099;0.86111;0.86105;1;T;True;2
1621238290000;11517348;0.86099;0.86111;0.86105;0;T;True;2
1621238291000;11517349;0.86099;0.86111;0.86105;0;T;True;2
1621238292000;11517354;0.86099;0.86111;0.86105;4;T;True;2
1621238293000;11517357;0.86097;0.86109;0.86103;2;T;True;2
1621238294000;11517358;0.86097;0.86109;0.86103;0;T;True;2
1621238295000;11517361;0.86095;0.86107;0.86101;2;T;True;2
1621238296000;11517362;0.86095;0.86107;0.86101;0;T;True;2
1621238297000;11517363;0.86095;0.86107;0.86101;0;T;True;2
1621238298000;11517364;0.86095;0.86107;0.86101;0;T;True;2
1621238299000;11517367;0.86097;0.86109;0.86103;2;T;True;2
1621238300000;11517368;0.86097;0.86109;0.86103;0;T;True;2
1621238301000;11517369;0.86097;0.86109;0.86103;0;T;True;2
1621238302000;11517370;0.86097;0.86109;0.86103;0;T;True;2
1621238303000;11517371;0.86097;0.86109;0.86103;0;T;True;2
1621238304000;11517374;0.86099;0.86111;0.86105;2;T;True;2
1621238305000;11517377;0.86101;0.86113;0.86107;2;T;True;2
1621238306000;11517381;0.86102;0.86114;0.86108;3;T;True;2
1621238307000;11517382;0.86102;0.86114;0.86108;0;T;True;2
1621238308000;11517383;0.86102;0.86114;0.86108;0;T;True;2
1621238309000;11517385;0.86102;0.86114;0.86108;1;T;True;2
1621238310000;11517387;0.86101;0.86113;0.86107;1;T;True;2
1621238311000;11517389;0.86102;0.86114;0.86108;1;T;True;2
1621238312000;11517390;0.86102;0.86114;0.86108;0;T;True;2
1621238313000;11517391;0.86102;0.86114;0.86108;0;T;True;2
1621238314000;11517393;0.86103;0.86115;0.86109;1;T;True;2
1621238315000;11517395;0.86103;0.86115;0.86109;1;T;True;2
1621238316000;11517396;0.86103;0.86115;0.86109;0;T;True;2
1621238317000;11517397;0.86103;0.86115;0.86109;0;T;True;2
1621238318000;11517400;0.86105;0.86117;0.86111;2;T;True;2
1621238319000;11517401;0.86105;0.86117;0.86111;0;T;True;2
1621238320000;11517402;0.86105;0.86117;0.86111;0;T;True;2
1621238321000;11517403;0.86105;0.86117;0.86111;0;T;True;2
1621238322000;11517404;0.86105;0.86117;0.86111;0;T;True;2
1621238323000;11517406;0.86104;0.86116;0.8611;1;T;True;2
1621238324000;11517413;0.86105;0.86117;0.86111;6;T;True;2
1621238325000;11517414;0.86105;0.86117;0.86111;0;T;True;2
1621238326000;11517418;0.86103;0.86115;0.86109;3;T;True;2
1621238327000;11517419;0.86103;0.86115;0.86109;0;T;True;2
1621238328000;11517421;0.86101;0.86113;0.86107;1;T;True;2
1621238329000;11517428;0.86095;0.86107;0.86101;6;T;True;2
1621238330000;11517430;0.86093;0.86105;0.86099;1;T;True;2
1621238331000;11517431;0.86093;0.86105;0.86099;0;T;True;2
1621238332000;11517434;0.86095;0.86107;0.86101;2;T;True;2
1621238333000;11517440;0.86097;0.86109;0.86103;5;T;True;2
1621238334000;11517441;0.86097;0.86109;0.86103;0;T;True;2
1621238335000;11517442;0.86097;0.86109;0.86103;0;T;True;2
1621238336000;11517443;0.86097;0.86109;0.86103;0;T;True;2
1621238337000;11517444;0.86097;0.86109;0.86103;0;T;True;2
1621238338000;11517445;0.86097;0.86109;0.86103;0;T;True;2
1621238339000;11517446;0.86097;0.86109;0.86103;0;T;True;2
1621238340000;11517447;0.86097;0.86109;0.86103;0;T;True;2
1621238341000;11517453;0.86091;0.86103;0.86097;5;T;True;2
1621238342000;11517455;0.86092;0.86104;0.86098;1;T;True;2
1621238343000;11517458;0.86093;0.86105;0.86099;2;T;True;2
1621238344000;11517460;0.86093;0.86105;0.86099;1;T;True;2
1621238345000;11517463;0.86093;0.86105;0.86099;2;T;True;2
1621238346000;11517464;0.86093;0.86105;0.86099;0;T;True;2
1621238347000;11517465;0.86093;0.86105;0.86099;0;T;True;2
1621238348000;11517466;0.86093;0.86105;0.86099;0;T;True;2
1621238349000;11517467;0.86093;0.86105;0.86099;0;T;True;2
1621238350000;11517468;0.86093;0.86105;0.86099;0;T;True;2
1621238351000;11517471;0.86094;0.86106;0.861;2;T;True;2
1621238352000;11517472;0.86094;0.86106;0.861;0;T;True;2
1621238353000;11517473;0.86094;0.86106;0.861;0;T;True;2
1621238354000;11517475;0.86095;0.86107;0.86101;1;T;True;2
1621238355000;11517476;0.86095;0.86107;0.86101;0;T;True;2
1621238356000;11517477;0.86095;0.86107;0.86101;0;T;True;2
1621238357000;11517485;0.86103;0.86115;0.86109;7;T;True;2
1621238358000;11517493;0.86108;0.8612;0.86114;7;T;True;2
1621238359000;11517497;0.86111;0.86123;0.86117;3;T;True;2
1621238360000;11517498;0.86111;0.86123;0.86117;0;T;True;2
1621238361000;11517499;0.86111;0.86123;0.86117;0;T;True;2
1621238362000;11517504;0.86112;0.86124;0.86118;4;T;True;2
1621238363000;11517505;0.86112;0.86124;0.86118;0;T;True;2
1621238364000;11517506;0.86112;0.86124;0.86118;0;T;True;2
1621238365000;11517508;0.86113;0.86125;0.86119;1;T;True;2
1621238366000;11517512;0.86111;0.86123;0.86117;3;T;True;2
1621238367000;11517513;0.86111;0.86123;0.86117;0;T;True;2
1621238368000;11517516;0.86112;0.86124;0.86118;2;T;True;2
1621238369000;11517518;0.86111;0.86123;0.86117;1;T;True;2
1621238370000;11517519;0.86111;0.86123;0.86117;0;T;True;2
1621238371000;11517523;0.86109;0.86121;0.86115;3;T;True;2
1621238372000;11517528;0.86107;0.86119;0.86113;4;T;True;2
1621238373000;11517530;0.86107;0.86119;0.86113;1;T;True;2
1621238374000;11517531;0.86107;0.86119;0.86113;0;T;True;2
1621238375000;11517535;0.86107;0.86119;0.86113;3;T;True;2
1621238376000;11517536;0.86107;0.86119;0.86113;0;T;True;2
1621238377000;11517537;0.86107;0.86119;0.86113;0;T;True;2
1621238378000;11517539;0.86106;0.86118;0.86112;1;T;True;2
1621238379000;11517540;0.86106;0.86118;0.86112;0;T;True;2
1621238380000;11517550;0.86097;0.86109;0.86103;9;T;True;2
1621238381000;11517551;0.86097;0.86109;0.86103;0;T;True;2
1621238382000;11517552;0.86097;0.86109;0.86103;0;T;True;2
1621238383000;11517554;0.86097;0.86109;0.86103;1;T;True;2
1621238384000;11517556;0.86097;0.86109;0.86103;1;T;True;2
1621238385000;11517562;0.86097;0.86109;0.86103;5;T;True;2
1621238386000;11517566;0.86099;0.86111;0.86105;3;T;True;2
1621238387000;11517568;0.86099;0.86111;0.86105;1;T;True;2
1621238388000;11517570;0.86099;0.86111;0.86105;1;T;True;2
1621238389000;11517571;0.86099;0.86111;0.86105;0;T;True;2
1621238390000;11517575;0.86099;0.86111;0.86105;3;T;True;2
1621238391000;11517576;0.86099;0.86111;0.86105;0;T;True;2
1621238392000;11517577;0.86099;0.86111;0.86105;0;T;True;2
1621238393000;11517579;0.86096;0.86108;0.86102;1;T;True;2
1621238394000;11517580;0.86096;0.86108;0.86102;0;T;True;2
1621238395000;11517583;0.86093;0.86105;0.86099;2;T;True;2
1621238396000;11517585;0.86093;0.86105;0.86099;1;T;True;2
1621238397000;11517587;0.86093;0.86105;0.86099;1;T;True;2
1621238398000;11517590;0.86093;0.86105;0.86099;2;T;True;2
1621238399000;11517592;0.86093;0.86105;0.86099;1;T;True;2
1621238400000;11517595;0.86093;0.86105;0.86099;2;T;True;2
1621238401000;11517600;0.86096;0.86108;0.86102;4;T;True;2
1621238402000;11517602;0.86096;0.86108;0.86102;1;T;True;2
1621238403000;11517603;0.86096;0.86108;0.86102;0;T;True;2
1621238404000;11517607;0.86093;0.86105;0.86099;3;T;True;2
1621238405000;11517608;0.86093;0.86105;0.86099;0;T;True;2
1621238406000;11517609;0.86093;0.86105;0.86099;0;T;True;2
1621238407000;11517610;0.86093;0.86105;0.86099;0;T;True;2
1621238408000;11517613;0.86091;0.86103;0.86097;2;T;True;2
1621238409000;11517614;0.86091;0.86103;0.86097;0;T;True;2
1621238410000;11517617;0.86091;0.86103;0.86097;2;T;True;2
1621238411000;11517629;0.86087;0.86099;0.86093;11;T;True;2
1621238412000;11517634;0.86085;0.86097;0.86091;4;T;True;2
1621238413000;11517642;0.86087;0.86099;0.86093;7;T;True;2
1621238414000;11517649;0.86087;0.86099;0.86093;6;T;True;2
1621238415000;11517652;0.86089;0.86101;0.86095;2;T;True;2
1621238416000;11517656;0.86089;0.86101;0.86095;3;T;True;2
1621238417000;11517658;0.86089;0.86101;0.86095;1;T;True;2
1621238418000;11517660;0.86089;0.86101;0.86095;1;T;True;2
1621238419000;11517663;0.86087;0.86099;0.86093;2;T;True;2
1621238420000;11517670;0.86087;0.86099;0.86093;6;T;True;2
1621238421000;11517679;0.86083;0.86095;0.86089;8;T;True;2
1621238422000;11517681;0.86081;0.86093;0.86087;1;T;True;2
1621238423000;11517682;0.86081;0.86093;0.86087;0;T;True;2
1621238424000;11517683;0.86081;0.86093;0.86087;0;T;True;2
1621238425000;11517684;0.86081;0.86093;0.86087;0;T;True;2
1621238426000;11517690;0.86069;0.86081;0.86075;5;T;True;2
1621238427000;11517716;0.86055;0.86067;0.86061;25;T;True;2
1621238428000;11517727;0.86055;0.86067;0.86061;10;T;True;2
1621238429000;11517728;0.86055;0.86067;0.86061;0;T;True;2
1621238430000;11517730;0.86055;0.86067;0.86061;1;T;True;2
1621238431000;11517732;0.86057;0.86069;0.86063;1;T;True;2
1621238432000;11517736;0.86057;0.86069;0.86063;3;T;True;2
1621238433000;11517737;0.86057;0.86069;0.86063;0;T;True;2
1621238434000;11517748;0.86065;0.86077;0.86071;10;T;True;2
1621238435000;11517754;0.86063;0.86075;0.86069;5;T;True;2
1621238436000;11517759;0.86067;0.86079;0.86073;4;T;True;2
1621238437000;11517760;0.86067;0.86079;0.86073;0;T;True;2
1621238438000;11517765;0.86073;0.86085;0.86079;4;T;True;2
1621238439000;11517766;0.86073;0.86085;0.86079;0;T;True;2
1621238440000;11517768;0.86072;0.86084;0.86078;1;T;True;2
1621238441000;11517769;0.86072;0.86084;0.86078;0;T;True;2
1621238442000;11517770;0.86072;0.86084;0.86078;0;T;True;2
1621238443000;11517771;0.86072;0.86084;0.86078;0;T;True;2
1621238444000;11517778;0.86071;0.86083;0.86077;6;T;True;2
1621238445000;11517780;0.86069;0.86081;0.86075;1;T;True;2
1621238446000;11517782;0.86069;0.86081;0.86075;1;T;True;2
1621238447000;11517783;0.86069;0.86081;0.86075;0;T;True;2
1621238448000;11517784;0.86069;0.86081;0.86075;0;T;True;2
1621238449000;11517785;0.86069;0.86081;0.86075;0;T;True;2
1621238450000;11517787;0.86068;0.8608;0.86074;1;T;True;2
1621238451000;11517793;0.86069;0.86081;0.86075;5;T;True;2
1621238452000;11517795;0.86069;0.86081;0.86075;1;T;True;2
1621238453000;11517799;0.86068;0.8608;0.86074;3;T;True;2
1621238454000;11517800;0.86068;0.8608;0.86074;0;T;True;2
1621238455000;11517801;0.86068;0.8608;0.86074;0;T;True;2
1621238456000;11517803;0.86067;0.86079;0.86073;1;T;True;2
1621238457000;11517804;0.86067;0.86079;0.86073;0;T;True;2
1621238458000;11517805;0.86067;0.86079;0.86073;0;T;True;2
1621238459000;11517808;0.86067;0.86079;0.86073;2;T;True;2
1621238460000;11517810;0.86067;0.86079;0.86073;1;T;True;2
1621238461000;11517812;0.86067;0.86079;0.86073;1;T;True;2
1621238462000;11517814;0.86067;0.86079;0.86073;1;T;True;2
1621238463000;11517824;0.86059;0.86071;0.86065;9;T;True;2
1621238464000;11517828;0.86059;0.86071;0.86065;3;T;True;2
1621238465000;11517833;0.8606;0.86072;0.86066;4;T;True;2
1621238466000;11517835;0.86061;0.86073;0.86067;1;T;True;2
1621238467000;11517836;0.86061;0.86073;0.86067;0;T;True;2
1621238468000;11517838;0.8606;0.86072;0.86066;1;T;True;2
1621238469000;11517850;0.86073;0.86085;0.86079;11;T;True;2
1621238470000;11517851;0.86073;0.86085;0.86079;0;T;True;2
1621238471000;11517852;0.86073;0.86085;0.86079;0;T;True;2
1621238472000;11517854;0.86072;0.86084;0.86078;1;T;True;2
1621238473000;11517856;0.86071;0.86083;0.86077;1;T;True;2
1621238474000;11517859;0.86071;0.86083;0.86077;2;T;True;2
1621238475000;11517862;0.86071;0.86083;0.86077;2;T;True;2
1621238476000;11517863;0.86071;0.86083;0.86077;0;T;True;2
1621238477000;11517865;0.86071;0.86083;0.86077;1;T;True;2
1621238478000;11517866;0.86071;0.86083;0.86077;0;T;True;2
1621238479000;11517867;0.86071;0.86083;0.86077;0;T;True;2
1621238480000;11517869;0.86072;0.86084;0.86078;1;T;True;2
1621238481000;11517870;0.86072;0.86084;0.86078;0;T;True;2
1621238482000;11517871;0.86072;0.86084;0.86078;0;T;True;2
1621238483000;11517872;0.86072;0.86084;0.86078;0;T;True;2
1621238484000;11517873;0.86072;0.86084;0.86078;0;T;True;2
1621238485000;11517876;0.86071;0.86083;0.86077;2;T;True;2
1621238486000;11517877;0.86071;0.86083;0.86077;0;T;True;2
1621238487000;11517879;0.86071;0.86083;0.86077;1;T;True;2
1621238488000;11517882;0.86072;0.86084;0.86078;2;T;True;2
1621238489000;11517883;0.86072;0.86084;0.86078;0;T;True;2
1621238490000;11517884;0.86072;0.86084;0.86078;0;T;True;2
1621238491000;11517887;0.86072;0.86084;0.86078;2;T;True;2
1621238492000;11517888;0.86072;0.86084;0.86078;0;T;True;2
1621238493000;11517890;0.86073;0.86085;0.86079;1;T;True;2
1621238494000;11517896;0.86077;0.86089;0.86083;5;T;True;2
1621238495000;11517897;0.86077;0.86089;0.86083;0;T;True;2
1621238496000;11517901;0.86078;0.8609;0.86084;3;T;True;2
1621238497000;11517902;0.86078;0.8609;0.86084;0;T;True;2
1621238498000;11517904;0.86079;0.86091;0.86085;1;T;True;2
1621238499000;11517905;0.86079;0.86091;0.86085;0;T;True;2
1621238500000;11517906;0.86079;0.86091;0.86085;0;T;True;2
1621238501000;11517907;0.86079;0.86091;0.86085;0;T;True;2
1621238502000;11517909;0.86078;0.8609;0.86084;1;T;True;2
1621238503000;11517910;0.86078;0.8609;0.86084;0;T;True;2
1621238504000;11517911;0.86078;0.8609;0.86084;0;T;True;2
1621238505000;11517912;0.86078;0.8609;0.86084;0;T;True;2
1621238506000;11517913;0.86078;0.8609;0.86084;0;T;True;2
1621238507000;11517914;0.86078;0.8609;0.86084;0;T;True;2
1621238508000;11517918;0.86081;0.86093;0.86087;3;T;True;2
1621238509000;11517920;0.86082;0.86094;0.86088;1;T;True;2
1621238510000;11517922;0.86081;0.86093;0.86087;1;T;True;2
1621238511000;11517923;0.86081;0.86093;0.86087;0;T;True;2
1621238512000;11517924;0.86081;0.86093;0.86087;0;T;True;2
1621238513000;11517926;0.86079;0.86091;0.86085;1;T;True;2
1621238514000;11517927;0.86079;0.86091;0.86085;0;T;True;2
1621238515000;11517929;0.86077;0.86089;0.86083;1;T;True;2
1621238516000;11517930;0.86077;0.86089;0.86083;0;T;True;2
1621238517000;11517933;0.86079;0.86091;0.86085;2;T;True;2
1621238518000;11517934;0.86079;0.86091;0.86085;0;T;True;2
1621238519000;11517937;0.86081;0.86093;0.86087;2;T;True;2
1621238520000;11517938;0.86081;0.86093;0.86087;0;T;True;2
1621238521000;11517940;0.86083;0.86095;0.86089;1;T;True;2
1621238522000;11517955;0.86091;0.86103;0.86097;14;T;True;2
1621238523000;11517958;0.86093;0.86105;0.86099;2;T;True;2
1621238524000;11517960;0.86091;0.86103;0.86097;1;T;True;2
1621238525000;11517962;0.8609;0.86102;0.86096;1;T;True;2
1621238526000;11517963;0.8609;0.86102;0.86096;0;T;True;2
1621238527000;11517971;0.86093;0.86105;0.86099;7;T;True;2
1621238528000;11517972;0.86093;0.86105;0.86099;0;T;True;2
1621238529000;11517974;0.86093;0.86105;0.86099;1;T;True;2
1621238530000;11517976;0.86093;0.86105;0.86099;1;T;True;2
1621238531000;11517977;0.86093;0.86105;0.86099;0;T;True;2
1621238532000;11517979;0.86092;0.86104;0.86098;1;T;True;2
1621238533000;11517980;0.86092;0.86104;0.86098;0;T;True;2
1621238534000;11517982;0.86093;0.86105;0.86099;1;T;True;2
1621238535000;11517986;0.86094;0.86106;0.861;3;T;True;2
1621238536000;11517989;0.86095;0.86107;0.86101;2;T;True;2
1621238537000;11517990;0.86095;0.86107;0.86101;0;T;True;2
1621238538000;11517992;0.86095;0.86107;0.86101;1;T;True;2
1621238539000;11517993;0.86095;0.86107;0.86101;0;T;True;2
1621238540000;11518001;0.86097;0.86109;0.86103;7;T;True;2
1621238541000;11518002;0.86097;0.86109;0.86103;0;T;True;2
1621238542000;11518003;0.86097;0.86109;0.86103;0;T;True;2
1621238543000;11518006;0.86097;0.86109;0.86103;2;T;True;2
1621238544000;11518008;0.86097;0.86109;0.86103;1;T;True;2
1621238545000;11518009;0.86097;0.86109;0.86103;0;T;True;2
1621238546000;11518010;0.86097;0.86109;0.86103;0;T;True;2
1621238547000;11518011;0.86097;0.86109;0.86103;0;T;True;2
1621238548000;11518013;0.86097;0.86109;0.86103;1;T;True;2
1621238549000;11518014;0.86097;0.86109;0.86103;0;T;True;2
1621238550000;11518019;0.86091;0.86103;0.86097;4;T;True;2
1621238551000;11518021;0.8609;0.86102;0.86096;1;T;True;2
1621238552000;11518024;0.86087;0.86099;0.86093;2;T;True;2
1621238553000;11518025;0.86087;0.86099;0.86093;0;T;True;2
1621238554000;11518026;0.86087;0.86099;0.86093;0;T;True;2
1621238555000;11518029;0.86089;0.86101;0.86095;2;T;True;2
1621238556000;11518036;0.86092;0.86104;0.86098;6;T;True;2
1621238557000;11518037;0.86092;0.86104;0.86098;0;T;True;2
1621238558000;11518038;0.86092;0.86104;0.86098;0;T;True;2
1621238559000;11518039;0.86092;0.86104;0.86098;0;T;True;2
1621238560000;11518040;0.86092;0.86104;0.86098;0;T;True;2
1621238561000;11518041;0.86092;0.86104;0.86098;0;T;True;2
1621238562000;11518042;0.86092;0.86104;0.86098;0;T;True;2
1621238563000;11518043;0.86092;0.86104;0.86098;0;T;True;2
1621238564000;11518044;0.86092;0.86104;0.86098;0;T;True;2
1621238565000;11518046;0.86093;0.86105;0.86099;1;T;True;2
1621238566000;11518048;0.86092;0.86104;0.86098;1;T;True;2
1621238567000;11518049;0.86092;0.86104;0.86098;0;T;True;2
1621238568000;11518050;0.86092;0.86104;0.86098;0;T;True;2
1621238569000;11518051;0.86092;0.86104;0.86098;0;T;True;2
1621238570000;11518052;0.86092;0.86104;0.86098;0;T;True;2
1621238571000;11518057;0.86097;0.86109;0.86103;4;T;True;2
1621238572000;11518059;0.86095;0.86107;0.86101;1;T;True;2
1621238573000;11518060;0.86095;0.86107;0.86101;0;T;True;2
1621238574000;11518061;0.86095;0.86107;0.86101;0;T;True;2
1621238575000;11518063;0.86096;0.86108;0.86102;1;T;True;2
1621238576000;11518067;0.86101;0.86113;0.86107;3;T;True;2
1621238577000;11518068;0.86101;0.86113;0.86107;0;T;True;2
1621238578000;11518069;0.86101;0.86113;0.86107;0;T;True;2
1621238579000;11518070;0.86101;0.86113;0.86107;0;T;True;2
1621238580000;11518071;0.86101;0.86113;0.86107;0;T;True;2
1621238581000;11518072;0.86101;0.86113;0.86107;0;T;True;2
1621238582000;11518074;0.86101;0.86113;0.86107;1;T;True;2
1621238583000;11518079;0.86102;0.86114;0.86108;4;T;True;2
1621238584000;11518082;0.86102;0.86114;0.86108;2;T;True;2
1621238585000;11518084;0.86103;0.86115;0.86109;1;T;True;2
1621238586000;11518089;0.86095;0.86107;0.86101;4;T;True;2
1621238587000;11518091;0.86094;0.86106;0.861;1;T;True;2
1621238588000;11518092;0.86094;0.86106;0.861;0;T;True;2
1621238589000;11518094;0.86093;0.86105;0.86099;1;T;True;2
1621238590000;11518096;0.86092;0.86104;0.86098;1;T;True;2
1621238591000;11518097;0.86092;0.86104;0.86098;0;T;True;2
1621238592000;11518100;0.86094;0.86106;0.861;2;T;True;2
1621238593000;11518101;0.86094;0.86106;0.861;0;T;True;2
1621238594000;11518102;0.86094;0.86106;0.861;0;T;True;2
1621238595000;11518103;0.86094;0.86106;0.861;0;T;True;2
1621238596000;11518108;0.86097;0.86109;0.86103;4;T;True;2
1621238597000;11518109;0.86097;0.86109;0.86103;0;T;True;2
1621238598000;11518110;0.86097;0.86109;0.86103;0;T;True;2
1621238599000;11518112;0.86096;0.86108;0.86102;1;T;True;2
1621238600000;11518116;0.86099;0.86111;0.86105;3;T;True;2
1621238601000;11518117;0.86099;0.86111;0.86105;0;T;True;2
1621238602000;11518119;0.861;0.86112;0.86106;1;T;True;2
1621238603000;11518120;0.861;0.86112;0.86106;0;T;True;2
1621238604000;11518121;0.861;0.86112;0.86106;0;T;True;2
1621238605000;11518125;0.86101;0.86113;0.86107;3;T;True;2
1621238606000;11518128;0.86101;0.86113;0.86107;2;T;True;2
1621238607000;11518130;0.86102;0.86114;0.86108;1;T;True;2
1621238608000;11518133;0.86099;0.86111;0.86105;2;T;True;2
1621238609000;11518135;0.86098;0.8611;0.86104;1;T;True;2
1621238610000;11518136;0.86098;0.8611;0.86104;0;T;True;2
1621238611000;11518140;0.86101;0.86113;0.86107;3;T;True;2
1621238612000;11518141;0.86101;0.86113;0.86107;0;T;True;2
1621238613000;11518142;0.86101;0.86113;0.86107;0;T;True;2
1621238614000;11518147;0.86095;0.86107;0.86101;4;T;True;2
1621238615000;11518151;0.86092;0.86104;0.86098;3;T;True;2
1621238616000;11518153;0.86091;0.86103;0.86097;1;T;True;2
1621238617000;11518154;0.86091;0.86103;0.86097;0;T;True;2
1621238618000;11518155;0.86091;0.86103;0.86097;0;T;True;2
1621238619000;11518156;0.86091;0.86103;0.86097;0;T;True;2
1621238620000;11518157;0.86091;0.86103;0.86097;0;T;True;2
1621238621000;11518158;0.86091;0.86103;0.86097;0;T;True;2
1621238622000;11518161;0.86092;0.86104;0.86098;2;T;True;2
1621238623000;11518162;0.86092;0.86104;0.86098;0;T;True;2
1621238624000;11518163;0.86092;0.86104;0.86098;0;T;True;2
1621238625000;11518164;0.86092;0.86104;0.86098;0;T;True;2
1621238626000;11518165;0.86092;0.86104;0.86098;0;T;True;2
1621238627000;11518166;0.86092;0.86104;0.86098;0;T;True;2
1621238628000;11518167;0.86092;0.86104;0.86098;0;T;True;2
1621238629000;11518169;0.86093;0.86105;0.86099;1;T;True;2
1621238630000;11518171;0.86092;0.86104;0.86098;1;T;True;2
1621238631000;11518177;0.86097;0.86109;0.86103;5;T;True;2
1621238632000;11518181;0.86098;0.8611;0.86104;3;T;True;2
1621238633000;11518182;0.86098;0.8611;0.86104;0;T;True;2
1621238634000;11518184;0.86099;0.86111;0.86105;1;T;True;2
1621238635000;11518185;0.86099;0.86111;0.86105;0;T;True;2
1621238636000;11518186;0.86099;0.86111;0.86105;0;T;True;2
1621238637000;11518187;0.86099;0.86111;0.86105;0;T;True;2
1621238638000;11518189;0.86101;0.86113;0.86107;1;T;True;2
1621238639000;11518192;0.86101;0.86113;0.86107;2;T;True;2
1621238640000;11518193;0.86101;0.86113;0.86107;0;T;True;2
1621238641000;11518197;0.86104;0.86116;0.8611;3;T;True;2
1621238642000;11518199;0.86105;0.86117;0.86111;1;T;True;2
1621238643000;11518200;0.86105;0.86117;0.86111;0;T;True;2
1621238644000;11518201;0.86105;0.86117;0.86111;0;T;True;2
1621238645000;11518202;0.86105;0.86117;0.86111;0;T;True;2
1621238646000;11518203;0.86105;0.86117;0.86111;0;T;True;2
1621238647000;11518204;0.86105;0.86117;0.86111;0;T;True;2
1621238648000;11518205;0.86105;0.86117;0.86111;0;T;True;2
1621238649000;11518206;0.86105;0.86117;0.86111;0;T;True;2
1621238650000;11518210;0.86101;0.86113;0.86107;3;T;True;2
1621238651000;11518213;0.86102;0.86114;0.86108;2;T;True;2
1621238652000;11518215;0.86101;0.86113;0.86107;1;T;True;2
1621238653000;11518216;0.86101;0.86113;0.86107;0;T;True;2
1621238654000;11518219;0.86101;0.86113;0.86107;2;T;True;2
1621238655000;11518221;0.86101;0.86113;0.86107;1;T;True;2
1621238656000;11518222;0.86101;0.86113;0.86107;0;T;True;2
1621238657000;11518223;0.86101;0.86113;0.86107;0;T;True;2
1621238658000;11518225;0.86101;0.86113;0.86107;1;T;True;2
1621238659000;11518226;0.86101;0.86113;0.86107;0;T;True;2
1621238660000;11518228;0.861;0.86112;0.86106;1;T;True;2
1621238661000;11518229;0.861;0.86112;0.86106;0;T;True;2
1621238662000;11518230;0.861;0.86112;0.86106;0;T;True;2
1621238663000;11518231;0.861;0.86112;0.86106;0;T;True;2
1621238664000;11518232;0.861;0.86112;0.86106;0;T;True;2
1621238665000;11518238;0.86105;0.86117;0.86111;5;T;True;2
1621238666000;11518241;0.86105;0.86117;0.86111;2;T;True;2
1621238667000;11518242;0.86105;0.86117;0.86111;0;T;True;2
1621238668000;11518243;0.86105;0.86117;0.86111;0;T;True;2
1621238669000;11518248;0.86107;0.86119;0.86113;4;T;True;2
1621238670000;11518249;0.86107;0.86119;0.86113;0;T;True;2
1621238671000;11518250;0.86107;0.86119;0.86113;0;T;True;2
1621238672000;11518252;0.86108;0.8612;0.86114;1;T;True;2
1621238673000;11518253;0.86108;0.8612;0.86114;0;T;True;2
1621238674000;11518255;0.86109;0.86121;0.86115;1;T;True;2
1621238675000;11518256;0.86109;0.86121;0.86115;0;T;True;2
1621238676000;11518258;0.86109;0.86121;0.86115;1;T;True;2
1621238677000;11518259;0.86109;0.86121;0.86115;0;T;True;2
1621238678000;11518260;0.86109;0.86121;0.86115;0;T;True;2
1621238679000;11518261;0.86109;0.86121;0.86115;0;T;True;2
1621238680000;11518263;0.86109;0.86121;0.86115;1;T;True;2
1621238681000;11518264;0.86109;0.86121;0.86115;0;T;True;2
1621238682000;11518265;0.86109;0.86121;0.86115;0;T;True;2
1621238683000;11518266;0.86109;0.86121;0.86115;0;T;True;2
1621238684000;11518267;0.86109;0.86121;0.86115;0;T;True;2
1621238685000;11518268;0.86109;0.86121;0.86115;0;T;True;2
1621238686000;11518269;0.86109;0.86121;0.86115;0;T;True;2
1621238687000;11518271;0.8611;0.86122;0.86116;1;T;True;2
1621238688000;11518275;0.86113;0.86125;0.86119;3;T;True;2
1621238689000;11518286;0.86121;0.86133;0.86127;10;T;True;2
1621238690000;11518294;0.86127;0.86139;0.86133;7;T;True;2
1621238691000;11518298;0.86128;0.8614;0.86134;3;T;True;2
1621238692000;11518300;0.86127;0.86139;0.86133;1;T;True;2
1621238693000;11518301;0.86127;0.86139;0.86133;0;T;True;2
1621238694000;11518303;0.86127;0.86139;0.86133;1;T;True;2
1621238695000;11518308;0.86128;0.8614;0.86134;4;T;True;2
1621238696000;11518309;0.86128;0.8614;0.86134;0;T;True;2
1621238697000;11518310;0.86128;0.8614;0.86134;0;T;True;2
1621238698000;11518311;0.86128;0.8614;0.86134;0;T;True;2
1621238699000;11518312;0.86128;0.8614;0.86134;0;T;True;2
1621238700000;11518314;0.86129;0.86141;0.86135;1;T;True;2
1621238701000;11518315;0.86129;0.86141;0.86135;0;T;True;2
1621238702000;11518317;0.86128;0.8614;0.86134;1;T;True;2
1621238703000;11518318;0.86128;0.8614;0.86134;0;T;True;2
1621238704000;11518320;0.86128;0.8614;0.86134;1;T;True;2
1621238705000;11518321;0.86128;0.8614;0.86134;0;T;True;2
1621238706000;11518322;0.86128;0.8614;0.86134;0;T;True;2
1621238707000;11518323;0.86128;0.8614;0.86134;0;T;True;2
1621238708000;11518324;0.86128;0.8614;0.86134;0;T;True;2
1621238709000;11518325;0.86128;0.8614;0.86134;0;T;True;2
1621238710000;11518329;0.86128;0.8614;0.86134;3;T;True;2
1621238711000;11518330;0.86128;0.8614;0.86134;0;T;True;2
1621238712000;11518331;0.86128;0.8614;0.86134;0;T;True;2
1621238713000;11518332;0.86128;0.8614;0.86134;0;T;True;2
1621238714000;11518333;0.86128;0.8614;0.86134;0;T;True;2
1621238715000;11518335;0.86127;0.86139;0.86133;1;T;True;2
1621238716000;11518338;0.86124;0.86136;0.8613;2;T;True;2
1621238717000;11518343;0.86117;0.86129;0.86123;4;T;True;2
1621238718000;11518344;0.86117;0.86129;0.86123;0;T;True;2
1621238719000;11518345;0.86117;0.86129;0.86123;0;T;True;2
1621238720000;11518347;0.86115;0.86127;0.86121;1;T;True;2
1621238721000;11518349;0.86115;0.86127;0.86121;1;T;True;2
1621238722000;11518351;0.86114;0.86126;0.8612;1;T;True;2
1621238723000;11518352;0.86114;0.86126;0.8612;0;T;True;2
1621238724000;11518353;0.86114;0.86126;0.8612;0;T;True;2
1621238725000;11518354;0.86114;0.86126;0.8612;0;T;True;2
1621238726000;11518355;0.86114;0.86126;0.8612;0;T;True;2
1621238727000;11518357;0.86114;0.86126;0.8612;1;T;True;2
1621238728000;11518358;0.86114;0.86126;0.8612;0;T;True;2
1621238729000;11518359;0.86114;0.86126;0.8612;0;T;True;2
1621238730000;11518360;0.86114;0.86126;0.8612;0;T;True;2
1621238731000;11518361;0.86114;0.86126;0.8612;0;T;True;2
1621238732000;11518363;0.86114;0.86126;0.8612;1;T;True;2
1621238733000;11518364;0.86114;0.86126;0.8612;0;T;True;2
1621238734000;11518365;0.86114;0.86126;0.8612;0;T;True;2
1621238735000;11518366;0.86114;0.86126;0.8612;0;T;True;2
1621238736000;11518367;0.86114;0.86126;0.8612;0;T;True;2
1621238737000;11518368;0.86114;0.86126;0.8612;0;T;True;2
1621238738000;11518369;0.86114;0.86126;0.8612;0;T;True;2
1621238739000;11518370;0.86114;0.86126;0.8612;0;T;True;2
1621238740000;11518375;0.86117;0.86129;0.86123;4;T;True;2
1621238741000;11518377;0.86116;0.86128;0.86122;1;T;True;2
1621238742000;11518378;0.86116;0.86128;0.86122;0;T;True;2
1621238743000;11518379;0.86116;0.86128;0.86122;0;T;True;2
1621238744000;11518380;0.86116;0.86128;0.86122;0;T;True;2
1621238745000;11518381;0.86116;0.86128;0.86122;0;T;True;2
1621238746000;11518384;0.86113;0.86125;0.86119;2;T;True;2
1621238747000;11518385;0.86113;0.86125;0.86119;0;T;True;2
1621238748000;11518386;0.86113;0.86125;0.86119;0;T;True;2
1621238749000;11518389;0.86111;0.86123;0.86117;2;T;True;2
1621238750000;11518391;0.86112;0.86124;0.86118;1;T;True;2
1621238751000;11518392;0.86112;0.86124;0.86118;0;T;True;2
1621238752000;11518396;0.86115;0.86127;0.86121;3;T;True;2
1621238753000;11518397;0.86115;0.86127;0.86121;0;T;True;2
1621238754000;11518398;0.86115;0.86127;0.86121;0;T;True;2
1621238755000;11518401;0.86114;0.86126;0.8612;2;T;True;2
1621238756000;11518402;0.86114;0.86126;0.8612;0;T;True;2
1621238757000;11518403;0.86114;0.86126;0.8612;0;T;True;2
1621238758000;11518404;0.86114;0.86126;0.8612;0;T;True;2
1621238759000;11518405;0.86114;0.86126;0.8612;0;T;True;2
1621238760000;11518407;0.86115;0.86127;0.86121;1;T;True;2
1621238761000;11518408;0.86115;0.86127;0.86121;0;T;True;2
1621238762000;11518409;0.86115;0.86127;0.86121;0;T;True;2
1621238763000;11518410;0.86115;0.86127;0.86121;0;T;True;2
1621238764000;11518411;0.86115;0.86127;0.86121;0;T;True;2
1621238765000;11518412;0.86115;0.86127;0.86121;0;T;True;2
1621238766000;11518413;0.86115;0.86127;0.86121;0;T;True;2
1621238767000;11518414;0.86115;0.86127;0.86121;0;T;True;2
1621238768000;11518415;0.86115;0.86127;0.86121;0;T;True;2
1621238769000;11518417;0.86115;0.86127;0.86121;1;T;True;2
1621238770000;11518419;0.86116;0.86128;0.86122;1;T;True;2
1621238771000;11518421;0.86117;0.86129;0.86123;1;T;True;2
1621238772000;11518425;0.86115;0.86127;0.86121;3;T;True;2
1621238773000;11518426;0.86115;0.86127;0.86121;0;T;True;2
1621238774000;11518429;0.86117;0.86129;0.86123;2;T;True;2
1621238775000;11518430;0.86117;0.86129;0.86123;0;T;True;2
1621238776000;11518431;0.86117;0.86129;0.86123;0;T;True;2
1621238777000;11518432;0.86117;0.86129;0.86123;0;T;True;2
1621238778000;11518435;0.86118;0.8613;0.86124;2;T;True;2
1621238779000;11518437;0.86118;0.8613;0.86124;1;T;True;2
1621238780000;11518438;0.86118;0.8613;0.86124;0;T;True;2
1621238781000;11518440;0.86119;0.86131;0.86125;1;T;True;2
1621238782000;11518441;0.86119;0.86131;0.86125;0;T;True;2
1621238783000;11518442;0.86119;0.86131;0.86125;0;T;True;2
1621238784000;11518443;0.86119;0.86131;0.86125;0;T;True;2
1621238785000;11518444;0.86119;0.86131;0.86125;0;T;True;2
1621238786000;11518445;0.86119;0.86131;0.86125;0;T;True;2
1621238787000;11518446;0.86119;0.86131;0.86125;0;T;True;2
1621238788000;11518447;0.86119;0.86131;0.86125;0;T;True;2
1621238789000;11518450;0.8612;0.86132;0.86126;2;T;True;2
1621238790000;11518451;0.8612;0.86132;0.86126;0;T;True;2
1621238791000;11518452;0.8612;0.86132;0.86126;0;T;True;2
1621238792000;11518453;0.8612;0.86132;0.86126;0;T;True;2
1621238793000;11518454;0.8612;0.86132;0.86126;0;T;True;2
1621238794000;11518459;0.86121;0.86133;0.86127;4;T;True;2
1621238795000;11518464;0.86123;0.86135;0.86129;4;T;True;2
1621238796000;11518465;0.86123;0.86135;0.86129;0;T;True;2
1621238797000;11518466;0.86123;0.86135;0.86129;0;T;True;2
1621238798000;11518469;0.86123;0.86135;0.86129;2;T;True;2
1621238799000;11518470;0.86123;0.86135;0.86129;0;T;True;2
1621238800000;11518471;0.86123;0.86135;0.86129;0;T;True;2
1621238801000;11518473;0.86125;0.86137;0.86131;1;T;True;2
1621238802000;11518474;0.86125;0.86137;0.86131;0;T;True;2
1621238803000;11518475;0.86125;0.86137;0.86131;0;T;True;2
1621238804000;11518476;0.86125;0.86137;0.86131;0;T;True;2
1621238805000;11518477;0.86125;0.86137;0.86131;0;T;True;2
1621238806000;11518478;0.86125;0.86137;0.86131;0;T;True;2
1621238807000;11518479;0.86125;0.86137;0.86131;0;T;True;2
1621238808000;11518480;0.86125;0.86137;0.86131;0;T;True;2
1621238809000;11518481;0.86125;0.86137;0.86131;0;T;True;2
1621238810000;11518482;0.86125;0.86137;0.86131;0;T;True;2
1621238811000;11518483;0.86125;0.86137;0.86131;0;T;True;2
1621238812000;11518485;0.86124;0.86136;0.8613;1;T;True;2
1621238813000;11518487;0.86125;0.86137;0.86131;1;T;True;2
1621238814000;11518488;0.86125;0.86137;0.86131;0;T;True;2
1621238815000;11518489;0.86125;0.86137;0.86131;0;T;True;2
1621238816000;11518490;0.86125;0.86137;0.86131;0;T;True;2
1621238817000;11518491;0.86125;0.86137;0.86131;0;T;True;2
1621238818000;11518495;0.86129;0.86141;0.86135;3;T;True;2
1621238819000;11518496;0.86129;0.86141;0.86135;0;T;True;2
1621238820000;11518498;0.86129;0.86141;0.86135;1;T;True;2
1621238821000;11518499;0.86129;0.86141;0.86135;0;T;True;2
1621238822000;11518501;0.86127;0.86139;0.86133;1;T;True;2
1621238823000;11518502;0.86127;0.86139;0.86133;0;T;True;2
1621238824000;11518503;0.86127;0.86139;0.86133;0;T;True;2
1621238825000;11518506;0.86125;0.86137;0.86131;2;T;True;2
1621238826000;11518507;0.86125;0.86137;0.86131;0;T;True;2
1621238827000;11518508;0.86125;0.86137;0.86131;0;T;True;2
1621238828000;11518509;0.86125;0.86137;0.86131;0;T;True;2
1621238829000;11518510;0.86125;0.86137;0.86131;0;T;True;2
1621238830000;11518511;0.86125;0.86137;0.86131;0;T;True;2
1621238831000;11518512;0.86125;0.86137;0.86131;0;T;True;2
1621238832000;11518513;0.86125;0.86137;0.86131;0;T;True;2
1621238833000;11518515;0.86124;0.86136;0.8613;1;T;True;2
1621238834000;11518516;0.86124;0.86136;0.8613;0;T;True;2
1621238835000;11518518;0.86123;0.86135;0.86129;1;T;True;2
1621238836000;11518519;0.86123;0.86135;0.86129;0;T;True;2
1621238837000;11518520;0.86123;0.86135;0.86129;0;T;True;2
1621238838000;11518521;0.86123;0.86135;0.86129;0;T;True;2
1621238839000;11518522;0.86123;0.86135;0.86129;0;T;True;2
1621238840000;11518523;0.86123;0.86135;0.86129;0;T;True;2
1621238841000;11518524;0.86123;0.86135;0.86129;0;T;True;2
1621238842000;11518525;0.86123;0.86135;0.86129;0;T;True;2
1621238843000;11518530;0.86121;0.86133;0.86127;4;T;True;2
1621238844000;11518532;0.86119;0.86131;0.86125;1;T;True;2
1621238845000;11518537;0.8612;0.86132;0.86126;4;T;True;2
1621238846000;11518538;0.8612;0.86132;0.86126;0;T;True;2
1621238847000;11518539;0.8612;0.86132;0.86126;0;T;True;2
1621238848000;11518540;0.8612;0.86132;0.86126;0;T;True;2
1621238849000;11518541;0.8612;0.86132;0.86126;0;T;True;2
1621238850000;11518542;0.8612;0.86132;0.86126;0;T;True;2
1621238851000;11518543;0.8612;0.86132;0.86126;0;T;True;2
1621238852000;11518550;0.86117;0.86129;0.86123;6;T;True;2
1621238853000;11518552;0.86117;0.86129;0.86123;1;T;True;2
1621238854000;11518554;0.86116;0.86128;0.86122;1;T;True;2
1621238855000;11518555;0.86116;0.86128;0.86122;0;T;True;2
1621238856000;11518557;0.86115;0.86127;0.86121;1;T;True;2
1621238857000;11518558;0.86115;0.86127;0.86121;0;T;True;2
1621238858000;11518559;0.86115;0.86127;0.86121;0;T;True;2
1621238859000;11518562;0.86115;0.86127;0.86121;2;T;True;2
1621238860000;11518563;0.86115;0.86127;0.86121;0;T;True;2
1621238861000;11518564;0.86115;0.86127;0.86121;0;T;True;2
1621238862000;11518565;0.86115;0.86127;0.86121;0;T;True;2
1621238863000;11518567;0.86115;0.86127;0.86121;1;T;True;2
1621238864000;11518571;0.86115;0.86127;0.86121;3;T;True;2
1621238865000;11518572;0.86115;0.86127;0.86121;0;T;True;2
1621238866000;11518573;0.86115;0.86127;0.86121;0;T;True;2
1621238867000;11518574;0.86115;0.86127;0.86121;0;T;True;2
1621238868000;11518575;0.86115;0.86127;0.86121;0;T;True;2
1621238869000;11518576;0.86115;0.86127;0.86121;0;T;True;2
1621238870000;11518584;0.86113;0.86125;0.86119;7;T;True;2
1621238871000;11518588;0.86113;0.86125;0.86119;3;T;True;2
1621238872000;11518594;0.86113;0.86125;0.86119;5;T;True;2
1621238873000;11518597;0.86113;0.86125;0.86119;2;T;True;2
1621238874000;11518603;0.86113;0.86125;0.86119;5;T;True;2
1621238875000;11518610;0.86113;0.86125;0.86119;6;T;True;2
1621238876000;11518612;0.86114;0.86126;0.8612;1;T;True;2
1621238877000;11518613;0.86114;0.86126;0.8612;0;T;True;2
1621238878000;11518618;0.86113;0.86125;0.86119;4;T;True;2
1621238879000;11518622;0.86114;0.86126;0.8612;3;T;True;2
1621238880000;11518623;0.86114;0.86126;0.8612;0;T;True;2
1621238881000;11518624;0.86114;0.86126;0.8612;0;T;True;2
1621238882000;11518625;0.86114;0.86126;0.8612;0;T;True;2
1621238883000;11518628;0.86115;0.86127;0.86121;2;T;True;2
1621238884000;11518631;0.86117;0.86129;0.86123;2;T;True;2
1621238885000;11518632;0.86117;0.86129;0.86123;0;T;True;2
1621238886000;11518633;0.86117;0.86129;0.86123;0;T;True;2
1621238887000;11518634;0.86117;0.86129;0.86123;0;T;True;2
1621238888000;11518635;0.86117;0.86129;0.86123;0;T;True;2
1621238889000;11518636;0.86117;0.86129;0.86123;0;T;True;2
1621238890000;11518637;0.86117;0.86129;0.86123;0;T;True;2
1621238891000;11518638;0.86117;0.86129;0.86123;0;T;True;2
1621238892000;11518639;0.86117;0.86129;0.86123;0;T;True;2
1621238893000;11518640;0.86117;0.86129;0.86123;0;T;True;2
1621238894000;11518641;0.86117;0.86129;0.86123;0;T;True;2
1621238895000;11518643;0.86117;0.86129;0.86123;1;T;True;2
1621238896000;11518646;0.86115;0.86127;0.86121;2;T;True;2
1621238897000;11518647;0.86115;0.86127;0.86121;0;T;True;2
1621238898000;11518648;0.86115;0.86127;0.86121;0;T;True;2
1621238899000;11518649;0.86115;0.86127;0.86121;0;T;True;2
1621238900000;11518650;0.86115;0.86127;0.86121;0;T;True;2
1621238901000;11518653;0.86115;0.86127;0.86121;2;T;True;2
1621238902000;11518654;0.86115;0.86127;0.86121;0;T;True;2
1621238903000;11518657;0.86116;0.86128;0.86122;2;T;True;2
1621238904000;11518658;0.86116;0.86128;0.86122;0;T;True;2
1621238905000;11518660;0.86117;0.86129;0.86123;1;T;True;2
1621238906000;11518664;0.86115;0.86127;0.86121;3;T;True;2
1621238907000;11518666;0.86115;0.86127;0.86121;1;T;True;2
1621238908000;11518667;0.86115;0.86127;0.86121;0;T;True;2
1621238909000;11518668;0.86115;0.86127;0.86121;0;T;True;2
1621238910000;11518670;0.86116;0.86128;0.86122;1;T;True;2
1621238911000;11518671;0.86116;0.86128;0.86122;0;T;True;2
1621238912000;11518672;0.86116;0.86128;0.86122;0;T;True;2
1621238913000;11518674;0.86117;0.86129;0.86123;1;T;True;2
1621238914000;11518677;0.86118;0.8613;0.86124;2;T;True;2
1621238915000;11518679;0.86119;0.86131;0.86125;1;T;True;2
1621238916000;11518680;0.86119;0.86131;0.86125;0;T;True;2
1621238917000;11518681;0.86119;0.86131;0.86125;0;T;True;2
1621238918000;11518682;0.86119;0.86131;0.86125;0;T;True;2
1621238919000;11518683;0.86119;0.86131;0.86125;0;T;True;2
1621238920000;11518684;0.86119;0.86131;0.86125;0;T;True;2
1621238921000;11518685;0.86119;0.86131;0.86125;0;T;True;2
1621238922000;11518686;0.86119;0.86131;0.86125;0;T;True;2
1621238923000;11518687;0.86119;0.86131;0.86125;0;T;True;2
1621238924000;11518688;0.86119;0.86131;0.86125;0;T;True;2
1621238925000;11518689;0.86119;0.86131;0.86125;0;T;True;2
1621238926000;11518690;0.86119;0.86131;0.86125;0;T;True;2
1621238927000;11518691;0.86119;0.86131;0.86125;0;T;True;2
1621238928000;11518692;0.86119;0.86131;0.86125;0;T;True;2
1621238929000;11518693;0.86119;0.86131;0.86125;0;T;True;2
1621238930000;11518694;0.86119;0.86131;0.86125;0;T;True;2
1621238931000;11518695;0.86119;0.86131;0.86125;0;T;True;2
1621238932000;11518696;0.86119;0.86131;0.86125;0;T;True;2
1621238933000;11518697;0.86119;0.86131;0.86125;0;T;True;2
1621238934000;11518698;0.86119;0.86131;0.86125;0;T;True;2
1621238935000;11518699;0.86119;0.86131;0.86125;0;T;True;2
1621238936000;11518700;0.86119;0.86131;0.86125;0;T;True;2
1621238937000;11518701;0.86119;0.86131;0.86125;0;T;True;2
1621238938000;11518702;0.86119;0.86131;0.86125;0;T;True;2
1621238939000;11518703;0.86119;0.86131;0.86125;0;T;True;2
1621238940000;11518704;0.86119;0.86131;0.86125;0;T;True;2
1621238941000;11518705;0.86119;0.86131;0.86125;0;T;True;2
1621238942000;11518706;0.86119;0.86131;0.86125;0;T;True;2
1621238943000;11518707;0.86119;0.86131;0.86125;0;T;True;2
1621238944000;11518708;0.86119;0.86131;0.86125;0;T;True;2
1621238945000;11518709;0.86119;0.86131;0.86125;0;T;True;2
1621238946000;11518712;0.86119;0.86131;0.86125;2;T;True;2
1621238947000;11518713;0.86119;0.86131;0.86125;0;T;True;2
1621238948000;11518714;0.86119;0.86131;0.86125;0;T;True;2
1621238949000;11518716;0.86117;0.86129;0.86123;1;T;True;2
1621238950000;11518717;0.86117;0.86129;0.86123;0;T;True;2
1621238951000;11518718;0.86117;0.86129;0.86123;0;T;True;2
1621238952000;11518720;0.86116;0.86128;0.86122;1;T;True;2
1621238953000;11518722;0.86117;0.86129;0.86123;1;T;True;2
1621238954000;11518723;0.86117;0.86129;0.86123;0;T;True;2
1621238955000;11518724;0.86117;0.86129;0.86123;0;T;True;2
1621238956000;11518731;0.86124;0.86136;0.8613;6;T;True;2
1621238957000;11518732;0.86124;0.86136;0.8613;0;T;True;2
1621238958000;11518737;0.86123;0.86135;0.86129;4;T;True;2
1621238959000;11518742;0.86123;0.86135;0.86129;4;T;True;2
1621238960000;11518743;0.86123;0.86135;0.86129;0;T;True;2
1621238961000;11518744;0.86123;0.86135;0.86129;0;T;True;2
1621238962000;11518745;0.86123;0.86135;0.86129;0;T;True;2
1621238963000;11518746;0.86123;0.86135;0.86129;0;T;True;2
1621238964000;11518747;0.86123;0.86135;0.86129;0;T;True;2
1621238965000;11518748;0.86123;0.86135;0.86129;0;T;True;2
1621238966000;11518750;0.86123;0.86135;0.86129;1;T;True;2
1621238967000;11518751;0.86123;0.86135;0.86129;0;T;True;2
1621238968000;11518752;0.86123;0.86135;0.86129;0;T;True;2
1621238969000;11518753;0.86123;0.86135;0.86129;0;T;True;2
1621238970000;11518755;0.86123;0.86135;0.86129;1;T;True;2
1621238971000;11518756;0.86123;0.86135;0.86129;0;T;True;2
1621238972000;11518757;0.86123;0.86135;0.86129;0;T;True;2
1621238973000;11518758;0.86123;0.86135;0.86129;0;T;True;2
1621238974000;11518759;0.86123;0.86135;0.86129;0;T;True;2
1621238975000;11518760;0.86123;0.86135;0.86129;0;T;True;2
1621238976000;11518761;0.86123;0.86135;0.86129;0;T;True;2
1621238977000;11518764;0.86123;0.86135;0.86129;2;T;True;2
1621238978000;11518765;0.86123;0.86135;0.86129;0;T;True;2
1621238979000;11518766;0.86123;0.86135;0.86129;0;T;True;2
1621238980000;11518767;0.86123;0.86135;0.86129;0;T;True;2
1621238981000;11518768;0.86123;0.86135;0.86129;0;T;True;2
1621238982000;11518771;0.86123;0.86135;0.86129;2;T;True;2
1621238983000;11518774;0.86123;0.86135;0.86129;2;T;True;2
1621238984000;11518776;0.86123;0.86135;0.86129;1;T;True;2
1621238985000;11518777;0.86123;0.86135;0.86129;0;T;True;2
1621238986000;11518778;0.86123;0.86135;0.86129;0;T;True;2
1621238987000;11518779;0.86123;0.86135;0.86129;0;T;True;2
1621238988000;11518780;0.86123;0.86135;0.86129;0;T;True;2
1621238989000;11518781;0.86123;0.86135;0.86129;0;T;True;2
1621238990000;11518782;0.86123;0.86135;0.86129;0;T;True;2
1621238991000;11518783;0.86123;0.86135;0.86129;0;T;True;2
1621238992000;11518784;0.86123;0.86135;0.86129;0;T;True;2
1621238993000;11518785;0.86123;0.86135;0.86129;0;T;True;2
1621238994000;11518786;0.86123;0.86135;0.86129;0;T;True;2
1621238995000;11518787;0.86123;0.86135;0.86129;0;T;True;2
1621238996000;11518788;0.86123;0.86135;0.86129;0;T;True;2
1621238997000;11518789;0.86123;0.86135;0.86129;0;T;True;2
1621238998000;11518790;0.86123;0.86135;0.86129;0;T;True;2
1621238999000;11518791;0.86123;0.86135;0.86129;0;T;True;2
1621239000000;11518792;0.86123;0.86135;0.86129;0;T;True;2
1621239001000;11518797;0.86124;0.86136;0.8613;4;T;True;2
1621239002000;11518799;0.86125;0.86137;0.86131;1;T;True;2
1621239003000;11518804;0.86127;0.86139;0.86133;4;T;True;2
1621239004000;11518805;0.86127;0.86139;0.86133;0;T;True;2
1621239005000;11518806;0.86127;0.86139;0.86133;0;T;True;2
1621239006000;11518807;0.86127;0.86139;0.86133;0;T;True;2
1621239007000;11518808;0.86127;0.86139;0.86133;0;T;True;2
1621239008000;11518809;0.86127;0.86139;0.86133;0;T;True;2
1621239009000;11518810;0.86127;0.86139;0.86133;0;T;True;2
1621239010000;11518811;0.86127;0.86139;0.86133;0;T;True;2
1621239011000;11518813;0.86125;0.86137;0.86131;1;T;True;2
1621239012000;11518814;0.86125;0.86137;0.86131;0;T;True;2
1621239013000;11518815;0.86125;0.86137;0.86131;0;T;True;2
1621239014000;11518816;0.86125;0.86137;0.86131;0;T;True;2
1621239015000;11518817;0.86125;0.86137;0.86131;0;T;True;2
1621239016000;11518818;0.86125;0.86137;0.86131;0;T;True;2
1621239017000;11518819;0.86125;0.86137;0.86131;0;T;True;2
1621239018000;11518820;0.86125;0.86137;0.86131;0;T;True;2
1621239019000;11518822;0.86125;0.86137;0.86131;1;T;True;2
1621239020000;11518824;0.86125;0.86137;0.86131;1;T;True;2
1621239021000;11518825;0.86125;0.86137;0.86131;0;T;True;2
1621239022000;11518826;0.86125;0.86137;0.86131;0;T;True;2
1621239023000;11518827;0.86125;0.86137;0.86131;0;T;True;2
1621239024000;11518828;0.86125;0.86137;0.86131;0;T;True;2
1621239025000;11518831;0.86124;0.86136;0.8613;2;T;True;2
1621239026000;11518832;0.86124;0.86136;0.8613;0;T;True;2
1621239027000;11518833;0.86124;0.86136;0.8613;0;T;True;2
1621239028000;11518834;0.86124;0.86136;0.8613;0;T;True;2
1621239029000;11518836;0.86125;0.86137;0.86131;1;T;True;2
1621239030000;11518838;0.86124;0.86136;0.8613;1;T;True;2
1621239031000;11518839;0.86124;0.86136;0.8613;0;T;True;2
1621239032000;11518840;0.86124;0.86136;0.8613;0;T;True;2
1621239033000;11518841;0.86124;0.86136;0.8613;0;T;True;2
1621239034000;11518843;0.86124;0.86136;0.8613;1;T;True;2
1621239035000;11518844;0.86124;0.86136;0.8613;0;T;True;2
1621239036000;11518845;0.86124;0.86136;0.8613;0;T;True;2
1621239037000;11518846;0.86124;0.86136;0.8613;0;T;True;2
1621239038000;11518847;0.86124;0.86136;0.8613;0;T;True;2
1621239039000;11518850;0.86124;0.86136;0.8613;2;T;True;2
1621239040000;11518857;0.86128;0.8614;0.86134;6;T;True;2
1621239041000;11518859;0.86128;0.8614;0.86134;1;T;True;2
1621239042000;11518861;0.86129;0.86141;0.86135;1;T;True;2
1621239043000;11518863;0.86129;0.86141;0.86135;1;T;True;2
1621239044000;11518865;0.86129;0.86141;0.86135;1;T;True;2
1621239045000;11518868;0.86131;0.86143;0.86137;2;T;True;2
1621239046000;11518869;0.86131;0.86143;0.86137;0;T;True;2
1621239047000;11518870;0.86131;0.86143;0.86137;0;T;True;2
1621239048000;11518872;0.8613;0.86142;0.86136;1;T;True;2
1621239049000;11518873;0.8613;0.86142;0.86136;0;T;True;2
1621239050000;11518874;0.8613;0.86142;0.86136;0;T;True;2
1621239051000;11518875;0.8613;0.86142;0.86136;0;T;True;2
1621239052000;11518876;0.8613;0.86142;0.86136;0;T;True;2
1621239053000;11518877;0.8613;0.86142;0.86136;0;T;True;2
1621239054000;11518879;0.8613;0.86142;0.86136;1;T;True;2
1621239055000;11518884;0.86133;0.86145;0.86139;4;T;True;2
1621239056000;11518889;0.86131;0.86143;0.86137;4;T;True;2
1621239057000;11518890;0.86131;0.86143;0.86137;0;T;True;2
1621239058000;11518891;0.86131;0.86143;0.86137;0;T;True;2
1621239059000;11518897;0.86136;0.86148;0.86142;5;T;True;2
1621239060000;11518898;0.86136;0.86148;0.86142;0;T;True;2
1621239061000;11518900;0.86135;0.86147;0.86141;1;T;True;2
1621239062000;11518904;0.86135;0.86147;0.86141;3;T;True;2
1621239063000;11518905;0.86135;0.86147;0.86141;0;T;True;2
1621239064000;11518906;0.86135;0.86147;0.86141;0;T;True;2
1621239065000;11518907;0.86135;0.86147;0.86141;0;T;True;2
1621239066000;11518908;0.86135;0.86147;0.86141;0;T;True;2
1621239067000;11518909;0.86135;0.86147;0.86141;0;T;True;2
1621239068000;11518910;0.86135;0.86147;0.86141;0;T;True;2
1621239069000;11518911;0.86135;0.86147;0.86141;0;T;True;2
1621239070000;11518912;0.86135;0.86147;0.86141;0;T;True;2
1621239071000;11518913;0.86135;0.86147;0.86141;0;T;True;2
1621239072000;11518915;0.86134;0.86146;0.8614;1;T;True;2
1621239073000;11518917;0.86133;0.86145;0.86139;1;T;True;2
1621239074000;11518919;0.86133;0.86145;0.86139;1;T;True;2
1621239075000;11518920;0.86133;0.86145;0.86139;0;T;True;2
1621239076000;11518921;0.86133;0.86145;0.86139;0;T;True;2
1621239077000;11518922;0.86133;0.86145;0.86139;0;T;True;2
1621239078000;11518924;0.86132;0.86144;0.86138;1;T;True;2
1621239079000;11518926;0.86131;0.86143;0.86137;1;T;True;2
1621239080000;11518927;0.86131;0.86143;0.86137;0;T;True;2
1621239081000;11518930;0.86132;0.86144;0.86138;2;T;True;2
1621239082000;11518931;0.86132;0.86144;0.86138;0;T;True;2
1621239083000;11518932;0.86132;0.86144;0.86138;0;T;True;2
1621239084000;11518933;0.86132;0.86144;0.86138;0;T;True;2
1621239085000;11518934;0.86132;0.86144;0.86138;0;T;True;2
1621239086000;11518936;0.86133;0.86145;0.86139;1;T;True;2
1621239087000;11518937;0.86133;0.86145;0.86139;0;T;True;2
1621239088000;11518943;0.86134;0.86146;0.8614;5;T;True;2
1621239089000;11518944;0.86134;0.86146;0.8614;0;T;True;2
1621239090000;11518945;0.86134;0.86146;0.8614;0;T;True;2
1621239091000;11518950;0.86134;0.86146;0.8614;4;T;True;2
1621239092000;11518952;0.86134;0.86146;0.8614;1;T;True;2
1621239093000;11518955;0.86134;0.86146;0.8614;2;T;True;2
1621239094000;11518960;0.86131;0.86143;0.86137;4;T;True;2
1621239095000;11518967;0.86125;0.86137;0.86131;6;T;True;2
1621239096000;11518968;0.86125;0.86137;0.86131;0;T;True;2
1621239097000;11518970;0.86125;0.86137;0.86131;1;T;True;2
1621239098000;11518971;0.86125;0.86137;0.86131;0;T;True;2
1621239099000;11518972;0.86125;0.86137;0.86131;0;T;True;2
1621239100000;11518973;0.86125;0.86137;0.86131;0;T;True;2
1621239101000;11518974;0.86125;0.86137;0.86131;0;T;True;2
1621239102000;11518975;0.86125;0.86137;0.86131;0;T;True;2
1621239103000;11518976;0.86125;0.86137;0.86131;0;T;True;2
1621239104000;11518980;0.86126;0.86138;0.86132;3;T;True;2
1621239105000;11518981;0.86126;0.86138;0.86132;0;T;True;2
1621239106000;11518982;0.86126;0.86138;0.86132;0;T;True;2
1621239107000;11518983;0.86126;0.86138;0.86132;0;T;True;2
1621239108000;11518988;0.86125;0.86137;0.86131;4;T;True;2
1621239109000;11518992;0.86126;0.86138;0.86132;3;T;True;2
1621239110000;11518993;0.86126;0.86138;0.86132;0;T;True;2
1621239111000;11518995;0.86125;0.86137;0.86131;1;T;True;2
1621239112000;11519001;0.86126;0.86138;0.86132;5;T;True;2
1621239113000;11519004;0.86127;0.86139;0.86133;2;T;True;2
1621239114000;11519005;0.86127;0.86139;0.86133;0;T;True;2
1621239115000;11519006;0.86127;0.86139;0.86133;0;T;True;2
1621239116000;11519007;0.86127;0.86139;0.86133;0;T;True;2
1621239117000;11519008;0.86127;0.86139;0.86133;0;T;True;2
1621239118000;11519011;0.86126;0.86138;0.86132;2;T;True;2
1621239119000;11519015;0.86125;0.86137;0.86131;3;T;True;2
1621239120000;11519018;0.86125;0.86137;0.86131;2;T;True;2
1621239121000;11519019;0.86125;0.86137;0.86131;0;T;True;2
1621239122000;11519022;0.86126;0.86138;0.86132;2;T;True;2
1621239123000;11519023;0.86126;0.86138;0.86132;0;T;True;2
1621239124000;11519025;0.86127;0.86139;0.86133;1;T;True;2
1621239125000;11519026;0.86127;0.86139;0.86133;0;T;True;2
1621239126000;11519027;0.86127;0.86139;0.86133;0;T;True;2
1621239127000;11519028;0.86127;0.86139;0.86133;0;T;True;2
1621239128000;11519030;0.86126;0.86138;0.86132;1;T;True;2
1621239129000;11519035;0.86125;0.86137;0.86131;4;T;True;2
1621239130000;11519041;0.86125;0.86137;0.86131;5;T;True;2
1621239131000;11519043;0.86125;0.86137;0.86131;1;T;True;2
1621239132000;11519044;0.86125;0.86137;0.86131;0;T;True;2
1621239133000;11519045;0.86125;0.86137;0.86131;0;T;True;2
1621239134000;11519047;0.86125;0.86137;0.86131;1;T;True;2
1621239135000;11519049;0.86125;0.86137;0.86131;1;T;True;2
1621239136000;11519052;0.86127;0.86139;0.86133;2;T;True;2
1621239137000;11519053;0.86127;0.86139;0.86133;0;T;True;2
1621239138000;11519057;0.86129;0.86141;0.86135;3;T;True;2
1621239139000;11519059;0.86128;0.8614;0.86134;1;T;True;2
1621239140000;11519061;0.86128;0.8614;0.86134;1;T;True;2
1621239141000;11519064;0.86127;0.86139;0.86133;2;T;True;2
1621239142000;11519065;0.86127;0.86139;0.86133;0;T;True;2
1621239143000;11519067;0.86127;0.86139;0.86133;1;T;True;2
1621239144000;11519068;0.86127;0.86139;0.86133;0;T;True;2
1621239145000;11519069;0.86127;0.86139;0.86133;0;T;True;2
1621239146000;11519070;0.86127;0.86139;0.86133;0;T;True;2
1621239147000;11519071;0.86127;0.86139;0.86133;0;T;True;2
1621239148000;11519072;0.86127;0.86139;0.86133;0;T;True;2
1621239149000;11519073;0.86127;0.86139;0.86133;0;T;True;2
1621239150000;11519074;0.86127;0.86139;0.86133;0;T;True;2
1621239151000;11519076;0.86125;0.86137;0.86131;1;T;True;2
1621239152000;11519078;0.86126;0.86138;0.86132;1;T;True;2
1621239153000;11519081;0.86127;0.86139;0.86133;2;T;True;2
1621239154000;11519082;0.86127;0.86139;0.86133;0;T;True;2
1621239155000;11519083;0.86127;0.86139;0.86133;0;T;True;2
1621239156000;11519085;0.86127;0.86139;0.86133;1;T;True;2
1621239157000;11519086;0.86127;0.86139;0.86133;0;T;True;2
1621239158000;11519087;0.86127;0.86139;0.86133;0;T;True;2
1621239159000;11519088;0.86127;0.86139;0.86133;0;T;True;2
1621239160000;11519089;0.86127;0.86139;0.86133;0;T;True;2
1621239161000;11519091;0.86127;0.86139;0.86133;1;T;True;2
1621239162000;11519092;0.86127;0.86139;0.86133;0;T;True;2
1621239163000;11519093;0.86127;0.86139;0.86133;0;T;True;2
1621239164000;11519094;0.86127;0.86139;0.86133;0;T;True;2
1621239165000;11519095;0.86127;0.86139;0.86133;0;T;True;2
1621239166000;11519096;0.86127;0.86139;0.86133;0;T;True;2
1621239167000;11519098;0.86127;0.86139;0.86133;1;T;True;2
1621239168000;11519099;0.86127;0.86139;0.86133;0;T;True;2
1621239169000;11519101;0.86127;0.86139;0.86133;1;T;True;2
1621239170000;11519103;0.86127;0.86139;0.86133;1;T;True;2
1621239171000;11519104;0.86127;0.86139;0.86133;0;T;True;2
1621239172000;11519106;0.86127;0.86139;0.86133;1;T;True;2
1621239173000;11519109;0.86127;0.86139;0.86133;2;T;True;2
1621239174000;11519116;0.86123;0.86135;0.86129;6;T;True;2
1621239175000;11519119;0.86121;0.86133;0.86127;2;T;True;2
1621239176000;11519120;0.86121;0.86133;0.86127;0;T;True;2
1621239177000;11519122;0.86119;0.86131;0.86125;1;T;True;2
1621239178000;11519126;0.86119;0.86131;0.86125;3;T;True;2
1621239179000;11519127;0.86119;0.86131;0.86125;0;T;True;2
1621239180000;11519131;0.86121;0.86133;0.86127;3;T;True;2
1621239181000;11519133;0.86123;0.86135;0.86129;1;T;True;2
1621239182000;11519134;0.86123;0.86135;0.86129;0;T;True;2
1621239183000;11519136;0.86125;0.86137;0.86131;1;T;True;2
1621239184000;11519138;0.86127;0.86139;0.86133;1;T;True;2
1621239185000;11519142;0.86125;0.86137;0.86131;3;T;True;2
1621239186000;11519148;0.86121;0.86133;0.86127;5;T;True;2
1621239187000;11519149;0.86121;0.86133;0.86127;0;T;True;2
1621239188000;11519152;0.86121;0.86133;0.86127;2;T;True;2
1621239189000;11519153;0.86121;0.86133;0.86127;0;T;True;2
1621239190000;11519154;0.86121;0.86133;0.86127;0;T;True;2
1621239191000;11519163;0.86123;0.86135;0.86129;8;T;True;2
1621239192000;11519165;0.86122;0.86134;0.86128;1;T;True;2
1621239193000;11519166;0.86122;0.86134;0.86128;0;T;True;2
1621239194000;11519168;0.86123;0.86135;0.86129;1;T;True;2
1621239195000;11519169;0.86123;0.86135;0.86129;0;T;True;2
1621239196000;11519172;0.86123;0.86135;0.86129;2;T;True;2
1621239197000;11519174;0.86121;0.86133;0.86127;1;T;True;2
1621239198000;11519177;0.86119;0.86131;0.86125;2;T;True;2
1621239199000;11519178;0.86119;0.86131;0.86125;0;T;True;2
1621239200000;11519184;0.86116;0.86128;0.86122;5;T;True;2
1621239201000;11519185;0.86116;0.86128;0.86122;0;T;True;2
1621239202000;11519186;0.86116;0.86128;0.86122;0;T;True;2
1621239203000;11519187;0.86116;0.86128;0.86122;0;T;True;2
1621239204000;11519189;0.86116;0.86128;0.86122;1;T;True;2
1621239205000;11519196;0.86114;0.86126;0.8612;6;T;True;2
1621239206000;11519200;0.86113;0.86125;0.86119;3;T;True;2
1621239207000;11519201;0.86113;0.86125;0.86119;0;T;True;2
1621239208000;11519202;0.86113;0.86125;0.86119;0;T;True;2
1621239209000;11519209;0.86114;0.86126;0.8612;6;T;True;2
1621239210000;11519212;0.86113;0.86125;0.86119;2;T;True;2
1621239211000;11519213;0.86113;0.86125;0.86119;0;T;True;2
1621239212000;11519216;0.86115;0.86127;0.86121;2;T;True;2
1621239213000;11519217;0.86115;0.86127;0.86121;0;T;True;2
1621239214000;11519218;0.86115;0.86127;0.86121;0;T;True;2
1621239215000;11519220;0.86115;0.86127;0.86121;1;T;True;2
1621239216000;11519234;0.86131;0.86143;0.86137;13;T;True;2
1621239217000;11519235;0.86131;0.86143;0.86137;0;T;True;2
1621239218000;11519236;0.86131;0.86143;0.86137;0;T;True;2
1621239219000;11519237;0.86131;0.86143;0.86137;0;T;True;2
1621239220000;11519239;0.8613;0.86142;0.86136;1;T;True;2
1621239221000;11519244;0.86125;0.86137;0.86131;4;T;True;2
1621239222000;11519245;0.86125;0.86137;0.86131;0;T;True;2
1621239223000;11519246;0.86125;0.86137;0.86131;0;T;True;2
1621239224000;11519247;0.86125;0.86137;0.86131;0;T;True;2
1621239225000;11519248;0.86125;0.86137;0.86131;0;T;True;2
1621239226000;11519249;0.86125;0.86137;0.86131;0;T;True;2
1621239227000;11519250;0.86125;0.86137;0.86131;0;T;True;2
1621239228000;11519251;0.86125;0.86137;0.86131;0;T;True;2
1621239229000;11519252;0.86125;0.86137;0.86131;0;T;True;2
1621239230000;11519253;0.86125;0.86137;0.86131;0;T;True;2
1621239231000;11519255;0.86123;0.86135;0.86129;1;T;True;2
1621239232000;11519257;0.86125;0.86137;0.86131;1;T;True;2
1621239233000;11519258;0.86125;0.86137;0.86131;0;T;True;2
1621239234000;11519259;0.86125;0.86137;0.86131;0;T;True;2
1621239235000;11519261;0.86125;0.86137;0.86131;1;T;True;2
1621239236000;11519262;0.86125;0.86137;0.86131;0;T;True;2
1621239237000;11519263;0.86125;0.86137;0.86131;0;T;True;2
1621239238000;11519264;0.86125;0.86137;0.86131;0;T;True;2
1621239239000;11519265;0.86125;0.86137;0.86131;0;T;True;2
1621239240000;11519267;0.86125;0.86137;0.86131;1;T;True;2
1621239241000;11519268;0.86125;0.86137;0.86131;0;T;True;2
1621239242000;11519269;0.86125;0.86137;0.86131;0;T;True;2
1621239243000;11519273;0.86123;0.86135;0.86129;3;T;True;2
1621239244000;11519274;0.86123;0.86135;0.86129;0;T;True;2
1621239245000;11519275;0.86123;0.86135;0.86129;0;T;True;2
1621239246000;11519276;0.86123;0.86135;0.86129;0;T;True;2
1621239247000;11519279;0.86123;0.86135;0.86129;2;T;True;2
1621239248000;11519280;0.86123;0.86135;0.86129;0;T;True;2
1621239249000;11519285;0.86125;0.86137;0.86131;4;T;True;2
1621239250000;11519296;0.86133;0.86145;0.86139;10;T;True;2
1621239251000;11519297;0.86133;0.86145;0.86139;0;T;True;2
1621239252000;11519301;0.86134;0.86146;0.8614;3;T;True;2
1621239253000;11519302;0.86134;0.86146;0.8614;0;T;True;2
1621239254000;11519303;0.86134;0.86146;0.8614;0;T;True;2
1621239255000;11519311;0.86136;0.86148;0.86142;7;T;True;2
1621239256000;11519314;0.86137;0.86149;0.86143;2;T;True;2
1621239257000;11519315;0.86137;0.86149;0.86143;0;T;True;2
1621239258000;11519316;0.86137;0.86149;0.86143;0;T;True;2
1621239259000;11519321;0.86135;0.86147;0.86141;4;T;True;2
1621239260000;11519322;0.86135;0.86147;0.86141;0;T;True;2
1621239261000;11519323;0.86135;0.86147;0.86141;0;T;True;2
1621239262000;11519324;0.86135;0.86147;0.86141;0;T;True;2
1621239263000;11519326;0.86135;0.86147;0.86141;1;T;True;2
1621239264000;11519327;0.86135;0.86147;0.86141;0;T;True;2
1621239265000;11519328;0.86135;0.86147;0.86141;0;T;True;2
1621239266000;11519330;0.86135;0.86147;0.86141;1;T;True;2
1621239267000;11519332;0.86135;0.86147;0.86141;1;T;True;2
1621239268000;11519335;0.86137;0.86149;0.86143;2;T;True;2
1621239269000;11519337;0.86137;0.86149;0.86143;1;T;True;2
1621239270000;11519338;0.86137;0.86149;0.86143;0;T;True;2
1621239271000;11519339;0.86137;0.86149;0.86143;0;T;True;2
1621239272000;11519341;0.86138;0.8615;0.86144;1;T;True;2
1621239273000;11519342;0.86138;0.8615;0.86144;0;T;True;2
1621239274000;11519343;0.86138;0.8615;0.86144;0;T;True;2
1621239275000;11519344;0.86138;0.8615;0.86144;0;T;True;2
1621239276000;11519345;0.86138;0.8615;0.86144;0;T;True;2
1621239277000;11519349;0.86136;0.86148;0.86142;3;T;True;2
1621239278000;11519352;0.86135;0.86147;0.86141;2;T;True;2
1621239279000;11519353;0.86135;0.86147;0.86141;0;T;True;2
1621239280000;11519354;0.86135;0.86147;0.86141;0;T;True;2
1621239281000;11519357;0.86135;0.86147;0.86141;2;T;True;2
1621239282000;11519360;0.86135;0.86147;0.86141;2;T;True;2
1621239283000;11519362;0.86135;0.86147;0.86141;1;T;True;2
1621239284000;11519367;0.86137;0.86149;0.86143;4;T;True;2
1621239285000;11519368;0.86137;0.86149;0.86143;0;T;True;2
1621239286000;11519371;0.86138;0.8615;0.86144;2;T;True;2
1621239287000;11519374;0.86135;0.86147;0.86141;2;T;True;2
1621239288000;11519375;0.86135;0.86147;0.86141;0;T;True;2
1621239289000;11519376;0.86135;0.86147;0.86141;0;T;True;2
1621239290000;11519377;0.86135;0.86147;0.86141;0;T;True;2
1621239291000;11519378;0.86135;0.86147;0.86141;0;T;True;2
1621239292000;11519379;0.86135;0.86147;0.86141;0;T;True;2
1621239293000;11519380;0.86135;0.86147;0.86141;0;T;True;2
1621239294000;11519382;0.86136;0.86148;0.86142;1;T;True;2
1621239295000;11519383;0.86136;0.86148;0.86142;0;T;True;2
1621239296000;11519385;0.86135;0.86147;0.86141;1;T;True;2
1621239297000;11519391;0.86136;0.86148;0.86142;5;T;True;2
1621239298000;11519392;0.86136;0.86148;0.86142;0;T;True;2
1621239299000;11519393;0.86136;0.86148;0.86142;0;T;True;2
1621239300000;11519402;0.8613;0.86142;0.86136;8;T;True;2
1621239301000;11519403;0.8613;0.86142;0.86136;0;T;True;2
1621239302000;11519405;0.86131;0.86143;0.86137;1;T;True;2
1621239303000;11519409;0.86132;0.86144;0.86138;3;T;True;2
1621239304000;11519410;0.86132;0.86144;0.86138;0;T;True;2
1621239305000;11519411;0.86132;0.86144;0.86138;0;T;True;2
1621239306000;11519412;0.86132;0.86144;0.86138;0;T;True;2
1621239307000;11519413;0.86132;0.86144;0.86138;0;T;True;2
1621239308000;11519414;0.86132;0.86144;0.86138;0;T;True;2
1621239309000;11519415;0.86132;0.86144;0.86138;0;T;True;2
1621239310000;11519416;0.86132;0.86144;0.86138;0;T;True;2
1621239311000;11519417;0.86132;0.86144;0.86138;0;T;True;2
1621239312000;11519418;0.86132;0.86144;0.86138;0;T;True;2
1621239313000;11519419;0.86132;0.86144;0.86138;0;T;True;2
1621239314000;11519420;0.86132;0.86144;0.86138;0;T;True;2
1621239315000;11519422;0.86133;0.86145;0.86139;1;T;True;2
1621239316000;11519423;0.86133;0.86145;0.86139;0;T;True;2
1621239317000;11519424;0.86133;0.86145;0.86139;0;T;True;2
1621239318000;11519425;0.86133;0.86145;0.86139;0;T;True;2
1621239319000;11519427;0.86132;0.86144;0.86138;1;T;True;2
1621239320000;11519428;0.86132;0.86144;0.86138;0;T;True;2
1621239321000;11519429;0.86132;0.86144;0.86138;0;T;True;2
1621239322000;11519430;0.86132;0.86144;0.86138;0;T;True;2
1621239323000;11519431;0.86132;0.86144;0.86138;0;T;True;2
1621239324000;11519433;0.86133;0.86145;0.86139;1;T;True;2
1621239325000;11519434;0.86133;0.86145;0.86139;0;T;True;2
1621239326000;11519435;0.86133;0.86145;0.86139;0;T;True;2
1621239327000;11519436;0.86133;0.86145;0.86139;0;T;True;2
1621239328000;11519437;0.86133;0.86145;0.86139;0;T;True;2
1621239329000;11519438;0.86133;0.86145;0.86139;0;T;True;2
1621239330000;11519439;0.86133;0.86145;0.86139;0;T;True;2
1621239331000;11519440;0.86133;0.86145;0.86139;0;T;True;2
1621239332000;11519441;0.86133;0.86145;0.86139;0;T;True;2
1621239333000;11519443;0.86132;0.86144;0.86138;1;T;True;2
1621239334000;11519445;0.86131;0.86143;0.86137;1;T;True;2
1621239335000;11519446;0.86131;0.86143;0.86137;0;T;True;2
1621239336000;11519448;0.86132;0.86144;0.86138;1;T;True;2
1621239337000;11519449;0.86132;0.86144;0.86138;0;T;True;2
1621239338000;11519451;0.86132;0.86144;0.86138;1;T;True;2
1621239339000;11519452;0.86132;0.86144;0.86138;0;T;True;2
1621239340000;11519453;0.86132;0.86144;0.86138;0;T;True;2
1621239341000;11519454;0.86132;0.86144;0.86138;0;T;True;2
1621239342000;11519455;0.86132;0.86144;0.86138;0;T;True;2
1621239343000;11519457;0.86133;0.86145;0.86139;1;T;True;2
1621239344000;11519460;0.86131;0.86143;0.86137;2;T;True;2
1621239345000;11519461;0.86131;0.86143;0.86137;0;T;True;2
1621239346000;11519462;0.86131;0.86143;0.86137;0;T;True;2
1621239347000;11519463;0.86131;0.86143;0.86137;0;T;True;2
1621239348000;11519464;0.86131;0.86143;0.86137;0;T;True;2
1621239349000;11519466;0.8613;0.86142;0.86136;1;T;True;2
1621239350000;11519467;0.8613;0.86142;0.86136;0;T;True;2
1621239351000;11519468;0.8613;0.86142;0.86136;0;T;True;2
1621239352000;11519469;0.8613;0.86142;0.86136;0;T;True;2
1621239353000;11519474;0.86131;0.86143;0.86137;4;T;True;2
1621239354000;11519475;0.86131;0.86143;0.86137;0;T;True;2
1621239355000;11519476;0.86131;0.86143;0.86137;0;T;True;2
1621239356000;11519477;0.86131;0.86143;0.86137;0;T;True;2
1621239357000;11519478;0.86131;0.86143;0.86137;0;T;True;2
1621239358000;11519479;0.86131;0.86143;0.86137;0;T;True;2
1621239359000;11519481;0.8613;0.86142;0.86136;1;T;True;2
1621239360000;11519482;0.8613;0.86142;0.86136;0;T;True;2
1621239361000;11519484;0.86131;0.86143;0.86137;1;T;True;2
1621239362000;11519485;0.86131;0.86143;0.86137;0;T;True;2
1621239363000;11519486;0.86131;0.86143;0.86137;0;T;True;2
1621239364000;11519487;0.86131;0.86143;0.86137;0;T;True;2
1621239365000;11519489;0.86133;0.86145;0.86139;1;T;True;2
1621239366000;11519490;0.86133;0.86145;0.86139;0;T;True;2
1621239367000;11519491;0.86133;0.86145;0.86139;0;T;True;2
1621239368000;11519492;0.86133;0.86145;0.86139;0;T;True;2
1621239369000;11519494;0.86132;0.86144;0.86138;1;T;True;2
1621239370000;11519498;0.86131;0.86143;0.86137;3;T;True;2
1621239371000;11519500;0.86131;0.86143;0.86137;1;T;True;2
1621239372000;11519501;0.86131;0.86143;0.86137;0;T;True;2
1621239373000;11519502;0.86131;0.86143;0.86137;0;T;True;2
1621239374000;11519503;0.86131;0.86143;0.86137;0;T;True;2
1621239375000;11519506;0.86131;0.86143;0.86137;2;T;True;2
1621239376000;11519507;0.86131;0.86143;0.86137;0;T;True;2
1621239377000;11519508;0.86131;0.86143;0.86137;0;T;True;2
1621239378000;11519509;0.86131;0.86143;0.86137;0;T;True;2
1621239379000;11519517;0.86124;0.86136;0.8613;7;T;True;2
1621239380000;11519523;0.86129;0.86141;0.86135;5;T;True;2
1621239381000;11519538;0.86138;0.8615;0.86144;14;T;True;2
1621239382000;11519540;0.86138;0.8615;0.86144;1;T;True;2
1621239383000;11519543;0.86138;0.8615;0.86144;2;T;True;2
1621239384000;11519544;0.86138;0.8615;0.86144;0;T;True;2
1621239385000;11519545;0.86138;0.8615;0.86144;0;T;True;2
1621239386000;11519546;0.86138;0.8615;0.86144;0;T;True;2
1621239387000;11519547;0.86138;0.8615;0.86144;0;T;True;2
1621239388000;11519549;0.86138;0.8615;0.86144;1;T;True;2
1621239389000;11519550;0.86138;0.8615;0.86144;0;T;True;2
1621239390000;11519551;0.86138;0.8615;0.86144;0;T;True;2
1621239391000;11519553;0.86138;0.8615;0.86144;1;T;True;2
1621239392000;11519554;0.86138;0.8615;0.86144;0;T;True;2
1621239393000;11519555;0.86138;0.8615;0.86144;0;T;True;2
1621239394000;11519557;0.86139;0.86151;0.86145;1;T;True;2
1621239395000;11519558;0.86139;0.86151;0.86145;0;T;True;2
1621239396000;11519559;0.86139;0.86151;0.86145;0;T;True;2
1621239397000;11519561;0.86139;0.86151;0.86145;1;T;True;2
1621239398000;11519564;0.86139;0.86151;0.86145;2;T;True;2
1621239399000;11519565;0.86139;0.86151;0.86145;0;T;True;2
1621239400000;11519566;0.86139;0.86151;0.86145;0;T;True;2
1621239401000;11519572;0.86142;0.86154;0.86148;5;T;True;2
1621239402000;11519573;0.86142;0.86154;0.86148;0;T;True;2
1621239403000;11519575;0.86143;0.86155;0.86149;1;T;True;2
1621239404000;11519576;0.86143;0.86155;0.86149;0;T;True;2
1621239405000;11519577;0.86143;0.86155;0.86149;0;T;True;2
1621239406000;11519578;0.86143;0.86155;0.86149;0;T;True;2
1621239407000;11519579;0.86143;0.86155;0.86149;0;T;True;2
1621239408000;11519581;0.86142;0.86154;0.86148;1;T;True;2
1621239409000;11519583;0.86143;0.86155;0.86149;1;T;True;2
1621239410000;11519584;0.86143;0.86155;0.86149;0;T;True;2
1621239411000;11519585;0.86143;0.86155;0.86149;0;T;True;2
1621239412000;11519586;0.86143;0.86155;0.86149;0;T;True;2
1621239413000;11519587;0.86143;0.86155;0.86149;0;T;True;2
1621239414000;11519588;0.86143;0.86155;0.86149;0;T;True;2
1621239415000;11519589;0.86143;0.86155;0.86149;0;T;True;2
1621239416000;11519590;0.86143;0.86155;0.86149;0;T;True;2
1621239417000;11519594;0.86143;0.86155;0.86149;3;T;True;2
1621239418000;11519595;0.86143;0.86155;0.86149;0;T;True;2
1621239419000;11519600;0.86141;0.86153;0.86147;4;T;True;2
1621239420000;11519601;0.86141;0.86153;0.86147;0;T;True;2
1621239421000;11519602;0.86141;0.86153;0.86147;0;T;True;2
1621239422000;11519603;0.86141;0.86153;0.86147;0;T;True;2
1621239423000;11519604;0.86141;0.86153;0.86147;0;T;True;2
1621239424000;11519605;0.86141;0.86153;0.86147;0;T;True;2
1621239425000;11519606;0.86141;0.86153;0.86147;0;T;True;2
1621239426000;11519608;0.8614;0.86152;0.86146;1;T;True;2
1621239427000;11519609;0.8614;0.86152;0.86146;0;T;True;2
1621239428000;11519610;0.8614;0.86152;0.86146;0;T;True;2
1621239429000;11519612;0.86139;0.86151;0.86145;1;T;True;2
1621239430000;11519614;0.86139;0.86151;0.86145;1;T;True;2
1621239431000;11519615;0.86139;0.86151;0.86145;0;T;True;2
1621239432000;11519616;0.86139;0.86151;0.86145;0;T;True;2
1621239433000;11519617;0.86139;0.86151;0.86145;0;T;True;2
1621239434000;11519618;0.86139;0.86151;0.86145;0;T;True;2
1621239435000;11519619;0.86139;0.86151;0.86145;0;T;True;2
1621239436000;11519620;0.86139;0.86151;0.86145;0;T;True;2
1621239437000;11519623;0.86137;0.86149;0.86143;2;T;True;2
1621239438000;11519624;0.86137;0.86149;0.86143;0;T;True;2
1621239439000;11519627;0.86133;0.86145;0.86139;2;T;True;2
1621239440000;11519628;0.86133;0.86145;0.86139;0;T;True;2
1621239441000;11519629;0.86133;0.86145;0.86139;0;T;True;2
1621239442000;11519630;0.86133;0.86145;0.86139;0;T;True;2
1621239443000;11519631;0.86133;0.86145;0.86139;0;T;True;2
1621239444000;11519632;0.86133;0.86145;0.86139;0;T;True;2
1621239445000;11519633;0.86133;0.86145;0.86139;0;T;True;2
1621239446000;11519634;0.86133;0.86145;0.86139;0;T;True;2
1621239447000;11519635;0.86133;0.86145;0.86139;0;T;True;2
1621239448000;11519636;0.86133;0.86145;0.86139;0;T;True;2
1621239449000;11519637;0.86133;0.86145;0.86139;0;T;True;2
1621239450000;11519638;0.86133;0.86145;0.86139;0;T;True;2
1621239451000;11519643;0.86136;0.86148;0.86142;4;T;True;2
1621239452000;11519644;0.86136;0.86148;0.86142;0;T;True;2
1621239453000;11519645;0.86136;0.86148;0.86142;0;T;True;2
1621239454000;11519646;0.86136;0.86148;0.86142;0;T;True;2
1621239455000;11519647;0.86136;0.86148;0.86142;0;T;True;2
1621239456000;11519649;0.86137;0.86149;0.86143;1;T;True;2
1621239457000;11519651;0.86136;0.86148;0.86142;1;T;True;2
1621239458000;11519653;0.86137;0.86149;0.86143;1;T;True;2
1621239459000;11519654;0.86137;0.86149;0.86143;0;T;True;2
1621239460000;11519655;0.86137;0.86149;0.86143;0;T;True;2
1621239461000;11519656;0.86137;0.86149;0.86143;0;T;True;2
1621239462000;11519657;0.86137;0.86149;0.86143;0;T;True;2
1621239463000;11519658;0.86137;0.86149;0.86143;0;T;True;2
1621239464000;11519659;0.86137;0.86149;0.86143;0;T;True;2
1621239465000;11519660;0.86137;0.86149;0.86143;0;T;True;2
1621239466000;11519661;0.86137;0.86149;0.86143;0;T;True;2
1621239467000;11519662;0.86137;0.86149;0.86143;0;T;True;2
1621239468000;11519664;0.86136;0.86148;0.86142;1;T;True;2
1621239469000;11519665;0.86136;0.86148;0.86142;0;T;True;2
1621239470000;11519667;0.86135;0.86147;0.86141;1;T;True;2
1621239471000;11519668;0.86135;0.86147;0.86141;0;T;True;2
1621239472000;11519670;0.86136;0.86148;0.86142;1;T;True;2
1621239473000;11519671;0.86136;0.86148;0.86142;0;T;True;2
1621239474000;11519672;0.86136;0.86148;0.86142;0;T;True;2
1621239475000;11519674;0.86135;0.86147;0.86141;1;T;True;2
1621239476000;11519675;0.86135;0.86147;0.86141;0;T;True;2
1621239477000;11519676;0.86135;0.86147;0.86141;0;T;True;2
1621239478000;11519677;0.86135;0.86147;0.86141;0;T;True;2
1621239479000;11519678;0.86135;0.86147;0.86141;0;T;True;2
1621239480000;11519679;0.86135;0.86147;0.86141;0;T;True;2
1621239481000;11519680;0.86135;0.86147;0.86141;0;T;True;2
1621239482000;11519682;0.86133;0.86145;0.86139;1;T;True;2
1621239483000;11519685;0.86132;0.86144;0.86138;2;T;True;2
1621239484000;11519686;0.86132;0.86144;0.86138;0;T;True;2
1621239485000;11519687;0.86132;0.86144;0.86138;0;T;True;2
1621239486000;11519688;0.86132;0.86144;0.86138;0;T;True;2
1621239487000;11519690;0.86131;0.86143;0.86137;1;T;True;2
1621239488000;11519692;0.86131;0.86143;0.86137;1;T;True;2
1621239489000;11519693;0.86131;0.86143;0.86137;0;T;True;2
1621239490000;11519694;0.86131;0.86143;0.86137;0;T;True;2
1621239491000;11519695;0.86131;0.86143;0.86137;0;T;True;2
1621239492000;11519696;0.86131;0.86143;0.86137;0;T;True;2
1621239493000;11519697;0.86131;0.86143;0.86137;0;T;True;2
1621239494000;11519699;0.86131;0.86143;0.86137;1;T;True;2
1621239495000;11519700;0.86131;0.86143;0.86137;0;T;True;2
1621239496000;11519701;0.86131;0.86143;0.86137;0;T;True;2
1621239497000;11519702;0.86131;0.86143;0.86137;0;T;True;2
1621239498000;11519703;0.86131;0.86143;0.86137;0;T;True;2
1621239499000;11519704;0.86131;0.86143;0.86137;0;T;True;2
1621239500000;11519705;0.86131;0.86143;0.86137;0;T;True;2
1621239501000;11519706;0.86131;0.86143;0.86137;0;T;True;2
1621239502000;11519707;0.86131;0.86143;0.86137;0;T;True;2
1621239503000;11519708;0.86131;0.86143;0.86137;0;T;True;2
1621239504000;11519709;0.86131;0.86143;0.86137;0;T;True;2
1621239505000;11519711;0.86129;0.86141;0.86135;1;T;True;2
1621239506000;11519712;0.86129;0.86141;0.86135;0;T;True;2
1621239507000;11519713;0.86129;0.86141;0.86135;0;T;True;2
1621239508000;11519714;0.86129;0.86141;0.86135;0;T;True;2
1621239509000;11519715;0.86129;0.86141;0.86135;0;T;True;2
1621239510000;11519717;0.86128;0.8614;0.86134;1;T;True;2
1621239511000;11519721;0.86128;0.8614;0.86134;3;T;True;2
1621239512000;11519722;0.86128;0.8614;0.86134;0;T;True;2
1621239513000;11519724;0.86127;0.86139;0.86133;1;T;True;2
1621239514000;11519725;0.86127;0.86139;0.86133;0;T;True;2
1621239515000;11519728;0.86128;0.8614;0.86134;2;T;True;2
1621239516000;11519729;0.86128;0.8614;0.86134;0;T;True;2
1621239517000;11519732;0.86127;0.86139;0.86133;2;T;True;2
1621239518000;11519735;0.86127;0.86139;0.86133;2;T;True;2
1621239519000;11519736;0.86127;0.86139;0.86133;0;T;True;2
1621239520000;11519737;0.86127;0.86139;0.86133;0;T;True;2
1621239521000;11519738;0.86127;0.86139;0.86133;0;T;True;2
1621239522000;11519739;0.86127;0.86139;0.86133;0;T;True;2
1621239523000;11519740;0.86127;0.86139;0.86133;0;T;True;2
1621239524000;11519741;0.86127;0.86139;0.86133;0;T;True;2
1621239525000;11519742;0.86127;0.86139;0.86133;0;T;True;2
1621239526000;11519743;0.86127;0.86139;0.86133;0;T;True;2
1621239527000;11519744;0.86127;0.86139;0.86133;0;T;True;2
1621239528000;11519745;0.86127;0.86139;0.86133;0;T;True;2
1621239529000;11519746;0.86127;0.86139;0.86133;0;T;True;2
1621239530000;11519747;0.86127;0.86139;0.86133;0;T;True;2
1621239531000;11519752;0.86129;0.86141;0.86135;4;T;True;2
1621239532000;11519755;0.86129;0.86141;0.86135;2;T;True;2
1621239533000;11519757;0.86128;0.8614;0.86134;1;T;True;2
1621239534000;11519759;0.86129;0.86141;0.86135;1;T;True;2
1621239535000;11519760;0.86129;0.86141;0.86135;0;T;True;2
1621239536000;11519761;0.86129;0.86141;0.86135;0;T;True;2
1621239537000;11519762;0.86129;0.86141;0.86135;0;T;True;2
1621239538000;11519764;0.86127;0.86139;0.86133;1;T;True;2
1621239539000;11519766;0.86128;0.8614;0.86134;1;T;True;2
1621239540000;11519767;0.86128;0.8614;0.86134;0;T;True;2
1621239541000;11519768;0.86128;0.8614;0.86134;0;T;True;2
1621239542000;11519772;0.86128;0.8614;0.86134;3;T;True;2
1621239543000;11519775;0.86127;0.86139;0.86133;2;T;True;2
1621239544000;11519776;0.86127;0.86139;0.86133;0;T;True;2
1621239545000;11519777;0.86127;0.86139;0.86133;0;T;True;2
1621239546000;11519778;0.86127;0.86139;0.86133;0;T;True;2
1621239547000;11519779;0.86127;0.86139;0.86133;0;T;True;2
1621239548000;11519780;0.86127;0.86139;0.86133;0;T;True;2
1621239549000;11519781;0.86127;0.86139;0.86133;0;T;True;2
1621239550000;11519782;0.86127;0.86139;0.86133;0;T;True;2
1621239551000;11519783;0.86127;0.86139;0.86133;0;T;True;2
1621239552000;11519784;0.86127;0.86139;0.86133;0;T;True;2
1621239553000;11519785;0.86127;0.86139;0.86133;0;T;True;2
1621239554000;11519786;0.86127;0.86139;0.86133;0;T;True;2
1621239555000;11519788;0.86126;0.86138;0.86132;1;T;True;2
1621239556000;11519789;0.86126;0.86138;0.86132;0;T;True;2
1621239557000;11519791;0.86125;0.86137;0.86131;1;T;True;2
1621239558000;11519793;0.86124;0.86136;0.8613;1;T;True;2
1621239559000;11519794;0.86124;0.86136;0.8613;0;T;True;2
1621239560000;11519795;0.86124;0.86136;0.8613;0;T;True;2
1621239561000;11519796;0.86124;0.86136;0.8613;0;T;True;2
1621239562000;11519799;0.86121;0.86133;0.86127;2;T;True;2
1621239563000;11519801;0.86121;0.86133;0.86127;1;T;True;2
1621239564000;11519802;0.86121;0.86133;0.86127;0;T;True;2
1621239565000;11519803;0.86121;0.86133;0.86127;0;T;True;2
1621239566000;11519804;0.86121;0.86133;0.86127;0;T;True;2
1621239567000;11519809;0.86121;0.86133;0.86127;4;T;True;2
1621239568000;11519810;0.86121;0.86133;0.86127;0;T;True;2
1621239569000;11519811;0.86121;0.86133;0.86127;0;T;True;2
1621239570000;11519812;0.86121;0.86133;0.86127;0;T;True;2
1621239571000;11519813;0.86121;0.86133;0.86127;0;T;True;2
1621239572000;11519815;0.8612;0.86132;0.86126;1;T;True;2
1621239573000;11519816;0.8612;0.86132;0.86126;0;T;True;2
1621239574000;11519817;0.8612;0.86132;0.86126;0;T;True;2
1621239575000;11519818;0.8612;0.86132;0.86126;0;T;True;2
1621239576000;11519819;0.8612;0.86132;0.86126;0;T;True;2
1621239577000;11519822;0.8612;0.86132;0.86126;2;T;True;2
1621239578000;11519824;0.8612;0.86132;0.86126;1;T;True;2
1621239579000;11519826;0.86119;0.86131;0.86125;1;T;True;2
1621239580000;11519829;0.86119;0.86131;0.86125;2;T;True;2
1621239581000;11519831;0.86119;0.86131;0.86125;1;T;True;2
1621239582000;11519832;0.86119;0.86131;0.86125;0;T;True;2
1621239583000;11519835;0.86121;0.86133;0.86127;2;T;True;2
1621239584000;11519836;0.86121;0.86133;0.86127;0;T;True;2
1621239585000;11519837;0.86121;0.86133;0.86127;0;T;True;2
1621239586000;11519842;0.86121;0.86133;0.86127;4;T;True;2
1621239587000;11519843;0.86121;0.86133;0.86127;0;T;True;2
1621239588000;11519844;0.86121;0.86133;0.86127;0;T;True;2
1621239589000;11519849;0.86123;0.86135;0.86129;4;T;True;2
1621239590000;11519852;0.86122;0.86134;0.86128;2;T;True;2
1621239591000;11519853;0.86122;0.86134;0.86128;0;T;True;2
1621239592000;11519854;0.86122;0.86134;0.86128;0;T;True;2
1621239593000;11519861;0.86117;0.86129;0.86123;6;T;True;2
1621239594000;11519867;0.86119;0.86131;0.86125;5;T;True;2
1621239595000;11519872;0.8612;0.86132;0.86126;4;T;True;2
1621239596000;11519873;0.8612;0.86132;0.86126;0;T;True;2
1621239597000;11519874;0.8612;0.86132;0.86126;0;T;True;2
1621239598000;11519878;0.86121;0.86133;0.86127;3;T;True;2
1621239599000;11519882;0.86123;0.86135;0.86129;3;T;True;2
1621239600000;11519884;0.86124;0.86136;0.8613;1;T;True;2
1621239601000;11519886;0.86123;0.86135;0.86129;1;T;True;2
1621239602000;11519887;0.86123;0.86135;0.86129;0;T;True;2
1621239603000;11519891;0.86123;0.86135;0.86129;3;T;True;2
1621239604000;11519892;0.86123;0.86135;0.86129;0;T;True;2
1621239605000;11519893;0.86123;0.86135;0.86129;0;T;True;2
1621239606000;11519894;0.86123;0.86135;0.86129;0;T;True;2
1621239607000;11519895;0.86123;0.86135;0.86129;0;T;True;2
1621239608000;11519898;0.86126;0.86138;0.86132;2;T;True;2
1621239609000;11519899;0.86126;0.86138;0.86132;0;T;True;2
1621239610000;11519902;0.86126;0.86138;0.86132;2;T;True;2
1621239611000;11519903;0.86126;0.86138;0.86132;0;T;True;2
1621239612000;11519905;0.86126;0.86138;0.86132;1;T;True;2
1621239613000;11519909;0.86127;0.86139;0.86133;3;T;True;2
1621239614000;11519911;0.86128;0.8614;0.86134;1;T;True;2
1621239615000;11519912;0.86128;0.8614;0.86134;0;T;True;2
1621239616000;11519915;0.86128;0.8614;0.86134;2;T;True;2
1621239617000;11519916;0.86128;0.8614;0.86134;0;T;True;2
1621239618000;11519917;0.86128;0.8614;0.86134;0;T;True;2
1621239619000;11519918;0.86128;0.8614;0.86134;0;T;True;2
1621239620000;11519919;0.86128;0.8614;0.86134;0;T;True;2
1621239621000;11519920;0.86128;0.8614;0.86134;0;T;True;2
1621239622000;11519921;0.86128;0.8614;0.86134;0;T;True;2
1621239623000;11519923;0.86128;0.8614;0.86134;1;T;True;2
1621239624000;11519926;0.8613;0.86142;0.86136;2;T;True;2
1621239625000;11519928;0.86131;0.86143;0.86137;1;T;True;2
1621239626000;11519929;0.86131;0.86143;0.86137;0;T;True;2
1621239627000;11519930;0.86131;0.86143;0.86137;0;T;True;2
1621239628000;11519931;0.86131;0.86143;0.86137;0;T;True;2
1621239629000;11519932;0.86131;0.86143;0.86137;0;T;True;2
1621239630000;11519933;0.86131;0.86143;0.86137;0;T;True;2
1621239631000;11519934;0.86131;0.86143;0.86137;0;T;True;2
1621239632000;11519937;0.86129;0.86141;0.86135;2;T;True;2
1621239633000;11519938;0.86129;0.86141;0.86135;0;T;True;2
1621239634000;11519939;0.86129;0.86141;0.86135;0;T;True;2
1621239635000;11519940;0.86129;0.86141;0.86135;0;T;True;2
1621239636000;11519941;0.86129;0.86141;0.86135;0;T;True;2
1621239637000;11519943;0.86129;0.86141;0.86135;1;T;True;2
1621239638000;11519945;0.86129;0.86141;0.86135;1;T;True;2
1621239639000;11519947;0.86129;0.86141;0.86135;1;T;True;2
1621239640000;11519949;0.8613;0.86142;0.86136;1;T;True;2
1621239641000;11519950;0.8613;0.86142;0.86136;0;T;True;2
1621239642000;11519952;0.86131;0.86143;0.86137;1;T;True;2
1621239643000;11519953;0.86131;0.86143;0.86137;0;T;True;2
1621239644000;11519954;0.86131;0.86143;0.86137;0;T;True;2
1621239645000;11519957;0.86131;0.86143;0.86137;2;T;True;2
1621239646000;11519958;0.86131;0.86143;0.86137;0;T;True;2
1621239647000;11519959;0.86131;0.86143;0.86137;0;T;True;2
1621239648000;11519962;0.86131;0.86143;0.86137;2;T;True;2
1621239649000;11519963;0.86131;0.86143;0.86137;0;T;True;2
1621239650000;11519964;0.86131;0.86143;0.86137;0;T;True;2
1621239651000;11519965;0.86131;0.86143;0.86137;0;T;True;2
1621239652000;11519966;0.86131;0.86143;0.86137;0;T;True;2
1621239653000;11519967;0.86131;0.86143;0.86137;0;T;True;2
1621239654000;11519968;0.86131;0.86143;0.86137;0;T;True;2
1621239655000;11519969;0.86131;0.86143;0.86137;0;T;True;2
1621239656000;11519970;0.86131;0.86143;0.86137;0;T;True;2
1621239657000;11519971;0.86131;0.86143;0.86137;0;T;True;2
1621239658000;11519972;0.86131;0.86143;0.86137;0;T;True;2
1621239659000;11519973;0.86131;0.86143;0.86137;0;T;True;2
1621239660000;11519974;0.86131;0.86143;0.86137;0;T;True;2
1621239661000;11519975;0.86131;0.86143;0.86137;0;T;True;2
1621239662000;11519976;0.86131;0.86143;0.86137;0;T;True;2
1621239663000;11519982;0.86129;0.86141;0.86135;5;T;True;2
1621239664000;11519983;0.86129;0.86141;0.86135;0;T;True;2
1621239665000;11519986;0.8613;0.86142;0.86136;2;T;True;2
1621239666000;11519987;0.8613;0.86142;0.86136;0;T;True;2
1621239667000;11519988;0.8613;0.86142;0.86136;0;T;True;2
1621239668000;11519989;0.8613;0.86142;0.86136;0;T;True;2
1621239669000;11519990;0.8613;0.86142;0.86136;0;T;True;2
1621239670000;11519992;0.86131;0.86143;0.86137;1;T;True;2
1621239671000;11519997;0.8613;0.86142;0.86136;4;T;True;2
1621239672000;11520003;0.8613;0.86142;0.86136;5;T;True;2
1621239673000;11520005;0.86129;0.86141;0.86135;1;T;True;2
1621239674000;11520006;0.86129;0.86141;0.86135;0;T;True;2
1621239675000;11520007;0.86129;0.86141;0.86135;0;T;True;2
1621239676000;11520008;0.86129;0.86141;0.86135;0;T;True;2
1621239677000;11520009;0.86129;0.86141;0.86135;0;T;True;2
1621239678000;11520010;0.86129;0.86141;0.86135;0;T;True;2
1621239679000;11520011;0.86129;0.86141;0.86135;0;T;True;2
1621239680000;11520013;0.86129;0.86141;0.86135;1;T;True;2
1621239681000;11520015;0.86129;0.86141;0.86135;1;T;True;2
1621239682000;11520020;0.86127;0.86139;0.86133;4;T;True;2
1621239683000;11520021;0.86127;0.86139;0.86133;0;T;True;2
1621239684000;11520023;0.86127;0.86139;0.86133;1;T;True;2
1621239685000;11520024;0.86127;0.86139;0.86133;0;T;True;2
1621239686000;11520025;0.86127;0.86139;0.86133;0;T;True;2
1621239687000;11520026;0.86127;0.86139;0.86133;0;T;True;2
1621239688000;11520027;0.86127;0.86139;0.86133;0;T;True;2
1621239689000;11520028;0.86127;0.86139;0.86133;0;T;True;2
1621239690000;11520031;0.86127;0.86139;0.86133;2;T;True;2
1621239691000;11520036;0.86129;0.86141;0.86135;4;T;True;2
1621239692000;11520039;0.86131;0.86143;0.86137;2;T;True;2
1621239693000;11520041;0.86131;0.86143;0.86137;1;T;True;2
1621239694000;11520042;0.86131;0.86143;0.86137;0;T;True;2
1621239695000;11520043;0.86131;0.86143;0.86137;0;T;True;2
1621239696000;11520044;0.86131;0.86143;0.86137;0;T;True;2
1621239697000;11520045;0.86131;0.86143;0.86137;0;T;True;2
1621239698000;11520046;0.86131;0.86143;0.86137;0;T;True;2
1621239699000;11520047;0.86131;0.86143;0.86137;0;T;True;2
1621239700000;11520048;0.86131;0.86143;0.86137;0;T;True;2
1621239701000;11520049;0.86131;0.86143;0.86137;0;T;True;2
1621239702000;11520050;0.86131;0.86143;0.86137;0;T;True;2
1621239703000;11520052;0.86131;0.86143;0.86137;1;T;True;2
1621239704000;11520055;0.86131;0.86143;0.86137;2;T;True;2
1621239705000;11520057;0.86132;0.86144;0.86138;1;T;True;2
1621239706000;11520058;0.86132;0.86144;0.86138;0;T;True;2
1621239707000;11520059;0.86132;0.86144;0.86138;0;T;True;2
1621239708000;11520061;0.86131;0.86143;0.86137;1;T;True;2
1621239709000;11520065;0.86133;0.86145;0.86139;3;T;True;2
1621239710000;11520067;0.86133;0.86145;0.86139;1;T;True;2
1621239711000;11520068;0.86133;0.86145;0.86139;0;T;True;2
1621239712000;11520070;0.86132;0.86144;0.86138;1;T;True;2
1621239713000;11520072;0.86132;0.86144;0.86138;1;T;True;2
1621239714000;11520073;0.86132;0.86144;0.86138;0;T;True;2
1621239715000;11520074;0.86132;0.86144;0.86138;0;T;True;2
1621239716000;11520075;0.86132;0.86144;0.86138;0;T;True;2
1621239717000;11520077;0.86131;0.86143;0.86137;1;T;True;2
1621239718000;11520078;0.86131;0.86143;0.86137;0;T;True;2
1621239719000;11520080;0.86132;0.86144;0.86138;1;T;True;2
1621239720000;11520081;0.86132;0.86144;0.86138;0;T;True;2
1621239721000;11520082;0.86132;0.86144;0.86138;0;T;True;2
1621239722000;11520083;0.86132;0.86144;0.86138;0;T;True;2
1621239723000;11520088;0.86131;0.86143;0.86137;4;T;True;2
1621239724000;11520089;0.86131;0.86143;0.86137;0;T;True;2
1621239725000;11520090;0.86131;0.86143;0.86137;0;T;True;2
1621239726000;11520091;0.86131;0.86143;0.86137;0;T;True;2
1621239727000;11520092;0.86131;0.86143;0.86137;0;T;True;2
1621239728000;11520093;0.86131;0.86143;0.86137;0;T;True;2
1621239729000;11520095;0.86129;0.86141;0.86135;1;T;True;2
1621239730000;11520096;0.86129;0.86141;0.86135;0;T;True;2
1621239731000;11520098;0.86129;0.86141;0.86135;1;T;True;2
1621239732000;11520099;0.86129;0.86141;0.86135;0;T;True;2
1621239733000;11520100;0.86129;0.86141;0.86135;0;T;True;2
1621239734000;11520101;0.86129;0.86141;0.86135;0;T;True;2
1621239735000;11520102;0.86129;0.86141;0.86135;0;T;True;2
1621239736000;11520103;0.86129;0.86141;0.86135;0;T;True;2
1621239737000;11520104;0.86129;0.86141;0.86135;0;T;True;2
1621239738000;11520105;0.86129;0.86141;0.86135;0;T;True;2
1621239739000;11520108;0.86129;0.86141;0.86135;2;T;True;2
1621239740000;11520112;0.86131;0.86143;0.86137;3;T;True;2
1621239741000;11520114;0.86131;0.86143;0.86137;1;T;True;2
1621239742000;11520115;0.86131;0.86143;0.86137;0;T;True;2
1621239743000;11520118;0.86131;0.86143;0.86137;2;T;True;2
1621239744000;11520119;0.86131;0.86143;0.86137;0;T;True;2
1621239745000;11520120;0.86131;0.86143;0.86137;0;T;True;2
1621239746000;11520121;0.86131;0.86143;0.86137;0;T;True;2
1621239747000;11520122;0.86131;0.86143;0.86137;0;T;True;2
1621239748000;11520123;0.86131;0.86143;0.86137;0;T;True;2
1621239749000;11520124;0.86131;0.86143;0.86137;0;T;True;2
1621239750000;11520125;0.86131;0.86143;0.86137;0;T;True;2
1621239751000;11520126;0.86131;0.86143;0.86137;0;T;True;2
1621239752000;11520130;0.86128;0.8614;0.86134;3;T;True;2
1621239753000;11520132;0.86129;0.86141;0.86135;1;T;True;2
1621239754000;11520137;0.86128;0.8614;0.86134;4;T;True;2
1621239755000;11520139;0.86129;0.86141;0.86135;1;T;True;2
1621239756000;11520140;0.86129;0.86141;0.86135;0;T;True;2
1621239757000;11520141;0.86129;0.86141;0.86135;0;T;True;2
1621239758000;11520142;0.86129;0.86141;0.86135;0;T;True;2
1621239759000;11520143;0.86129;0.86141;0.86135;0;T;True;2
1621239760000;11520144;0.86129;0.86141;0.86135;0;T;True;2
1621239761000;11520145;0.86129;0.86141;0.86135;0;T;True;2
1621239762000;11520147;0.86129;0.86141;0.86135;1;T;True;2
1621239763000;11520148;0.86129;0.86141;0.86135;0;T;True;2
1621239764000;11520151;0.86129;0.86141;0.86135;2;T;True;2
1621239765000;11520155;0.86129;0.86141;0.86135;3;T;True;2
1621239766000;11520157;0.86128;0.8614;0.86134;1;T;True;2
1621239767000;11520159;0.86127;0.86139;0.86133;1;T;True;2
1621239768000;11520161;0.86127;0.86139;0.86133;1;T;True;2
1621239769000;11520163;0.86125;0.86137;0.86131;1;T;True;2
1621239770000;11520164;0.86125;0.86137;0.86131;0;T;True;2
1621239771000;11520165;0.86125;0.86137;0.86131;0;T;True;2
1621239772000;11520166;0.86125;0.86137;0.86131;0;T;True;2
1621239773000;11520167;0.86125;0.86137;0.86131;0;T;True;2
1621239774000;11520168;0.86125;0.86137;0.86131;0;T;True;2
1621239775000;11520169;0.86125;0.86137;0.86131;0;T;True;2
1621239776000;11520170;0.86125;0.86137;0.86131;0;T;True;2
1621239777000;11520171;0.86125;0.86137;0.86131;0;T;True;2
1621239778000;11520172;0.86125;0.86137;0.86131;0;T;True;2
1621239779000;11520174;0.86125;0.86137;0.86131;1;T;True;2
1621239780000;11520175;0.86125;0.86137;0.86131;0;T;True;2
1621239781000;11520177;0.86126;0.86138;0.86132;1;T;True;2
1621239782000;11520178;0.86126;0.86138;0.86132;0;T;True;2
1621239783000;11520179;0.86126;0.86138;0.86132;0;T;True;2
1621239784000;11520180;0.86126;0.86138;0.86132;0;T;True;2
1621239785000;11520183;0.86127;0.86139;0.86133;2;T;True;2
1621239786000;11520187;0.86129;0.86141;0.86135;3;T;True;2
1621239787000;11520189;0.86131;0.86143;0.86137;1;T;True;2
1621239788000;11520190;0.86131;0.86143;0.86137;0;T;True;2
1621239789000;11520191;0.86131;0.86143;0.86137;0;T;True;2
1621239790000;11520192;0.86131;0.86143;0.86137;0;T;True;2
1621239791000;11520193;0.86131;0.86143;0.86137;0;T;True;2
1621239792000;11520194;0.86131;0.86143;0.86137;0;T;True;2
1621239793000;11520195;0.86131;0.86143;0.86137;0;T;True;2
1621239794000;11520196;0.86131;0.86143;0.86137;0;T;True;2
1621239795000;11520197;0.86131;0.86143;0.86137;0;T;True;2
1621239796000;11520198;0.86131;0.86143;0.86137;0;T;True;2
1621239797000;11520201;0.86131;0.86143;0.86137;2;T;True;2
1621239798000;11520202;0.86131;0.86143;0.86137;0;T;True;2
1621239799000;11520204;0.86132;0.86144;0.86138;1;T;True;2
1621239800000;11520205;0.86132;0.86144;0.86138;0;T;True;2
1621239801000;11520206;0.86132;0.86144;0.86138;0;T;True;2
1621239802000;11520207;0.86132;0.86144;0.86138;0;T;True;2
1621239803000;11520208;0.86132;0.86144;0.86138;0;T;True;2
1621239804000;11520209;0.86132;0.86144;0.86138;0;T;True;2
1621239805000;11520210;0.86132;0.86144;0.86138;0;T;True;2
1621239806000;11520211;0.86132;0.86144;0.86138;0;T;True;2
1621239807000;11520212;0.86132;0.86144;0.86138;0;T;True;2
1621239808000;11520213;0.86132;0.86144;0.86138;0;T;True;2
1621239809000;11520214;0.86132;0.86144;0.86138;0;T;True;2
1621239810000;11520215;0.86132;0.86144;0.86138;0;T;True;2
1621239811000;11520217;0.86132;0.86144;0.86138;1;T;True;2
1621239812000;11520220;0.86133;0.86145;0.86139;2;T;True;2
1621239813000;11520221;0.86133;0.86145;0.86139;0;T;True;2
1621239814000;11520222;0.86133;0.86145;0.86139;0;T;True;2
1621239815000;11520223;0.86133;0.86145;0.86139;0;T;True;2
1621239816000;11520225;0.86133;0.86145;0.86139;1;T;True;2
1621239817000;11520226;0.86133;0.86145;0.86139;0;T;True;2
1621239818000;11520227;0.86133;0.86145;0.86139;0;T;True;2
1621239819000;11520228;0.86133;0.86145;0.86139;0;T;True;2
1621239820000;11520229;0.86133;0.86145;0.86139;0;T;True;2
1621239821000;11520230;0.86133;0.86145;0.86139;0;T;True;2
1621239822000;11520231;0.86133;0.86145;0.86139;0;T;True;2
1621239823000;11520232;0.86133;0.86145;0.86139;0;T;True;2
1621239824000;11520233;0.86133;0.86145;0.86139;0;T;True;2
1621239825000;11520234;0.86133;0.86145;0.86139;0;T;True;2
1621239826000;11520236;0.86132;0.86144;0.86138;1;T;True;2
1621239827000;11520238;0.86131;0.86143;0.86137;1;T;True;2
1621239828000;11520239;0.86131;0.86143;0.86137;0;T;True;2
1621239829000;11520240;0.86131;0.86143;0.86137;0;T;True;2
1621239830000;11520241;0.86131;0.86143;0.86137;0;T;True;2
1621239831000;11520242;0.86131;0.86143;0.86137;0;T;True;2
1621239832000;11520243;0.86131;0.86143;0.86137;0;T;True;2
1621239833000;11520244;0.86131;0.86143;0.86137;0;T;True;2
1621239834000;11520247;0.86131;0.86143;0.86137;2;T;True;2
1621239835000;11520248;0.86131;0.86143;0.86137;0;T;True;2
1621239836000;11520249;0.86131;0.86143;0.86137;0;T;True;2
1621239837000;11520250;0.86131;0.86143;0.86137;0;T;True;2
1621239838000;11520251;0.86131;0.86143;0.86137;0;T;True;2
1621239839000;11520252;0.86131;0.86143;0.86137;0;T;True;2
1621239840000;11520253;0.86131;0.86143;0.86137;0;T;True;2
1621239841000;11520254;0.86131;0.86143;0.86137;0;T;True;2
1621239842000;11520255;0.86131;0.86143;0.86137;0;T;True;2
1621239843000;11520259;0.86127;0.86139;0.86133;3;T;True;2
1621239844000;11520260;0.86127;0.86139;0.86133;0;T;True;2
1621239845000;11520263;0.86125;0.86137;0.86131;2;T;True;2
1621239846000;11520264;0.86125;0.86137;0.86131;0;T;True;2
1621239847000;11520265;0.86125;0.86137;0.86131;0;T;True;2
1621239848000;11520266;0.86125;0.86137;0.86131;0;T;True;2
1621239849000;11520268;0.86124;0.86136;0.8613;1;T;True;2
1621239850000;11520269;0.86124;0.86136;0.8613;0;T;True;2
1621239851000;11520270;0.86124;0.86136;0.8613;0;T;True;2
1621239852000;11520271;0.86124;0.86136;0.8613;0;T;True;2
1621239853000;11520272;0.86124;0.86136;0.8613;0;T;True;2
1621239854000;11520274;0.86123;0.86135;0.86129;1;T;True;2
1621239855000;11520278;0.86123;0.86135;0.86129;3;T;True;2
1621239856000;11520279;0.86123;0.86135;0.86129;0;T;True;2
1621239857000;11520280;0.86123;0.86135;0.86129;0;T;True;2
1621239858000;11520281;0.86123;0.86135;0.86129;0;T;True;2
1621239859000;11520282;0.86123;0.86135;0.86129;0;T;True;2
1621239860000;11520283;0.86123;0.86135;0.86129;0;T;True;2
1621239861000;11520284;0.86123;0.86135;0.86129;0;T;True;2
1621239862000;11520285;0.86123;0.86135;0.86129;0;T;True;2
1621239863000;11520286;0.86123;0.86135;0.86129;0;T;True;2
1621239864000;11520287;0.86123;0.86135;0.86129;0;T;True;2
1621239865000;11520288;0.86123;0.86135;0.86129;0;T;True;2
1621239866000;11520290;0.86122;0.86134;0.86128;1;T;True;2
1621239867000;11520291;0.86122;0.86134;0.86128;0;T;True;2
1621239868000;11520292;0.86122;0.86134;0.86128;0;T;True;2
1621239869000;11520294;0.86121;0.86133;0.86127;1;T;True;2
1621239870000;11520295;0.86121;0.86133;0.86127;0;T;True;2
1621239871000;11520296;0.86121;0.86133;0.86127;0;T;True;2
1621239872000;11520297;0.86121;0.86133;0.86127;0;T;True;2
1621239873000;11520300;0.86121;0.86133;0.86127;2;T;True;2
1621239874000;11520301;0.86121;0.86133;0.86127;0;T;True;2
1621239875000;11520302;0.86121;0.86133;0.86127;0;T;True;2
1621239876000;11520303;0.86121;0.86133;0.86127;0;T;True;2
1621239877000;11520304;0.86121;0.86133;0.86127;0;T;True;2
1621239878000;11520305;0.86121;0.86133;0.86127;0;T;True;2
1621239879000;11520306;0.86121;0.86133;0.86127;0;T;True;2
1621239880000;11520308;0.86121;0.86133;0.86127;1;T;True;2
1621239881000;11520311;0.86122;0.86134;0.86128;2;T;True;2
1621239882000;11520312;0.86122;0.86134;0.86128;0;T;True;2
1621239883000;11520314;0.86121;0.86133;0.86127;1;T;True;2
1621239884000;11520315;0.86121;0.86133;0.86127;0;T;True;2
1621239885000;11520317;0.86122;0.86134;0.86128;1;T;True;2
1621239886000;11520318;0.86122;0.86134;0.86128;0;T;True;2
1621239887000;11520323;0.86127;0.86139;0.86133;4;T;True;2
1621239888000;11520326;0.86127;0.86139;0.86133;2;T;True;2
1621239889000;11520328;0.86126;0.86138;0.86132;1;T;True;2
1621239890000;11520329;0.86126;0.86138;0.86132;0;T;True;2
1621239891000;11520330;0.86126;0.86138;0.86132;0;T;True;2
1621239892000;11520331;0.86126;0.86138;0.86132;0;T;True;2
1621239893000;11520332;0.86126;0.86138;0.86132;0;T;True;2
1621239894000;11520334;0.86127;0.86139;0.86133;1;T;True;2
1621239895000;11520335;0.86127;0.86139;0.86133;0;T;True;2
1621239896000;11520336;0.86127;0.86139;0.86133;0;T;True;2
1621239897000;11520340;0.86127;0.86139;0.86133;3;T;True;2
1621239898000;11520341;0.86127;0.86139;0.86133;0;T;True;2
1621239899000;11520342;0.86127;0.86139;0.86133;0;T;True;2
1621239900000;11520343;0.86127;0.86139;0.86133;0;T;True;2
1621239901000;11520344;0.86127;0.86139;0.86133;0;T;True;2
1621239902000;11520345;0.86127;0.86139;0.86133;0;T;True;2
1621239903000;11520346;0.86127;0.86139;0.86133;0;T;True;2
1621239904000;11520347;0.86127;0.86139;0.86133;0;T;True;2
1621239905000;11520348;0.86127;0.86139;0.86133;0;T;True;2
1621239906000;11520349;0.86127;0.86139;0.86133;0;T;True;2
1621239907000;11520350;0.86127;0.86139;0.86133;0;T;True;2
1621239908000;11520351;0.86127;0.86139;0.86133;0;T;True;2
1621239909000;11520353;0.86127;0.86139;0.86133;1;T;True;2
1621239910000;11520356;0.86128;0.8614;0.86134;2;T;True;2
1621239911000;11520357;0.86128;0.8614;0.86134;0;T;True;2
1621239912000;11520360;0.86128;0.8614;0.86134;2;T;True;2
1621239913000;11520362;0.86128;0.8614;0.86134;1;T;True;2
1621239914000;11520365;0.86128;0.8614;0.86134;2;T;True;2
1621239915000;11520367;0.86129;0.86141;0.86135;1;T;True;2
1621239916000;11520369;0.86129;0.86141;0.86135;1;T;True;2
1621239917000;11520370;0.86129;0.86141;0.86135;0;T;True;2
1621239918000;11520372;0.8613;0.86142;0.86136;1;T;True;2
1621239919000;11520373;0.8613;0.86142;0.86136;0;T;True;2
1621239920000;11520374;0.8613;0.86142;0.86136;0;T;True;2
1621239921000;11520375;0.8613;0.86142;0.86136;0;T;True;2
1621239922000;11520376;0.8613;0.86142;0.86136;0;T;True;2
1621239923000;11520377;0.8613;0.86142;0.86136;0;T;True;2
1621239924000;11520378;0.8613;0.86142;0.86136;0;T;True;2
1621239925000;11520380;0.86131;0.86143;0.86137;1;T;True;2
1621239926000;11520382;0.86131;0.86143;0.86137;1;T;True;2
1621239927000;11520383;0.86131;0.86143;0.86137;0;T;True;2
1621239928000;11520384;0.86131;0.86143;0.86137;0;T;True;2
1621239929000;11520385;0.86131;0.86143;0.86137;0;T;True;2
1621239930000;11520386;0.86131;0.86143;0.86137;0;T;True;2
1621239931000;11520391;0.86128;0.8614;0.86134;4;T;True;2
1621239932000;11520397;0.86123;0.86135;0.86129;5;T;True;2
1621239933000;11520399;0.86123;0.86135;0.86129;1;T;True;2
1621239934000;11520400;0.86123;0.86135;0.86129;0;T;True;2
1621239935000;11520401;0.86123;0.86135;0.86129;0;T;True;2
1621239936000;11520402;0.86123;0.86135;0.86129;0;T;True;2
1621239937000;11520403;0.86123;0.86135;0.86129;0;T;True;2
1621239938000;11520406;0.86125;0.86137;0.86131;2;T;True;2
1621239939000;11520407;0.86125;0.86137;0.86131;0;T;True;2
1621239940000;11520408;0.86125;0.86137;0.86131;0;T;True;2
1621239941000;11520409;0.86125;0.86137;0.86131;0;T;True;2
1621239942000;11520411;0.86125;0.86137;0.86131;1;T;True;2
1621239943000;11520420;0.86135;0.86147;0.86141;8;T;True;2
1621239944000;11520425;0.86139;0.86151;0.86145;4;T;True;2
1621239945000;11520426;0.86139;0.86151;0.86145;0;T;True;2
1621239946000;11520427;0.86139;0.86151;0.86145;0;T;True;2
1621239947000;11520428;0.86139;0.86151;0.86145;0;T;True;2
1621239948000;11520431;0.8614;0.86152;0.86146;2;T;True;2
1621239949000;11520432;0.8614;0.86152;0.86146;0;T;True;2
1621239950000;11520433;0.8614;0.86152;0.86146;0;T;True;2
1621239951000;11520434;0.8614;0.86152;0.86146;0;T;True;2
1621239952000;11520439;0.86137;0.86149;0.86143;4;T;True;2
1621239953000;11520440;0.86137;0.86149;0.86143;0;T;True;2
1621239954000;11520442;0.86135;0.86147;0.86141;1;T;True;2
1621239955000;11520444;0.86135;0.86147;0.86141;1;T;True;2
1621239956000;11520446;0.86135;0.86147;0.86141;1;T;True;2
1621239957000;11520447;0.86135;0.86147;0.86141;0;T;True;2
1621239958000;11520448;0.86135;0.86147;0.86141;0;T;True;2
1621239959000;11520452;0.86133;0.86145;0.86139;3;T;True;2
1621239960000;11520453;0.86133;0.86145;0.86139;0;T;True;2
1621239961000;11520454;0.86133;0.86145;0.86139;0;T;True;2
1621239962000;11520458;0.86133;0.86145;0.86139;3;T;True;2
1621239963000;11520459;0.86133;0.86145;0.86139;0;T;True;2
1621239964000;11520460;0.86133;0.86145;0.86139;0;T;True;2
1621239965000;11520464;0.86135;0.86147;0.86141;3;T;True;2
1621239966000;11520465;0.86135;0.86147;0.86141;0;T;True;2
1621239967000;11520466;0.86135;0.86147;0.86141;0;T;True;2
1621239968000;11520467;0.86135;0.86147;0.86141;0;T;True;2
1621239969000;11520469;0.86135;0.86147;0.86141;1;T;True;2
1621239970000;11520470;0.86135;0.86147;0.86141;0;T;True;2
1621239971000;11520473;0.86135;0.86147;0.86141;2;T;True;2
1621239972000;11520475;0.86135;0.86147;0.86141;1;T;True;2
1621239973000;11520476;0.86135;0.86147;0.86141;0;T;True;2
1621239974000;11520477;0.86135;0.86147;0.86141;0;T;True;2
1621239975000;11520482;0.86135;0.86147;0.86141;4;T;True;2
1621239976000;11520485;0.86135;0.86147;0.86141;2;T;True;2
1621239977000;11520486;0.86135;0.86147;0.86141;0;T;True;2
1621239978000;11520488;0.86134;0.86146;0.8614;1;T;True;2
1621239979000;11520489;0.86134;0.86146;0.8614;0;T;True;2
1621239980000;11520490;0.86134;0.86146;0.8614;0;T;True;2
1621239981000;11520492;0.86132;0.86144;0.86138;1;T;True;2
1621239982000;11520493;0.86132;0.86144;0.86138;0;T;True;2
1621239983000;11520494;0.86132;0.86144;0.86138;0;T;True;2
1621239984000;11520498;0.86133;0.86145;0.86139;3;T;True;2
1621239985000;11520499;0.86133;0.86145;0.86139;0;T;True;2
1621239986000;11520500;0.86133;0.86145;0.86139;0;T;True;2
1621239987000;11520501;0.86133;0.86145;0.86139;0;T;True;2
1621239988000;11520503;0.86133;0.86145;0.86139;1;T;True;2
1621239989000;11520504;0.86133;0.86145;0.86139;0;T;True;2
