ts;n;bid;ask;value;volume;phase;round;active_id
1621236462000;11512977;0.86057;0.86069;0.86063;1;T;True;2
1621236463000;11512979;0.86057;0.86069;0.86063;1;T;True;2
1621236464000;11512980;0.86057;0.86069;0.86063;0;T;True;2
1621236465000;11512981;0.86057;0.86069;0.86063;0;T;True;2
1621236466000;11512982;0.86057;0.86069;0.86063;0;T;True;2
1621236467000;11512983;0.86057;0.86069;0.86063;0;T;True;2
1621236468000;11512984;0.86057;0.86069;0.86063;0;T;True;2
1621236469000;11512985;0.86057;0.86069;0.86063;0;T;True;2
1621236470000;11512986;0.86057;0.86069;0.86063;0;T;True;2
1621236471000;11512987;0.86057;0.86069;0.86063;0;T;True;2
1621236472000;11512991;0.86057;0.86069;0.86063;3;T;True;2
1621236473000;11512995;0.86057;0.86069;0.86063;3;T;True;2
1621236474000;11512996;0.86057;0.86069;0.86063;0;T;True;2
1621236475000;11512998;0.86057;0.86069;0.86063;1;T;True;2
1621236476000;11512999;0.86057;0.86069;0.86063;0;T;True;2
1621236477000;11513001;0.86057;0.86069;0.86063;1;T;True;2
1621236478000;11513003;0.86057;0.86069;0.86063;1;T;True;2
1621236479000;11513004;0.86057;0.86069;0.86063;0;T;True;2
1621236480000;11513005;0.86057;0.86069;0.86063;0;T;True;2
1621236481000;11513006;0.86057;0.86069;0.86063;0;T;True;2
1621236482000;11513013;0.86057;0.86069;0.86063;6;T;True;2
1621236483000;11513014;0.86057;0.86069;0.86063;0;T;True;2
1621236484000;11513016;0.86057;0.86069;0.86063;1;T;True;2
1621236485000;11513017;0.86057;0.86069;0.86063;0;T;True;2
1621236486000;11513018;0.86057;0.86069;0.86063;0;T;True;2
1621236487000;11513019;0.86057;0.86069;0.86063;0;T;True;2
1621236488000;11513020;0.86057;0.86069;0.86063;0;T;True;2
1621236489000;11513021;0.86057;0.86069;0.86063;0;T;True;2
1621236490000;11513022;0.86057;0.86069;0.86063;0;T;True;2
1621236491000;11513023;0.86057;0.86069;0.86063;0;T;True;2
1621236492000;11513024;0.86057;0.86069;0.86063;0;T;True;2
1621236493000;11513026;0.86057;0.86069;0.86063;1;T;True;2
1621236494000;11513027;0.86057;0.86069;0.86063;0;T;True;2
1621236495000;11513030;0.86057;0.86069;0.86063;2;T;True;2
1621236496000;11513032;0.86057;0.86069;0.86063;1;T;True;2
1621236497000;11513035;0.86057;0.86069;0.86063;2;T;True;2
1621236498000;11513038;0.86057;0.86069;0.86063;2;T;True;2
1621236499000;11513040;0.86057;0.86069;0.86063;1;T;True;2
1621236500000;11513043;0.86057;0.86069;0.86063;2;T;True;2
1621236501000;11513044;0.86057;0.86069;0.86063;0;T;True;2
1621236502000;11513050;0.86055;0.86067;0.86061;5;T;True;2
1621236503000;11513051;0.86055;0.86067;0.86061;0;T;True;2
1621236504000;11513052;0.86055;0.86067;0.86061;0;T;True;2
1621236505000;11513060;0.86049;0.86061;0.86055;7;T;True;2
1621236506000;11513062;0.86049;0.86061;0.86055;1;T;True;2
1621236507000;11513067;0.86047;0.86059;0.86053;4;T;True;2
1621236508000;11513068;0.86047;0.86059;0.86053;0;T;True;2
1621236509000;11513069;0.86047;0.86059;0.86053;0;T;True;2
1621236510000;11513070;0.86047;0.86059;0.86053;0;T;True;2
1621236511000;11513071;0.86047;0.86059;0.86053;0;T;True;2
1621236512000;11513072;0.86047;0.86059;0.86053;0;T;True;2
1621236513000;11513077;0.86047;0.86059;0.86053;4;T;True;2
1621236514000;11513079;0.86047;0.86059;0.86053;1;T;True;2
1621236515000;11513082;0.86046;0.86058;0.86052;2;T;True;2
1621236516000;11513085;0.86045;0.86057;0.86051;2;T;True;2
1621236517000;11513089;0.86043;0.86055;0.86049;3;T;True;2
1621236518000;11513090;0.86043;0.86055;0.86049;0;T;True;2
1621236519000;11513091;0.86043;0.86055;0.86049;0;T;True;2
1621236520000;11513094;0.86045;0.86057;0.86051;2;T;True;2
1621236521000;11513096;0.86045;0.86057;0.86051;1;T;True;2
1621236522000;11513097;0.86045;0.86057;0.86051;0;T;True;2
1621236523000;11513098;0.86045;0.86057;0.86051;0;T;True;2
1621236524000;11513100;0.86045;0.86057;0.86051;1;T;True;2
1621236525000;11513101;0.86045;0.86057;0.86051;0;T;True;2
1621236526000;11513104;0.86045;0.86057;0.86051;2;T;True;2
1621236527000;11513105;0.86045;0.86057;0.86051;0;T;True;2
1621236528000;11513111;0.86051;0.86063;0.86057;5;T;True;2
1621236529000;11513118;0.86056;0.86068;0.86062;6;T;True;2
1621236530000;11513119;0.86056;0.86068;0.86062;0;T;True;2
1621236531000;11513120;0.86056;0.86068;0.86062;0;T;True;2
1621236532000;11513121;0.86056;0.86068;0.86062;0;T;True;2
1621236533000;11513124;0.86055;0.86067;0.86061;2;T;True;2
1621236534000;11513125;0.86055;0.86067;0.86061;0;T;True;2
1621236535000;11513129;0.86057;0.86069;0.86063;3;T;True;2
1621236536000;11513131;0.86057;0.86069;0.86063;1;T;True;2
1621236537000;11513133;0.86056;0.86068;0.86062;1;T;True;2
1621236538000;11513134;0.86056;0.86068;0.86062;0;T;True;2
1621236539000;11513136;0.86057;0.86069;0.86063;1;T;True;2
1621236540000;11513137;0.86057;0.86069;0.86063;0;T;True;2
1621236541000;11513139;0.86057;0.86069;0.86063;1;T;True;2
1621236542000;11513150;0.8606;0.86072;0.86066;10;T;True;2
1621236543000;11513157;0.86061;0.86073;0.86067;6;T;True;2
1621236544000;11513159;0.86061;0.86073;0.86067;1;T;True;2
1621236545000;11513163;0.8606;0.86072;0.86066;3;T;True;2
1621236546000;11513167;0.86061;0.86073;0.86067;3;T;True;2
1621236547000;11513169;0.86061;0.86073;0.86067;1;T;True;2
1621236548000;11513170;0.86061;0.86073;0.86067;0;T;True;2
1621236549000;11513171;0.86061;0.86073;0.86067;0;T;True;2
1621236550000;11513174;0.86062;0.86074;0.86068;2;T;True;2
1621236551000;11513178;0.86063;0.86075;0.86069;3;T;True;2
1621236552000;11513185;0.86061;0.86073;0.86067;6;T;True;2
1621236553000;11513187;0.86061;0.86073;0.86067;1;T;True;2
1621236554000;11513188;0.86061;0.86073;0.86067;0;T;True;2
1621236555000;11513189;0.86061;0.86073;0.86067;0;T;True;2
1621236556000;11513194;0.86059;0.86071;0.86065;4;T;True;2
1621236557000;11513200;0.86057;0.86069;0.86063;5;T;True;2
1621236558000;11513201;0.86057;0.86069;0.86063;0;T;True;2
1621236559000;11513202;0.86057;0.86069;0.86063;0;T;True;2
1621236560000;11513203;0.86057;0.86069;0.86063;0;T;True;2
1621236561000;11513206;0.86057;0.86069;0.86063;2;T;True;2
1621236562000;11513207;0.86057;0.86069;0.86063;0;T;True;2
1621236563000;11513208;0.86057;0.86069;0.86063;0;T;True;2
1621236564000;11513209;0.86057;0.86069;0.86063;0;T;True;2
1621236565000;11513216;0.86057;0.86069;0.86063;6;T;True;2
1621236566000;11513217;0.86057;0.86069;0.86063;0;T;True;2
1621236567000;11513218;0.86057;0.86069;0.86063;0;T;True;2
1621236568000;11513219;0.86057;0.86069;0.86063;0;T;True;2
1621236569000;11513222;0.86056;0.86068;0.86062;2;T;True;2
1621236570000;11513225;0.86055;0.86067;0.86061;2;T;True;2
1621236571000;11513230;0.86052;0.86064;0.86058;4;T;True;2
1621236572000;11513231;0.86052;0.86064;0.86058;0;T;True;2
1621236573000;11513232;0.86052;0.86064;0.86058;0;T;True;2
1621236574000;11513234;0.86053;0.86065;0.86059;1;T;True;2
1621236575000;11513237;0.86051;0.86063;0.86057;2;T;True;2
1621236576000;11513242;0.86048;0.8606;0.86054;4;T;True;2
1621236577000;11513243;0.86048;0.8606;0.86054;0;T;True;2
1621236578000;11513245;0.86047;0.86059;0.86053;1;T;True;2
1621236579000;11513253;0.86049;0.86061;0.86055;7;T;True;2
1621236580000;11513262;0.86042;0.86054;0.86048;8;T;True;2
1621236581000;11513275;0.86037;0.86049;0.86043;12;T;True;2
1621236582000;11513276;0.86037;0.86049;0.86043;0;T;True;2
1621236583000;11513279;0.86037;0.86049;0.86043;2;T;True;2
1621236584000;11513280;0.86037;0.86049;0.86043;0;T;True;2
1621236585000;11513281;0.86037;0.86049;0.86043;0;T;True;2
1621236586000;11513290;0.86041;0.86053;0.86047;8;T;True;2
1621236587000;11513295;0.86041;0.86053;0.86047;4;T;True;2
1621236588000;11513296;0.86041;0.86053;0.86047;0;T;True;2
1621236589000;11513299;0.86043;0.86055;0.86049;2;T;True;2
1621236590000;11513302;0.86044;0.86056;0.8605;2;T;True;2
1621236591000;11513307;0.86044;0.86056;0.8605;4;T;True;2
1621236592000;11513310;0.86045;0.86057;0.86051;2;T;True;2
1621236593000;11513313;0.86045;0.86057;0.86051;2;T;True;2
1621236594000;11513323;0.8605;0.86062;0.86056;9;T;True;2
1621236595000;11513326;0.86049;0.86061;0.86055;2;T;True;2
1621236596000;11513328;0.86049;0.86061;0.86055;1;T;True;2
1621236597000;11513330;0.86049;0.86061;0.86055;1;T;True;2
1621236598000;11513331;0.86049;0.86061;0.86055;0;T;True;2
1621236599000;11513332;0.86049;0.86061;0.86055;0;T;True;2
1621236600000;11513333;0.86049;0.86061;0.86055;0;T;True;2
1621236601000;11513338;0.86048;0.8606;0.86054;4;T;True;2
1621236602000;11513342;0.8605;0.86062;0.86056;3;T;True;2
1621236603000;11513347;0.86053;0.86065;0.86059;4;T;True;2
1621236604000;11513349;0.86052;0.86064;0.86058;1;T;True;2
1621236605000;11513353;0.8605;0.86062;0.86056;3;T;True;2
1621236606000;11513356;0.86049;0.86061;0.86055;2;T;True;2
1621236607000;11513361;0.86049;0.86061;0.86055;4;T;True;2
1621236608000;11513362;0.86049;0.86061;0.86055;0;T;True;2
1621236609000;11513363;0.86049;0.86061;0.86055;0;T;True;2
1621236610000;11513365;0.86049;0.86061;0.86055;1;T;True;2
1621236611000;11513369;0.86051;0.86063;0.86057;3;T;True;2
1621236612000;11513372;0.86051;0.86063;0.86057;2;T;True;2
1621236613000;11513374;0.86051;0.86063;0.86057;1;T;True;2
1621236614000;11513377;0.86053;0.86065;0.86059;2;T;True;2
1621236615000;11513379;0.86053;0.86065;0.86059;1;T;True;2
1621236616000;11513380;0.86053;0.86065;0.86059;0;T;True;2
1621236617000;11513395;0.86043;0.86055;0.86049;14;T;True;2
1621236618000;11513396;0.86043;0.86055;0.86049;0;T;True;2
1621236619000;11513400;0.86042;0.86054;0.86048;3;T;True;2
1621236620000;11513402;0.86043;0.86055;0.86049;1;T;True;2
1621236621000;11513405;0.86041;0.86053;0.86047;2;T;True;2
1621236622000;11513407;0.86041;0.86053;0.86047;1;T;True;2
1621236623000;11513408;0.86041;0.86053;0.86047;0;T;True;2
1621236624000;11513412;0.86039;0.86051;0.86045;3;T;True;2
1621236625000;11513413;0.86039;0.86051;0.86045;0;T;True;2
1621236626000;11513414;0.86039;0.86051;0.86045;0;T;True;2
1621236627000;11513415;0.86039;0.86051;0.86045;0;T;True;2
1621236628000;11513416;0.86039;0.86051;0.86045;0;T;True;2
1621236629000;11513419;0.86039;0.86051;0.86045;2;T;True;2
1621236630000;11513420;0.86039;0.86051;0.86045;0;T;True;2
1621236631000;11513422;0.86037;0.86049;0.86043;1;T;True;2
1621236632000;11513427;0.86037;0.86049;0.86043;4;T;True;2
1621236633000;11513430;0.86037;0.86049;0.86043;2;T;True;2
1621236634000;11513433;0.86035;0.86047;0.86041;2;T;True;2
1621236635000;11513434;0.86035;0.86047;0.86041;0;T;True;2
1621236636000;11513438;0.86035;0.86047;0.86041;3;T;True;2
1621236637000;11513439;0.86035;0.86047;0.86041;0;T;True;2
1621236638000;11513441;0.86035;0.86047;0.86041;1;T;True;2
1621236639000;11513442;0.86035;0.86047;0.86041;0;T;True;2
1621236640000;11513444;0.86035;0.86047;0.86041;1;T;True;2
1621236641000;11513447;0.86035;0.86047;0.86041;2;T;True;2
1621236642000;11513448;0.86035;0.86047;0.86041;0;T;True;2
1621236643000;11513451;0.86035;0.86047;0.86041;2;T;True;2
1621236644000;11513460;0.86041;0.86053;0.86047;8;T;True;2
1621236645000;11513462;0.86041;0.86053;0.86047;1;T;True;2
1621236646000;11513466;0.86041;0.86053;0.86047;3;T;True;2
1621236647000;11513468;0.86041;0.86053;0.86047;1;T;True;2
1621236648000;11513472;0.8604;0.86052;0.86046;3;T;True;2
1621236649000;11513480;0.86037;0.86049;0.86043;7;T;True;2
1621236650000;11513481;0.86037;0.86049;0.86043;0;T;True;2
1621236651000;11513482;0.86037;0.86049;0.86043;0;T;True;2
1621236652000;11513486;0.86039;0.86051;0.86045;3;T;True;2
1621236653000;11513489;0.8604;0.86052;0.86046;2;T;True;2
1621236654000;11513490;0.8604;0.86052;0.86046;0;T;True;2
1621236655000;11513491;0.8604;0.86052;0.86046;0;T;True;2
1621236656000;11513492;0.8604;0.86052;0.86046;0;T;True;2
1621236657000;11513493;0.8604;0.86052;0.86046;0;T;True;2
1621236658000;11513494;0.8604;0.86052;0.86046;0;T;True;2
1621236659000;11513495;0.8604;0.86052;0.86046;0;T;True;2
1621236660000;11513503;0.86036;0.86048;0.86042;7;T;True;2
1621236661000;11513507;0.86036;0.86048;0.86042;3;T;True;2
1621236662000;11513512;0.86037;0.86049;0.86043;4;T;True;2
1621236663000;11513513;0.86037;0.86049;0.86043;0;T;True;2
1621236664000;11513514;0.86037;0.86049;0.86043;0;T;True;2
1621236665000;11513515;0.86037;0.86049;0.86043;0;T;True;2
1621236666000;11513517;0.86037;0.86049;0.86043;1;T;True;2
1621236667000;11513524;0.86039;0.86051;0.86045;6;T;True;2
1621236668000;11513525;0.86039;0.86051;0.86045;0;T;True;2
1621236669000;11513526;0.86039;0.86051;0.86045;0;T;True;2
1621236670000;11513530;0.86037;0.86049;0.86043;3;T;True;2
1621236671000;11513537;0.86034;0.86046;0.8604;6;T;True;2
1621236672000;11513538;0.86034;0.86046;0.8604;0;T;True;2
1621236673000;11513541;0.86034;0.86046;0.8604;2;T;True;2
1621236674000;11513545;0.86033;0.86045;0.86039;3;T;True;2
1621236675000;11513555;0.86031;0.86043;0.86037;9;T;True;2
1621236676000;11513565;0.86029;0.86041;0.86035;9;T;True;2
1621236677000;11513568;0.86029;0.86041;0.86035;2;T;True;2
1621236678000;11513575;0.86029;0.86041;0.86035;6;T;True;2
1621236679000;11513579;0.86029;0.86041;0.86035;3;T;True;2
1621236680000;11513582;0.86028;0.8604;0.86034;2;T;True;2
1621236681000;11513583;0.86028;0.8604;0.86034;0;T;True;2
1621236682000;11513585;0.86028;0.8604;0.86034;1;T;True;2
1621236683000;11513588;0.86028;0.8604;0.86034;2;T;True;2
1621236684000;11513590;0.86027;0.86039;0.86033;1;T;True;2
1621236685000;11513595;0.86027;0.86039;0.86033;4;T;True;2
1621236686000;11513596;0.86027;0.86039;0.86033;0;T;True;2
1621236687000;11513597;0.86027;0.86039;0.86033;0;T;True;2
1621236688000;11513603;0.86031;0.86043;0.86037;5;T;True;2
1621236689000;11513606;0.86031;0.86043;0.86037;2;T;True;2
1621236690000;11513608;0.86031;0.86043;0.86037;1;T;True;2
1621236691000;11513611;0.86031;0.86043;0.86037;2;T;True;2
1621236692000;11513612;0.86031;0.86043;0.86037;0;T;True;2
1621236693000;11513613;0.86031;0.86043;0.86037;0;T;True;2
1621236694000;11513616;0.86031;0.86043;0.86037;2;T;True;2
1621236695000;11513620;0.86027;0.86039;0.86033;3;T;True;2
1621236696000;11513621;0.86027;0.86039;0.86033;0;T;True;2
1621236697000;11513624;0.86027;0.86039;0.86033;2;T;True;2
1621236698000;11513626;0.86027;0.86039;0.86033;1;T;True;2
1621236699000;11513628;0.86027;0.86039;0.86033;1;T;True;2
1621236700000;11513629;0.86027;0.86039;0.86033;0;T;True;2
1621236701000;11513630;0.86027;0.86039;0.86033;0;T;True;2
1621236702000;11513632;0.86027;0.86039;0.86033;1;T;True;2
1621236703000;11513634;0.86027;0.86039;0.86033;1;T;True;2
1621236704000;11513636;0.86028;0.8604;0.86034;1;T;True;2
1621236705000;11513638;0.86027;0.86039;0.86033;1;T;True;2
1621236706000;11513642;0.86026;0.86038;0.86032;3;T;True;2
1621236707000;11513647;0.86025;0.86037;0.86031;4;T;True;2
1621236708000;11513650;0.86025;0.86037;0.86031;2;T;True;2
1621236709000;11513654;0.86025;0.86037;0.86031;3;T;True;2
1621236710000;11513656;0.86025;0.86037;0.86031;1;T;True;2
1621236711000;11513658;0.86023;0.86035;0.86029;1;T;True;2
1621236712000;11513661;0.86025;0.86037;0.86031;2;T;True;2
1621236713000;11513664;0.86025;0.86037;0.86031;2;T;True;2
1621236714000;11513665;0.86025;0.86037;0.86031;0;T;True;2
1621236715000;11513668;0.86025;0.86037;0.86031;2;T;True;2
1621236716000;11513670;0.86025;0.86037;0.86031;1;T;True;2
1621236717000;11513671;0.86025;0.86037;0.86031;0;T;True;2
1621236718000;11513677;0.86023;0.86035;0.86029;5;T;True;2
1621236719000;11513678;0.86023;0.86035;0.86029;0;T;True;2
1621236720000;11513679;0.86023;0.86035;0.86029;0;T;True;2
1621236721000;11513682;0.86022;0.86034;0.86028;2;T;True;2
1621236722000;11513683;0.86022;0.86034;0.86028;0;T;True;2
1621236723000;11513687;0.86024;0.86036;0.8603;3;T;True;2
1621236724000;11513693;0.86025;0.86037;0.86031;5;T;True;2
1621236725000;11513695;0.86025;0.86037;0.86031;1;T;True;2
1621236726000;11513697;0.86024;0.86036;0.8603;1;T;True;2
1621236727000;11513698;0.86024;0.86036;0.8603;0;T;True;2
1621236728000;11513699;0.86024;0.86036;0.8603;0;T;True;2
1621236729000;11513700;0.86024;0.86036;0.8603;0;T;True;2
1621236730000;11513701;0.86024;0.86036;0.8603;0;T;True;2
1621236731000;11513702;0.86024;0.86036;0.8603;0;T;True;2
1621236732000;11513703;0.86024;0.86036;0.8603;0;T;True;2
1621236733000;11513711;0.86023;0.86035;0.86029;7;T;True;2
1621236734000;11513713;0.86023;0.86035;0.86029;1;T;True;2
1621236735000;11513714;0.86023;0.86035;0.86029;0;T;True;2
1621236736000;11513715;0.86023;0.86035;0.86029;0;T;True;2
1621236737000;11513717;0.86024;0.86036;0.8603;1;T;True;2
1621236738000;11513718;0.86024;0.86036;0.8603;0;T;True;2
1621236739000;11513721;0.86024;0.86036;0.8603;2;T;True;2
1621236740000;11513723;0.86023;0.86035;0.86029;1;T;True;2
1621236741000;11513724;0.86023;0.86035;0.86029;0;T;True;2
1621236742000;11513725;0.86023;0.86035;0.86029;0;T;True;2
1621236743000;11513726;0.86023;0.86035;0.86029;0;T;True;2
1621236744000;11513730;0.86021;0.86033;0.86027;3;T;True;2
1621236745000;11513733;0.86023;0.86035;0.86029;2;T;True;2
1621236746000;11513734;0.86023;0.86035;0.86029;0;T;True;2
1621236747000;11513735;0.86023;0.86035;0.86029;0;T;True;2
1621236748000;11513736;0.86023;0.86035;0.86029;0;T;True;2
1621236749000;11513738;0.86023;0.86035;0.86029;1;T;True;2
1621236750000;11513741;0.86023;0.86035;0.86029;2;T;True;2
1621236751000;11513744;0.86022;0.86034;0.86028;2;T;True;2
1621236752000;11513748;0.86023;0.86035;0.86029;3;T;True;2
1621236753000;11513751;0.86023;0.86035;0.86029;2;T;True;2
1621236754000;11513752;0.86023;0.86035;0.86029;0;T;True;2
1621236755000;11513754;0.86023;0.86035;0.86029;1;T;True;2
1621236756000;11513756;0.86023;0.86035;0.86029;1;T;True;2
1621236757000;11513757;0.86023;0.86035;0.86029;0;T;True;2
1621236758000;11513758;0.86023;0.86035;0.86029;0;T;True;2
1621236759000;11513759;0.86023;0.86035;0.86029;0;T;True;2
1621236760000;11513760;0.86023;0.86035;0.86029;0;T;True;2
1621236761000;11513764;0.86023;0.86035;0.86029;3;T;True;2
1621236762000;11513766;0.86023;0.86035;0.86029;1;T;True;2
1621236763000;11513769;0.86024;0.86036;0.8603;2;T;True;2
1621236764000;11513771;0.86023;0.86035;0.86029;1;T;True;2
1621236765000;11513772;0.86023;0.86035;0.86029;0;T;True;2
1621236766000;11513773;0.86023;0.86035;0.86029;0;T;True;2
1621236767000;11513774;0.86023;0.86035;0.86029;0;T;True;2
1621236768000;11513775;0.86023;0.86035;0.86029;0;T;True;2
1621236769000;11513776;0.86023;0.86035;0.86029;0;T;True;2
1621236770000;11513777;0.86023;0.86035;0.86029;0;T;True;2
1621236771000;11513778;0.86023;0.86035;0.86029;0;T;True;2
1621236772000;11513779;0.86023;0.86035;0.86029;0;T;True;2
1621236773000;11513780;0.86023;0.86035;0.86029;0;T;True;2
1621236774000;11513784;0.86021;0.86033;0.86027;3;T;True;2
1621236775000;11513786;0.86021;0.86033;0.86027;1;T;True;2
1621236776000;11513787;0.86021;0.86033;0.86027;0;T;True;2
1621236777000;11513789;0.86021;0.86033;0.86027;1;T;True;2
1621236778000;11513792;0.86022;0.86034;0.86028;2;T;True;2
1621236779000;11513794;0.86023;0.86035;0.86029;1;T;True;2
1621236780000;11513795;0.86023;0.86035;0.86029;0;T;True;2
1621236781000;11513799;0.86023;0.86035;0.86029;3;T;True;2
1621236782000;11513806;0.86025;0.86037;0.86031;6;T;True;2
1621236783000;11513807;0.86025;0.86037;0.86031;0;T;True;2
1621236784000;11513813;0.86027;0.86039;0.86033;5;T;True;2
1621236785000;11513814;0.86027;0.86039;0.86033;0;T;True;2
1621236786000;11513815;0.86027;0.86039;0.86033;0;T;True;2
1621236787000;11513816;0.86027;0.86039;0.86033;0;T;True;2
1621236788000;11513817;0.86027;0.86039;0.86033;0;T;True;2
1621236789000;11513819;0.86027;0.86039;0.86033;1;T;True;2
1621236790000;11513824;0.86025;0.86037;0.86031;4;T;True;2
1621236791000;11513826;0.86025;0.86037;0.86031;1;T;True;2
1621236792000;11513827;0.86025;0.86037;0.86031;0;T;True;2
1621236793000;11513828;0.86025;0.86037;0.86031;0;T;True;2
1621236794000;11513830;0.86025;0.86037;0.86031;1;T;True;2
1621236795000;11513831;0.86025;0.86037;0.86031;0;T;True;2
1621236796000;11513833;0.86024;0.86036;0.8603;1;T;True;2
1621236797000;11513835;0.86025;0.86037;0.86031;1;T;True;2
1621236798000;11513838;0.86025;0.86037;0.86031;2;T;True;2
1621236799000;11513842;0.86025;0.86037;0.86031;3;T;True;2
1621236800000;11513844;0.86025;0.86037;0.86031;1;T;True;2
1621236801000;11513847;0.86025;0.86037;0.86031;2;T;True;2
1621236802000;11513851;0.86025;0.86037;0.86031;3;T;True;2
1621236803000;11513856;0.86026;0.86038;0.86032;4;T;True;2
1621236804000;11513857;0.86026;0.86038;0.86032;0;T;True;2
1621236805000;11513858;0.86026;0.86038;0.86032;0;T;True;2
1621236806000;11513859;0.86026;0.86038;0.86032;0;T;True;2
1621236807000;11513861;0.86025;0.86037;0.86031;1;T;True;2
1621236808000;11513863;0.86025;0.86037;0.86031;1;T;True;2
1621236809000;11513864;0.86025;0.86037;0.86031;0;T;True;2
1621236810000;11513872;0.86025;0.86037;0.86031;7;T;True;2
1621236811000;11513874;0.86025;0.86037;0.86031;1;T;True;2
1621236812000;11513876;0.86025;0.86037;0.86031;1;T;True;2
1621236813000;11513879;0.86027;0.86039;0.86033;2;T;True;2
1621236814000;11513883;0.86029;0.86041;0.86035;3;T;True;2
1621236815000;11513884;0.86029;0.86041;0.86035;0;T;True;2
1621236816000;11513885;0.86029;0.86041;0.86035;0;T;True;2
1621236817000;11513888;0.86027;0.86039;0.86033;2;T;True;2
1621236818000;11513890;0.86025;0.86037;0.86031;1;T;True;2
1621236819000;11513891;0.86025;0.86037;0.86031;0;T;True;2
1621236820000;11513893;0.86025;0.86037;0.86031;1;T;True;2
1621236821000;11513895;0.86025;0.86037;0.86031;1;T;True;2
1621236822000;11513897;0.86024;0.86036;0.8603;1;T;True;2
1621236823000;11513898;0.86024;0.86036;0.8603;0;T;True;2
1621236824000;11513899;0.86024;0.86036;0.8603;0;T;True;2
1621236825000;11513900;0.86024;0.86036;0.8603;0;T;True;2
1621236826000;11513901;0.86024;0.86036;0.8603;0;T;True;2
1621236827000;11513902;0.86024;0.86036;0.8603;0;T;True;2
1621236828000;11513903;0.86024;0.86036;0.8603;0;T;True;2
1621236829000;11513904;0.86024;0.86036;0.8603;0;T;True;2
1621236830000;11513907;0.86025;0.86037;0.86031;2;T;True;2
1621236831000;11513909;0.86025;0.86037;0.86031;1;T;True;2
1621236832000;11513911;0.86024;0.86036;0.8603;1;T;True;2
1621236833000;11513912;0.86024;0.86036;0.8603;0;T;True;2
1621236834000;11513913;0.86024;0.86036;0.8603;0;T;True;2
1621236835000;11513917;0.86023;0.86035;0.86029;3;T;True;2
1621236836000;11513918;0.86023;0.86035;0.86029;0;T;True;2
1621236837000;11513919;0.86023;0.86035;0.86029;0;T;True;2
1621236838000;11513920;0.86023;0.86035;0.86029;0;T;True;2
1621236839000;11513922;0.86024;0.86036;0.8603;1;T;True;2
1621236840000;11513924;0.86023;0.86035;0.86029;1;T;True;2
1621236841000;11513925;0.86023;0.86035;0.86029;0;T;True;2
1621236842000;11513927;0.86024;0.86036;0.8603;1;T;True;2
1621236843000;11513928;0.86024;0.86036;0.8603;0;T;True;2
1621236844000;11513929;0.86024;0.86036;0.8603;0;T;True;2
1621236845000;11513930;0.86024;0.86036;0.8603;0;T;True;2
1621236846000;11513932;0.86025;0.86037;0.86031;1;T;True;2
1621236847000;11513934;0.86025;0.86037;0.86031;1;T;True;2
1621236848000;11513940;0.86029;0.86041;0.86035;5;T;True;2
1621236849000;11513943;0.86028;0.8604;0.86034;2;T;True;2
1621236850000;11513944;0.86028;0.8604;0.86034;0;T;True;2
1621236851000;11513945;0.86028;0.8604;0.86034;0;T;True;2
1621236852000;11513946;0.86028;0.8604;0.86034;0;T;True;2
1621236853000;11513947;0.86028;0.8604;0.86034;0;T;True;2
1621236854000;11513948;0.86028;0.8604;0.86034;0;T;True;2
1621236855000;11513951;0.86028;0.8604;0.86034;2;T;True;2
1621236856000;11513952;0.86028;0.8604;0.86034;0;T;True;2
1621236857000;11513953;0.86028;0.8604;0.86034;0;T;True;2
1621236858000;11513955;0.86027;0.86039;0.86033;1;T;True;2
1621236859000;11513956;0.86027;0.86039;0.86033;0;T;True;2
1621236860000;11513957;0.86027;0.86039;0.86033;0;T;True;2
1621236861000;11513959;0.86028;0.8604;0.86034;1;T;True;2
1621236862000;11513966;0.86027;0.86039;0.86033;6;T;True;2
1621236863000;11513971;0.86027;0.86039;0.86033;4;T;True;2
1621236864000;11513973;0.86025;0.86037;0.86031;1;T;True;2
1621236865000;11513977;0.86025;0.86037;0.86031;3;T;True;2
1621236866000;11513978;0.86025;0.86037;0.86031;0;T;True;2
1621236867000;11513980;0.86025;0.86037;0.86031;1;T;True;2
1621236868000;11513985;0.86027;0.86039;0.86033;4;T;True;2
1621236869000;11513986;0.86027;0.86039;0.86033;0;T;True;2
1621236870000;11513987;0.86027;0.86039;0.86033;0;T;True;2
1621236871000;11513991;0.86028;0.8604;0.86034;3;T;True;2
1621236872000;11513992;0.86028;0.8604;0.86034;0;T;True;2
1621236873000;11513994;0.86028;0.8604;0.86034;1;T;True;2
1621236874000;11513995;0.86028;0.8604;0.86034;0;T;True;2
1621236875000;11513999;0.86029;0.86041;0.86035;3;T;True;2
1621236876000;11514002;0.86027;0.86039;0.86033;2;T;True;2
1621236877000;11514005;0.86026;0.86038;0.86032;2;T;True;2
1621236878000;11514006;0.86026;0.86038;0.86032;0;T;True;2
1621236879000;11514007;0.86026;0.86038;0.86032;0;T;True;2
1621236880000;11514012;0.86023;0.86035;0.86029;4;T;True;2
1621236881000;11514013;0.86023;0.86035;0.86029;0;T;True;2
1621236882000;11514014;0.86023;0.86035;0.86029;0;T;True;2
1621236883000;11514015;0.86023;0.86035;0.86029;0;T;True;2
1621236884000;11514016;0.86023;0.86035;0.86029;0;T;True;2
1621236885000;11514017;0.86023;0.86035;0.86029;0;T;True;2
1621236886000;11514018;0.86023;0.86035;0.86029;0;T;True;2
1621236887000;11514019;0.86023;0.86035;0.86029;0;T;True;2
1621236888000;11514020;0.86023;0.86035;0.86029;0;T;True;2
1621236889000;11514021;0.86023;0.86035;0.86029;0;T;True;2
1621236890000;11514022;0.86023;0.86035;0.86029;0;T;True;2
1621236891000;11514023;0.86023;0.86035;0.86029;0;T;True;2
1621236892000;11514024;0.86023;0.86035;0.86029;0;T;True;2
1621236893000;11514025;0.86023;0.86035;0.86029;0;T;True;2
1621236894000;11514026;0.86023;0.86035;0.86029;0;T;True;2
1621236895000;11514027;0.86023;0.86035;0.86029;0;T;True;2
1621236896000;11514028;0.86023;0.86035;0.86029;0;T;True;2
1621236897000;11514029;0.86023;0.86035;0.86029;0;T;True;2
1621236898000;11514030;0.86023;0.86035;0.86029;0;T;True;2
1621236899000;11514031;0.86023;0.86035;0.86029;0;T;True;2
1621236900000;11514032;0.86023;0.86035;0.86029;0;T;True;2
1621236901000;11514035;0.86021;0.86033;0.86027;2;T;True;2
1621236902000;11514038;0.86021;0.86033;0.86027;2;T;True;2
1621236903000;11514039;0.86021;0.86033;0.86027;0;T;True;2
1621236904000;11514040;0.86021;0.86033;0.86027;0;T;True;2
1621236905000;11514043;0.86021;0.86033;0.86027;2;T;True;2
1621236906000;11514044;0.86021;0.86033;0.86027;0;T;True;2
1621236907000;11514045;0.86021;0.86033;0.86027;0;T;True;2
1621236908000;11514047;0.8602;0.86032;0.86026;1;T;True;2
1621236909000;11514050;0.86017;0.86029;0.86023;2;T;True;2
1621236910000;11514056;0.86018;0.8603;0.86024;5;T;True;2
1621236911000;11514058;0.86018;0.8603;0.86024;1;T;True;2
1621236912000;11514059;0.86018;0.8603;0.86024;0;T;True;2
1621236913000;11514060;0.86018;0.8603;0.86024;0;T;True;2
1621236914000;11514067;0.86021;0.86033;0.86027;6;T;True;2
1621236915000;11514070;0.86021;0.86033;0.86027;2;T;True;2
1621236916000;11514072;0.86021;0.86033;0.86027;1;T;True;2
1621236917000;11514077;0.86021;0.86033;0.86027;4;T;True;2
1621236918000;11514079;0.86021;0.86033;0.86027;1;T;True;2
1621236919000;11514081;0.86021;0.86033;0.86027;1;T;True;2
1621236920000;11514082;0.86021;0.86033;0.86027;0;T;True;2
1621236921000;11514092;0.86023;0.86035;0.86029;9;T;True;2
1621236922000;11514093;0.86023;0.86035;0.86029;0;T;True;2
1621236923000;11514096;0.86022;0.86034;0.86028;2;T;True;2
1621236924000;11514099;0.86021;0.86033;0.86027;2;T;True;2
1621236925000;11514100;0.86021;0.86033;0.86027;0;T;True;2
1621236926000;11514101;0.86021;0.86033;0.86027;0;T;True;2
1621236927000;11514102;0.86021;0.86033;0.86027;0;T;True;2
1621236928000;11514103;0.86021;0.86033;0.86027;0;T;True;2
1621236929000;11514107;0.86019;0.86031;0.86025;3;T;True;2
1621236930000;11514110;0.86019;0.86031;0.86025;2;T;True;2
1621236931000;11514112;0.86019;0.86031;0.86025;1;T;True;2
1621236932000;11514114;0.86019;0.86031;0.86025;1;T;True;2
1621236933000;11514115;0.86019;0.86031;0.86025;0;T;True;2
1621236934000;11514116;0.86019;0.86031;0.86025;0;T;True;2
1621236935000;11514117;0.86019;0.86031;0.86025;0;T;True;2
1621236936000;11514118;0.86019;0.86031;0.86025;0;T;True;2
1621236937000;11514119;0.86019;0.86031;0.86025;0;T;True;2
1621236938000;11514123;0.86017;0.86029;0.86023;3;T;True;2
1621236939000;11514124;0.86017;0.86029;0.86023;0;T;True;2
1621236940000;11514127;0.86015;0.86027;0.86021;2;T;True;2
1621236941000;11514129;0.86016;0.86028;0.86022;1;T;True;2
1621236942000;11514130;0.86016;0.86028;0.86022;0;T;True;2
1621236943000;11514132;0.86017;0.86029;0.86023;1;T;True;2
1621236944000;11514134;0.86018;0.8603;0.86024;1;T;True;2
1621236945000;11514137;0.86018;0.8603;0.86024;2;T;True;2
1621236946000;11514138;0.86018;0.8603;0.86024;0;T;True;2
1621236947000;11514140;0.86018;0.8603;0.86024;1;T;True;2
1621236948000;11514142;0.86018;0.8603;0.86024;1;T;True;2
1621236949000;11514151;0.86018;0.8603;0.86024;8;T;True;2
1621236950000;11514158;0.86023;0.86035;0.86029;6;T;True;2
1621236951000;11514159;0.86023;0.86035;0.86029;0;T;True;2
1621236952000;11514163;0.86025;0.86037;0.86031;3;T;True;2
1621236953000;11514164;0.86025;0.86037;0.86031;0;T;True;2
1621236954000;11514165;0.86025;0.86037;0.86031;0;T;True;2
1621236955000;11514166;0.86025;0.86037;0.86031;0;T;True;2
1621236956000;11514167;0.86025;0.86037;0.86031;0;T;True;2
1621236957000;11514168;0.86025;0.86037;0.86031;0;T;True;2
1621236958000;11514171;0.86025;0.86037;0.86031;2;T;True;2
1621236959000;11514172;0.86025;0.86037;0.86031;0;T;True;2
1621236960000;11514173;0.86025;0.86037;0.86031;0;T;True;2
1621236961000;11514181;0.86028;0.8604;0.86034;7;T;True;2
1621236962000;11514182;0.86028;0.8604;0.86034;0;T;True;2
1621236963000;11514186;0.86029;0.86041;0.86035;3;T;True;2
1621236964000;11514191;0.86029;0.86041;0.86035;4;T;True;2
1621236965000;11514197;0.86029;0.86041;0.86035;5;T;True;2
1621236966000;11514198;0.86029;0.86041;0.86035;0;T;True;2
1621236967000;11514200;0.86029;0.86041;0.86035;1;T;True;2
1621236968000;11514201;0.86029;0.86041;0.86035;0;T;True;2
1621236969000;11514202;0.86029;0.86041;0.86035;0;T;True;2
1621236970000;11514203;0.86029;0.86041;0.86035;0;T;True;2
1621236971000;11514204;0.86029;0.86041;0.86035;0;T;True;2
1621236972000;11514205;0.86029;0.86041;0.86035;0;T;True;2
1621236973000;11514206;0.86029;0.86041;0.86035;0;T;True;2
1621236974000;11514209;0.86027;0.86039;0.86033;2;T;True;2
1621236975000;11514210;0.86027;0.86039;0.86033;0;T;True;2
1621236976000;11514211;0.86027;0.86039;0.86033;0;T;True;2
1621236977000;11514212;0.86027;0.86039;0.86033;0;T;True;2
1621236978000;11514213;0.86027;0.86039;0.86033;0;T;True;2
1621236979000;11514214;0.86027;0.86039;0.86033;0;T;True;2
1621236980000;11514216;0.86027;0.86039;0.86033;1;T;True;2
1621236981000;11514217;0.86027;0.86039;0.86033;0;T;True;2
1621236982000;11514219;0.86027;0.86039;0.86033;1;T;True;2
1621236983000;11514220;0.86027;0.86039;0.86033;0;T;True;2
1621236984000;11514221;0.86027;0.86039;0.86033;0;T;True;2
1621236985000;11514224;0.86029;0.86041;0.86035;2;T;True;2
1621236986000;11514225;0.86029;0.86041;0.86035;0;T;True;2
1621236987000;11514227;0.86029;0.86041;0.86035;1;T;True;2
1621236988000;11514228;0.86029;0.86041;0.86035;0;T;True;2
1621236989000;11514229;0.86029;0.86041;0.86035;0;T;True;2
1621236990000;11514230;0.86029;0.86041;0.86035;0;T;True;2
1621236991000;11514232;0.86029;0.86041;0.86035;1;T;True;2
1621236992000;11514233;0.86029;0.86041;0.86035;0;T;True;2
1621236993000;11514234;0.86029;0.86041;0.86035;0;T;True;2
1621236994000;11514239;0.86033;0.86045;0.86039;4;T;True;2
1621236995000;11514243;0.86034;0.86046;0.8604;3;T;True;2
1621236996000;11514244;0.86034;0.86046;0.8604;0;T;True;2
1621236997000;11514245;0.86034;0.86046;0.8604;0;T;True;2
1621236998000;11514246;0.86034;0.86046;0.8604;0;T;True;2
1621236999000;11514249;0.86035;0.86047;0.86041;2;T;True;2
1621237000000;11514251;0.86035;0.86047;0.86041;1;T;True;2
1621237001000;11514252;0.86035;0.86047;0.86041;0;T;True;2
1621237002000;11514257;0.86035;0.86047;0.86041;4;T;True;2
1621237003000;11514258;0.86035;0.86047;0.86041;0;T;True;2
1621237004000;11514259;0.86035;0.86047;0.86041;0;T;True;2
1621237005000;11514263;0.86035;0.86047;0.86041;3;T;True;2
1621237006000;11514270;0.86037;0.86049;0.86043;6;T;True;2
1621237007000;11514271;0.86037;0.86049;0.86043;0;T;True;2
1621237008000;11514273;0.86039;0.86051;0.86045;1;T;True;2
1621237009000;11514277;0.86039;0.86051;0.86045;3;T;True;2
1621237010000;11514279;0.8604;0.86052;0.86046;1;T;True;2
1621237011000;11514280;0.8604;0.86052;0.86046;0;T;True;2
1621237012000;11514281;0.8604;0.86052;0.86046;0;T;True;2
1621237013000;11514285;0.86042;0.86054;0.86048;3;T;True;2
1621237014000;11514287;0.86043;0.86055;0.86049;1;T;True;2
1621237015000;11514288;0.86043;0.86055;0.86049;0;T;True;2
1621237016000;11514291;0.86043;0.86055;0.86049;2;T;True;2
1621237017000;11514293;0.86043;0.86055;0.86049;1;T;True;2
1621237018000;11514295;0.86043;0.86055;0.86049;1;T;True;2
1621237019000;11514300;0.86041;0.86053;0.86047;4;T;True;2
1621237020000;11514304;0.86042;0.86054;0.86048;3;T;True;2
1621237021000;11514307;0.86043;0.86055;0.86049;2;T;True;2
1621237022000;11514310;0.86043;0.86055;0.86049;2;T;True;2
1621237023000;11514313;0.86043;0.86055;0.86049;2;T;True;2
1621237024000;11514314;0.86043;0.86055;0.86049;0;T;True;2
1621237025000;11514317;0.86043;0.86055;0.86049;2;T;True;2
1621237026000;11514319;0.86044;0.86056;0.8605;1;T;True;2
1621237027000;11514320;0.86044;0.86056;0.8605;0;T;True;2
1621237028000;11514322;0.86045;0.86057;0.86051;1;T;True;2
1621237029000;11514323;0.86045;0.86057;0.86051;0;T;True;2
1621237030000;11514328;0.86047;0.86059;0.86053;4;T;True;2
1621237031000;11514330;0.86047;0.86059;0.86053;1;T;True;2
1621237032000;11514332;0.86047;0.86059;0.86053;1;T;True;2
1621237033000;11514337;0.86049;0.86061;0.86055;4;T;True;2
1621237034000;11514340;0.86051;0.86063;0.86057;2;T;True;2
1621237035000;11514341;0.86051;0.86063;0.86057;0;T;True;2
1621237036000;11514342;0.86051;0.86063;0.86057;0;T;True;2
1621237037000;11514344;0.8605;0.86062;0.86056;1;T;True;2
1621237038000;11514345;0.8605;0.86062;0.86056;0;T;True;2
1621237039000;11514347;0.86049;0.86061;0.86055;1;T;True;2
1621237040000;11514348;0.86049;0.86061;0.86055;0;T;True;2
1621237041000;11514349;0.86049;0.86061;0.86055;0;T;True;2
1621237042000;11514350;0.86049;0.86061;0.86055;0;T;True;2
1621237043000;11514351;0.86049;0.86061;0.86055;0;T;True;2
1621237044000;11514354;0.86053;0.86065;0.86059;2;T;True;2
1621237045000;11514356;0.86054;0.86066;0.8606;1;T;True;2
1621237046000;11514358;0.86053;0.86065;0.86059;1;T;True;2
1621237047000;11514359;0.86053;0.86065;0.86059;0;T;True;2
1621237048000;11514360;0.86053;0.86065;0.86059;0;T;True;2
1621237049000;11514361;0.86053;0.86065;0.86059;0;T;True;2
1621237050000;11514362;0.86053;0.86065;0.86059;0;T;True;2
1621237051000;11514363;0.86053;0.86065;0.86059;0;T;True;2
1621237052000;11514368;0.86049;0.86061;0.86055;4;T;True;2
1621237053000;11514376;0.8605;0.86062;0.86056;7;T;True;2
1621237054000;11514378;0.86049;0.86061;0.86055;1;T;True;2
1621237055000;11514379;0.86049;0.86061;0.86055;0;T;True;2
1621237056000;11514380;0.86049;0.86061;0.86055;0;T;True;2
1621237057000;11514381;0.86049;0.86061;0.86055;0;T;True;2
1621237058000;11514385;0.8605;0.86062;0.86056;3;T;True;2
1621237059000;11514388;0.86049;0.86061;0.86055;2;T;True;2
1621237060000;11514396;0.86044;0.86056;0.8605;7;T;True;2
1621237061000;11514400;0.86042;0.86054;0.86048;3;T;True;2
1621237062000;11514401;0.86042;0.86054;0.86048;0;T;True;2
1621237063000;11514403;0.86043;0.86055;0.86049;1;T;True;2
1621237064000;11514411;0.86049;0.86061;0.86055;7;T;True;2
1621237065000;11514413;0.86051;0.86063;0.86057;1;T;True;2
1621237066000;11514415;0.86051;0.86063;0.86057;1;T;True;2
1621237067000;11514417;0.86051;0.86063;0.86057;1;T;True;2
1621237068000;11514418;0.86051;0.86063;0.86057;0;T;True;2
1621237069000;11514422;0.86051;0.86063;0.86057;3;T;True;2
1621237070000;11514423;0.86051;0.86063;0.86057;0;T;True;2
1621237071000;11514431;0.86048;0.8606;0.86054;7;T;True;2
1621237072000;11514432;0.86048;0.8606;0.86054;0;T;True;2
1621237073000;11514436;0.86051;0.86063;0.86057;3;T;True;2
1621237074000;11514437;0.86051;0.86063;0.86057;0;T;True;2
1621237075000;11514438;0.86051;0.86063;0.86057;0;T;True;2
1621237076000;11514439;0.86051;0.86063;0.86057;0;T;True;2
1621237077000;11514440;0.86051;0.86063;0.86057;0;T;True;2
1621237078000;11514441;0.86051;0.86063;0.86057;0;T;True;2
1621237079000;11514442;0.86051;0.86063;0.86057;0;T;True;2
1621237080000;11514443;0.86051;0.86063;0.86057;0;T;True;2
1621237081000;11514444;0.86051;0.86063;0.86057;0;T;True;2
1621237082000;11514445;0.86051;0.86063;0.86057;0;T;True;2
1621237083000;11514450;0.86052;0.86064;0.86058;4;T;True;2
1621237084000;11514453;0.8605;0.86062;0.86056;2;T;True;2
1621237085000;11514456;0.86051;0.86063;0.86057;2;T;True;2
1621237086000;11514457;0.86051;0.86063;0.86057;0;T;True;2
1621237087000;11514462;0.8605;0.86062;0.86056;4;T;True;2
1621237088000;11514467;0.86052;0.86064;0.86058;4;T;True;2
1621237089000;11514469;0.86052;0.86064;0.86058;1;T;True;2
1621237090000;11514473;0.86051;0.86063;0.86057;3;T;True;2
1621237091000;11514477;0.86052;0.86064;0.86058;3;T;True;2
1621237092000;11514479;0.86052;0.86064;0.86058;1;T;True;2
1621237093000;11514481;0.86053;0.86065;0.86059;1;T;True;2
1621237094000;11514482;0.86053;0.86065;0.86059;0;T;True;2
1621237095000;11514487;0.86055;0.86067;0.86061;4;T;True;2
1621237096000;11514490;0.86056;0.86068;0.86062;2;T;True;2
1621237097000;11514491;0.86056;0.86068;0.86062;0;T;True;2
1621237098000;11514498;0.86054;0.86066;0.8606;6;T;True;2
1621237099000;11514499;0.86054;0.86066;0.8606;0;T;True;2
1621237100000;11514500;0.86054;0.86066;0.8606;0;T;True;2
1621237101000;11514501;0.86054;0.86066;0.8606;0;T;True;2
1621237102000;11514502;0.86054;0.86066;0.8606;0;T;True;2
1621237103000;11514503;0.86054;0.86066;0.8606;0;T;True;2
1621237104000;11514504;0.86054;0.86066;0.8606;0;T;True;2
1621237105000;11514506;0.86053;0.86065;0.86059;1;T;True;2
1621237106000;11514508;0.86053;0.86065;0.86059;1;T;True;2
1621237107000;11514512;0.86053;0.86065;0.86059;3;T;True;2
1621237108000;11514513;0.86053;0.86065;0.86059;0;T;True;2
1621237109000;11514514;0.86053;0.86065;0.86059;0;T;True;2
1621237110000;11514515;0.86053;0.86065;0.86059;0;T;True;2
1621237111000;11514517;0.86054;0.86066;0.8606;1;T;True;2
1621237112000;11514518;0.86054;0.86066;0.8606;0;T;True;2
1621237113000;11514520;0.86055;0.86067;0.86061;1;T;True;2
1621237114000;11514521;0.86055;0.86067;0.86061;0;T;True;2
1621237115000;11514525;0.86057;0.86069;0.86063;3;T;True;2
1621237116000;11514527;0.86058;0.8607;0.86064;1;T;True;2
1621237117000;11514528;0.86058;0.8607;0.86064;0;T;True;2
1621237118000;11514529;0.86058;0.8607;0.86064;0;T;True;2
1621237119000;11514530;0.86058;0.8607;0.86064;0;T;True;2
1621237120000;11514532;0.86057;0.86069;0.86063;1;T;True;2
1621237121000;11514533;0.86057;0.86069;0.86063;0;T;True;2
1621237122000;11514535;0.86057;0.86069;0.86063;1;T;True;2
1621237123000;11514537;0.86056;0.86068;0.86062;1;T;True;2
1621237124000;11514542;0.86058;0.8607;0.86064;4;T;True;2
1621237125000;11514544;0.86058;0.8607;0.86064;1;T;True;2
1621237126000;11514545;0.86058;0.8607;0.86064;0;T;True;2
1621237127000;11514549;0.86055;0.86067;0.86061;3;T;True;2
1621237128000;11514551;0.86054;0.86066;0.8606;1;T;True;2
1621237129000;11514553;0.86054;0.86066;0.8606;1;T;True;2
1621237130000;11514560;0.86052;0.86064;0.86058;6;T;True;2
1621237131000;11514562;0.86053;0.86065;0.86059;1;T;True;2
1621237132000;11514563;0.86053;0.86065;0.86059;0;T;True;2
1621237133000;11514565;0.86054;0.86066;0.8606;1;T;True;2
1621237134000;11514567;0.86053;0.86065;0.86059;1;T;True;2
1621237135000;11514568;0.86053;0.86065;0.86059;0;T;True;2
1621237136000;11514571;0.86053;0.86065;0.86059;2;T;True;2
1621237137000;11514574;0.86053;0.86065;0.86059;2;T;True;2
1621237138000;11514575;0.86053;0.86065;0.86059;0;T;True;2
1621237139000;11514577;0.86054;0.86066;0.8606;1;T;True;2
1621237140000;11514578;0.86054;0.86066;0.8606;0;T;True;2
1621237141000;11514579;0.86054;0.86066;0.8606;0;T;True;2
1621237142000;11514580;0.86054;0.86066;0.8606;0;T;True;2
1621237143000;11514582;0.86055;0.86067;0.86061;1;T;True;2
1621237144000;11514584;0.86055;0.86067;0.86061;1;T;True;2
1621237145000;11514589;0.86059;0.86071;0.86065;4;T;True;2
1621237146000;11514594;0.86061;0.86073;0.86067;4;T;True;2
1621237147000;11514595;0.86061;0.86073;0.86067;0;T;True;2
1621237148000;11514597;0.86062;0.86074;0.86068;1;T;True;2
1621237149000;11514599;0.86061;0.86073;0.86067;1;T;True;2
1621237150000;11514600;0.86061;0.86073;0.86067;0;T;True;2
1621237151000;11514601;0.86061;0.86073;0.86067;0;T;True;2
1621237152000;11514604;0.86061;0.86073;0.86067;2;T;True;2
1621237153000;11514607;0.86059;0.86071;0.86065;2;T;True;2
1621237154000;11514608;0.86059;0.86071;0.86065;0;T;True;2
1621237155000;11514610;0.86059;0.86071;0.86065;1;T;True;2
1621237156000;11514616;0.86059;0.86071;0.86065;5;T;True;2
1621237157000;11514618;0.86057;0.86069;0.86063;1;T;True;2
1621237158000;11514619;0.86057;0.86069;0.86063;0;T;True;2
1621237159000;11514620;0.86057;0.86069;0.86063;0;T;True;2
1621237160000;11514621;0.86057;0.86069;0.86063;0;T;True;2
1621237161000;11514622;0.86057;0.86069;0.86063;0;T;True;2
1621237162000;11514623;0.86057;0.86069;0.86063;0;T;True;2
1621237163000;11514624;0.86057;0.86069;0.86063;0;T;True;2
1621237164000;11514626;0.86058;0.8607;0.86064;1;T;True;2
1621237165000;11514627;0.86058;0.8607;0.86064;0;T;True;2
1621237166000;11514628;0.86058;0.8607;0.86064;0;T;True;2
1621237167000;11514629;0.86058;0.8607;0.86064;0;T;True;2
1621237168000;11514630;0.86058;0.8607;0.86064;0;T;True;2
1621237169000;11514632;0.86059;0.86071;0.86065;1;T;True;2
1621237170000;11514635;0.86059;0.86071;0.86065;2;T;True;2
1621237171000;11514636;0.86059;0.86071;0.86065;0;T;True;2
1621237172000;11514637;0.86059;0.86071;0.86065;0;T;True;2
1621237173000;11514638;0.86059;0.86071;0.86065;0;T;True;2
1621237174000;11514642;0.86059;0.86071;0.86065;3;T;True;2
1621237175000;11514644;0.86059;0.86071;0.86065;1;T;True;2
1621237176000;11514645;0.86059;0.86071;0.86065;0;T;True;2
1621237177000;11514647;0.86058;0.8607;0.86064;1;T;True;2
1621237178000;11514648;0.86058;0.8607;0.86064;0;T;True;2
1621237179000;11514652;0.86057;0.86069;0.86063;3;T;True;2
1621237180000;11514653;0.86057;0.86069;0.86063;0;T;True;2
1621237181000;11514654;0.86057;0.86069;0.86063;0;T;True;2
1621237182000;11514655;0.86057;0.86069;0.86063;0;T;True;2
1621237183000;11514658;0.86057;0.86069;0.86063;2;T;True;2
1621237184000;11514661;0.86054;0.86066;0.8606;2;T;True;2
1621237185000;11514664;0.86054;0.86066;0.8606;2;T;True;2
1621237186000;11514665;0.86054;0.86066;0.8606;0;T;True;2
1621237187000;11514667;0.86053;0.86065;0.86059;1;T;True;2
1621237188000;11514668;0.86053;0.86065;0.86059;0;T;True;2
1621237189000;11514670;0.86053;0.86065;0.86059;1;T;True;2
1621237190000;11514673;0.86052;0.86064;0.86058;2;T;True;2
1621237191000;11514676;0.86052;0.86064;0.86058;2;T;True;2
1621237192000;11514678;0.86053;0.86065;0.86059;1;T;True;2
1621237193000;11514679;0.86053;0.86065;0.86059;0;T;True;2
1621237194000;11514680;0.86053;0.86065;0.86059;0;T;True;2
1621237195000;11514681;0.86053;0.86065;0.86059;0;T;True;2
1621237196000;11514683;0.86053;0.86065;0.86059;1;T;True;2
1621237197000;11514684;0.86053;0.86065;0.86059;0;T;True;2
1621237198000;11514691;0.86057;0.86069;0.86063;6;T;True;2
1621237199000;11514693;0.86059;0.86071;0.86065;1;T;True;2
1621237200000;11514694;0.86059;0.86071;0.86065;0;T;True;2
1621237201000;11514700;0.86059;0.86071;0.86065;5;T;True;2
1621237202000;11514701;0.86059;0.86071;0.86065;0;T;True;2
1621237203000;11514702;0.86059;0.86071;0.86065;0;T;True;2
1621237204000;11514706;0.86059;0.86071;0.86065;3;T;True;2
1621237205000;11514707;0.86059;0.86071;0.86065;0;T;True;2
1621237206000;11514708;0.86059;0.86071;0.86065;0;T;True;2
1621237207000;11514709;0.86059;0.86071;0.86065;0;T;True;2
1621237208000;11514711;0.8606;0.86072;0.86066;1;T;True;2
1621237209000;11514712;0.8606;0.86072;0.86066;0;T;True;2
1621237210000;11514713;0.8606;0.86072;0.86066;0;T;True;2
1621237211000;11514715;0.86059;0.86071;0.86065;1;T;True;2
1621237212000;11514716;0.86059;0.86071;0.86065;0;T;True;2
1621237213000;11514717;0.86059;0.86071;0.86065;0;T;True;2
1621237214000;11514718;0.86059;0.86071;0.86065;0;T;True;2
1621237215000;11514719;0.86059;0.86071;0.86065;0;T;True;2
1621237216000;11514725;0.86063;0.86075;0.86069;5;T;True;2
1621237217000;11514730;0.86065;0.86077;0.86071;4;T;True;2
1621237218000;11514731;0.86065;0.86077;0.86071;0;T;True;2
1621237219000;11514732;0.86065;0.86077;0.86071;0;T;True;2
1621237220000;11514733;0.86065;0.86077;0.86071;0;T;True;2
1621237221000;11514735;0.86067;0.86079;0.86073;1;T;True;2
1621237222000;11514736;0.86067;0.86079;0.86073;0;T;True;2
1621237223000;11514738;0.86067;0.86079;0.86073;1;T;True;2
1621237224000;11514742;0.86067;0.86079;0.86073;3;T;True;2
1621237225000;11514743;0.86067;0.86079;0.86073;0;T;True;2
1621237226000;11514744;0.86067;0.86079;0.86073;0;T;True;2
1621237227000;11514745;0.86067;0.86079;0.86073;0;T;True;2
1621237228000;11514746;0.86067;0.86079;0.86073;0;T;True;2
1621237229000;11514747;0.86067;0.86079;0.86073;0;T;True;2
1621237230000;11514750;0.86067;0.86079;0.86073;2;T;True;2
1621237231000;11514751;0.86067;0.86079;0.86073;0;T;True;2
1621237232000;11514754;0.86068;0.8608;0.86074;2;T;True;2
1621237233000;11514757;0.86069;0.86081;0.86075;2;T;True;2
1621237234000;11514759;0.86069;0.86081;0.86075;1;T;True;2
1621237235000;11514761;0.86069;0.86081;0.86075;1;T;True;2
1621237236000;11514766;0.86067;0.86079;0.86073;4;T;True;2
1621237237000;11514767;0.86067;0.86079;0.86073;0;T;True;2
1621237238000;11514768;0.86067;0.86079;0.86073;0;T;True;2
1621237239000;11514770;0.86066;0.86078;0.86072;1;T;True;2
1621237240000;11514776;0.86066;0.86078;0.86072;5;T;True;2
1621237241000;11514779;0.86066;0.86078;0.86072;2;T;True;2
1621237242000;11514782;0.86067;0.86079;0.86073;2;T;True;2
1621237243000;11514786;0.86069;0.86081;0.86075;3;T;True;2
1621237244000;11514789;0.86069;0.86081;0.86075;2;T;True;2
1621237245000;11514790;0.86069;0.86081;0.86075;0;T;True;2
1621237246000;11514791;0.86069;0.86081;0.86075;0;T;True;2
1621237247000;11514794;0.86068;0.8608;0.86074;2;T;True;2
1621237248000;11514796;0.86067;0.86079;0.86073;1;T;True;2
1621237249000;11514797;0.86067;0.86079;0.86073;0;T;True;2
1621237250000;11514798;0.86067;0.86079;0.86073;0;T;True;2
1621237251000;11514800;0.86067;0.86079;0.86073;1;T;True;2
1621237252000;11514802;0.86065;0.86077;0.86071;1;T;True;2
1621237253000;11514803;0.86065;0.86077;0.86071;0;T;True;2
1621237254000;11514804;0.86065;0.86077;0.86071;0;T;True;2
1621237255000;11514806;0.86065;0.86077;0.86071;1;T;True;2
1621237256000;11514807;0.86065;0.86077;0.86071;0;T;True;2
1621237257000;11514808;0.86065;0.86077;0.86071;0;T;True;2
1621237258000;11514812;0.86067;0.86079;0.86073;3;T;True;2
1621237259000;11514813;0.86067;0.86079;0.86073;0;T;True;2
1621237260000;11514814;0.86067;0.86079;0.86073;0;T;True;2
1621237261000;11514818;0.86067;0.86079;0.86073;3;T;True;2
1621237262000;11514821;0.8607;0.86082;0.86076;2;T;True;2
1621237263000;11514825;0.86069;0.86081;0.86075;3;T;True;2
1621237264000;11514828;0.86067;0.86079;0.86073;2;T;True;2
1621237265000;11514829;0.86067;0.86079;0.86073;0;T;True;2
1621237266000;11514830;0.86067;0.86079;0.86073;0;T;True;2
1621237267000;11514836;0.8607;0.86082;0.86076;5;T;True;2
1621237268000;11514837;0.8607;0.86082;0.86076;0;T;True;2
1621237269000;11514841;0.86071;0.86083;0.86077;3;T;True;2
1621237270000;11514842;0.86071;0.86083;0.86077;0;T;True;2
1621237271000;11514843;0.86071;0.86083;0.86077;0;T;True;2
1621237272000;11514844;0.86071;0.86083;0.86077;0;T;True;2
1621237273000;11514848;0.86071;0.86083;0.86077;3;T;True;2
1621237274000;11514849;0.86071;0.86083;0.86077;0;T;True;2
1621237275000;11514851;0.86069;0.86081;0.86075;1;T;True;2
1621237276000;11514853;0.8607;0.86082;0.86076;1;T;True;2
1621237277000;11514855;0.86071;0.86083;0.86077;1;T;True;2
1621237278000;11514856;0.86071;0.86083;0.86077;0;T;True;2
1621237279000;11514860;0.86073;0.86085;0.86079;3;T;True;2
1621237280000;11514861;0.86073;0.86085;0.86079;0;T;True;2
1621237281000;11514862;0.86073;0.86085;0.86079;0;T;True;2
1621237282000;11514864;0.86072;0.86084;0.86078;1;T;True;2
1621237283000;11514869;0.86073;0.86085;0.86079;4;T;True;2
1621237284000;11514872;0.86073;0.86085;0.86079;2;T;True;2
1621237285000;11514875;0.86071;0.86083;0.86077;2;T;True;2
1621237286000;11514876;0.86071;0.86083;0.86077;0;T;True;2
1621237287000;11514879;0.86071;0.86083;0.86077;2;T;True;2
1621237288000;11514880;0.86071;0.86083;0.86077;0;T;True;2
1621237289000;11514881;0.86071;0.86083;0.86077;0;T;True;2
1621237290000;11514882;0.86071;0.86083;0.86077;0;T;True;2
1621237291000;11514883;0.86071;0.86083;0.86077;0;T;True;2
1621237292000;11514887;0.86073;0.86085;0.86079;3;T;True;2
1621237293000;11514891;0.86071;0.86083;0.86077;3;T;True;2
1621237294000;11514893;0.8607;0.86082;0.86076;1;T;True;2
1621237295000;11514896;0.86069;0.86081;0.86075;2;T;True;2
1621237296000;11514898;0.86069;0.86081;0.86075;1;T;True;2
1621237297000;11514899;0.86069;0.86081;0.86075;0;T;True;2
1621237298000;11514900;0.86069;0.86081;0.86075;0;T;True;2
1621237299000;11514901;0.86069;0.86081;0.86075;0;T;True;2
1621237300000;11514904;0.86069;0.86081;0.86075;2;T;True;2
1621237301000;11514909;0.86069;0.86081;0.86075;4;T;True;2
1621237302000;11514913;0.8607;0.86082;0.86076;3;T;True;2
1621237303000;11514918;0.86071;0.86083;0.86077;4;T;True;2
1621237304000;11514919;0.86071;0.86083;0.86077;0;T;True;2
1621237305000;11514925;0.8607;0.86082;0.86076;5;T;True;2
1621237306000;11514926;0.8607;0.86082;0.86076;0;T;True;2
1621237307000;11514927;0.8607;0.86082;0.86076;0;T;True;2
1621237308000;11514928;0.8607;0.86082;0.86076;0;T;True;2
1621237309000;11514929;0.8607;0.86082;0.86076;0;T;True;2
1621237310000;11514930;0.8607;0.86082;0.86076;0;T;True;2
1621237311000;11514937;0.8607;0.86082;0.86076;6;T;True;2
1621237312000;11514939;0.86069;0.86081;0.86075;1;T;True;2
1621237313000;11514941;0.86069;0.86081;0.86075;1;T;True;2
1621237314000;11514942;0.86069;0.86081;0.86075;0;T;True;2
1621237315000;11514943;0.86069;0.86081;0.86075;0;T;True;2
1621237316000;11514944;0.86069;0.86081;0.86075;0;T;True;2
1621237317000;11514945;0.86069;0.86081;0.86075;0;T;True;2
1621237318000;11514946;0.86069;0.86081;0.86075;0;T;True;2
1621237319000;11514947;0.86069;0.86081;0.86075;0;T;True;2
1621237320000;11514948;0.86069;0.86081;0.86075;0;T;True;2
1621237321000;11514949;0.86069;0.86081;0.86075;0;T;True;2
1621237322000;11514950;0.86069;0.86081;0.86075;0;T;True;2
1621237323000;11514953;0.8607;0.86082;0.86076;2;T;True;2
1621237324000;11514954;0.8607;0.86082;0.86076;0;T;True;2
1621237325000;11514955;0.8607;0.86082;0.86076;0;T;True;2
1621237326000;11514956;0.8607;0.86082;0.86076;0;T;True;2
1621237327000;11514957;0.8607;0.86082;0.86076;0;T;True;2
1621237328000;11514958;0.8607;0.86082;0.86076;0;T;True;2
1621237329000;11514959;0.8607;0.86082;0.86076;0;T;True;2
1621237330000;11514960;0.8607;0.86082;0.86076;0;T;True;2
1621237331000;11514961;0.8607;0.86082;0.86076;0;T;True;2
1621237332000;11514963;0.86069;0.86081;0.86075;1;T;True;2
1621237333000;11514964;0.86069;0.86081;0.86075;0;T;True;2
1621237334000;11514967;0.86069;0.86081;0.86075;2;T;True;2
1621237335000;11514968;0.86069;0.86081;0.86075;0;T;True;2
1621237336000;11514970;0.86069;0.86081;0.86075;1;T;True;2
1621237337000;11514971;0.86069;0.86081;0.86075;0;T;True;2
1621237338000;11514972;0.86069;0.86081;0.86075;0;T;True;2
1621237339000;11514974;0.86068;0.8608;0.86074;1;T;True;2
1621237340000;11514975;0.86068;0.8608;0.86074;0;T;True;2
1621237341000;11514978;0.86068;0.8608;0.86074;2;T;True;2
1621237342000;11514979;0.86068;0.8608;0.86074;0;T;True;2
1621237343000;11514980;0.86068;0.8608;0.86074;0;T;True;2
1621237344000;11514981;0.86068;0.8608;0.86074;0;T;True;2
1621237345000;11514983;0.86067;0.86079;0.86073;1;T;True;2
1621237346000;11514984;0.86067;0.86079;0.86073;0;T;True;2
1621237347000;11514985;0.86067;0.86079;0.86073;0;T;True;2
1621237348000;11514986;0.86067;0.86079;0.86073;0;T;True;2
1621237349000;11514987;0.86067;0.86079;0.86073;0;T;True;2
1621237350000;11514988;0.86067;0.86079;0.86073;0;T;True;2
1621237351000;11514989;0.86067;0.86079;0.86073;0;T;True;2
1621237352000;11514991;0.86067;0.86079;0.86073;1;T;True;2
1621237353000;11514994;0.86067;0.86079;0.86073;2;T;True;2
1621237354000;11514996;0.86068;0.8608;0.86074;1;T;True;2
1621237355000;11514997;0.86068;0.8608;0.86074;0;T;True;2
1621237356000;11514998;0.86068;0.8608;0.86074;0;T;True;2
1621237357000;11514999;0.86068;0.8608;0.86074;0;T;True;2
1621237358000;11515001;0.86067;0.86079;0.86073;1;T;True;2
1621237359000;11515002;0.86067;0.86079;0.86073;0;T;True;2
1621237360000;11515003;0.86067;0.86079;0.86073;0;T;True;2
1621237361000;11515005;0.86068;0.8608;0.86074;1;T;True;2
1621237362000;11515006;0.86068;0.8608;0.86074;0;T;True;2
1621237363000;11515009;0.86068;0.8608;0.86074;2;T;True;2
1621237364000;11515010;0.86068;0.8608;0.86074;0;T;True;2
1621237365000;11515011;0.86068;0.8608;0.86074;0;T;True;2
1621237366000;11515012;0.86068;0.8608;0.86074;0;T;True;2
1621237367000;11515013;0.86068;0.8608;0.86074;0;T;True;2
1621237368000;11515016;0.86067;0.86079;0.86073;2;T;True;2
1621237369000;11515019;0.86068;0.8608;0.86074;2;T;True;2
1621237370000;11515021;0.86069;0.86081;0.86075;1;T;True;2
1621237371000;11515027;0.86071;0.86083;0.86077;5;T;True;2
1621237372000;11515028;0.86071;0.86083;0.86077;0;T;True;2
1621237373000;11515035;0.86076;0.86088;0.86082;6;T;True;2
1621237374000;11515041;0.86079;0.86091;0.86085;5;T;True;2
1621237375000;11515046;0.86079;0.86091;0.86085;4;T;True;2
1621237376000;11515048;0.86079;0.86091;0.86085;1;T;True;2
1621237377000;11515050;0.86079;0.86091;0.86085;1;T;True;2
1621237378000;11515053;0.86079;0.86091;0.86085;2;T;True;2
1621237379000;11515055;0.86079;0.86091;0.86085;1;T;True;2
1621237380000;11515058;0.86079;0.86091;0.86085;2;T;True;2
1621237381000;11515060;0.86079;0.86091;0.86085;1;T;True;2
1621237382000;11515061;0.86079;0.86091;0.86085;0;T;True;2
1621237383000;11515063;0.86078;0.8609;0.86084;1;T;True;2
1621237384000;11515064;0.86078;0.8609;0.86084;0;T;True;2
1621237385000;11515067;0.86075;0.86087;0.86081;2;T;True;2
1621237386000;11515072;0.86073;0.86085;0.86079;4;T;True;2
1621237387000;11515073;0.86073;0.86085;0.86079;0;T;True;2
1621237388000;11515074;0.86073;0.86085;0.86079;0;T;True;2
1621237389000;11515075;0.86073;0.86085;0.86079;0;T;True;2
1621237390000;11515076;0.86073;0.86085;0.86079;0;T;True;2
1621237391000;11515077;0.86073;0.86085;0.86079;0;T;True;2
1621237392000;11515089;0.86075;0.86087;0.86081;11;T;True;2
1621237393000;11515090;0.86075;0.86087;0.86081;0;T;True;2
1621237394000;11515092;0.86075;0.86087;0.86081;1;T;True;2
1621237395000;11515093;0.86075;0.86087;0.86081;0;T;True;2
1621237396000;11515095;0.86075;0.86087;0.86081;1;T;True;2
1621237397000;11515097;0.86074;0.86086;0.8608;1;T;True;2
1621237398000;11515099;0.86075;0.86087;0.86081;1;T;True;2
1621237399000;11515100;0.86075;0.86087;0.86081;0;T;True;2
1621237400000;11515101;0.86075;0.86087;0.86081;0;T;True;2
1621237401000;11515104;0.86075;0.86087;0.86081;2;T;True;2
1621237402000;11515105;0.86075;0.86087;0.86081;0;T;True;2
1621237403000;11515106;0.86075;0.86087;0.86081;0;T;True;2
1621237404000;11515107;0.86075;0.86087;0.86081;0;T;True;2
1621237405000;11515108;0.86075;0.86087;0.86081;0;T;True;2
1621237406000;11515109;0.86075;0.86087;0.86081;0;T;True;2
1621237407000;11515113;0.86075;0.86087;0.86081;3;T;True;2
1621237408000;11515114;0.86075;0.86087;0.86081;0;T;True;2
1621237409000;11515115;0.86075;0.86087;0.86081;0;T;True;2
1621237410000;11515116;0.86075;0.86087;0.86081;0;T;True;2
1621237411000;11515121;0.86075;0.86087;0.86081;4;T;True;2
1621237412000;11515123;0.86074;0.86086;0.8608;1;T;True;2
1621237413000;11515125;0.86075;0.86087;0.86081;1;T;True;2
1621237414000;11515126;0.86075;0.86087;0.86081;0;T;True;2
1621237415000;11515128;0.86074;0.86086;0.8608;1;T;True;2
1621237416000;11515131;0.86076;0.86088;0.86082;2;T;True;2
1621237417000;11515139;0.86073;0.86085;0.86079;7;T;True;2
1621237418000;11515147;0.86073;0.86085;0.86079;7;T;True;2
1621237419000;11515148;0.86073;0.86085;0.86079;0;T;True;2
1621237420000;11515154;0.86074;0.86086;0.8608;5;T;True;2
1621237421000;11515155;0.86074;0.86086;0.8608;0;T;True;2
1621237422000;11515156;0.86074;0.86086;0.8608;0;T;True;2
1621237423000;11515159;0.86075;0.86087;0.86081;2;T;True;2
1621237424000;11515161;0.86074;0.86086;0.8608;1;T;True;2
1621237425000;11515162;0.86074;0.86086;0.8608;0;T;True;2
1621237426000;11515163;0.86074;0.86086;0.8608;0;T;True;2
1621237427000;11515165;0.86075;0.86087;0.86081;1;T;True;2
1621237428000;11515166;0.86075;0.86087;0.86081;0;T;True;2
1621237429000;11515167;0.86075;0.86087;0.86081;0;T;True;2
1621237430000;11515169;0.86074;0.86086;0.8608;1;T;True;2
1621237431000;11515177;0.86075;0.86087;0.86081;7;T;True;2
1621237432000;11515184;0.86077;0.86089;0.86083;6;T;True;2
1621237433000;11515189;0.86079;0.86091;0.86085;4;T;True;2
1621237434000;11515192;0.86078;0.8609;0.86084;2;T;True;2
1621237435000;11515193;0.86078;0.8609;0.86084;0;T;True;2
1621237436000;11515199;0.86075;0.86087;0.86081;5;T;True;2
1621237437000;11515201;0.86075;0.86087;0.86081;1;T;True;2
1621237438000;11515202;0.86075;0.86087;0.86081;0;T;True;2
1621237439000;11515209;0.86077;0.86089;0.86083;6;T;True;2
1621237440000;11515210;0.86077;0.86089;0.86083;0;T;True;2
1621237441000;11515211;0.86077;0.86089;0.86083;0;T;True;2
1621237442000;11515212;0.86077;0.86089;0.86083;0;T;True;2
1621237443000;11515213;0.86077;0.86089;0.86083;0;T;True;2
1621237444000;11515215;0.86078;0.8609;0.86084;1;T;True;2
1621237445000;11515216;0.86078;0.8609;0.86084;0;T;True;2
1621237446000;11515223;0.86075;0.86087;0.86081;6;T;True;2
1621237447000;11515224;0.86075;0.86087;0.86081;0;T;True;2
1621237448000;11515226;0.86075;0.86087;0.86081;1;T;True;2
1621237449000;11515227;0.86075;0.86087;0.86081;0;T;True;2
1621237450000;11515232;0.86075;0.86087;0.86081;4;T;True;2
1621237451000;11515237;0.86075;0.86087;0.86081;4;T;True;2
1621237452000;11515241;0.86075;0.86087;0.86081;3;T;True;2
1621237453000;11515247;0.86077;0.86089;0.86083;5;T;True;2
1621237454000;11515248;0.86077;0.86089;0.86083;0;T;True;2
1621237455000;11515249;0.86077;0.86089;0.86083;0;T;True;2
1621237456000;11515250;0.86077;0.86089;0.86083;0;T;True;2
1621237457000;11515252;0.86077;0.86089;0.86083;1;T;True;2
1621237458000;11515253;0.86077;0.86089;0.86083;0;T;True;2
1621237459000;11515256;0.86075;0.86087;0.86081;2;T;True;2
1621237460000;11515258;0.86076;0.86088;0.86082;1;T;True;2
1621237461000;11515263;0.86075;0.86087;0.86081;4;T;True;2
1621237462000;11515264;0.86075;0.86087;0.86081;0;T;True;2
1621237463000;11515265;0.86075;0.86087;0.86081;0;T;True;2
1621237464000;11515269;0.86078;0.8609;0.86084;3;T;True;2
1621237465000;11515270;0.86078;0.8609;0.86084;0;T;True;2
1621237466000;11515271;0.86078;0.8609;0.86084;0;T;True;2
1621237467000;11515275;0.86075;0.86087;0.86081;3;T;True;2
1621237468000;11515276;0.86075;0.86087;0.86081;0;T;True;2
1621237469000;11515280;0.86075;0.86087;0.86081;3;T;True;2
1621237470000;11515285;0.86075;0.86087;0.86081;4;T;True;2
1621237471000;11515290;0.86075;0.86087;0.86081;4;T;True;2
1621237472000;11515291;0.86075;0.86087;0.86081;0;T;True;2
1621237473000;11515293;0.86075;0.86087;0.86081;1;T;True;2
1621237474000;11515297;0.86074;0.86086;0.8608;3;T;True;2
1621237475000;11515302;0.86076;0.86088;0.86082;4;T;True;2
1621237476000;11515306;0.86077;0.86089;0.86083;3;T;True;2
1621237477000;11515307;0.86077;0.86089;0.86083;0;T;True;2
1621237478000;11515308;0.86077;0.86089;0.86083;0;T;True;2
1621237479000;11515310;0.86078;0.8609;0.86084;1;T;True;2
1621237480000;11515313;0.86077;0.86089;0.86083;2;T;True;2
1621237481000;11515314;0.86077;0.86089;0.86083;0;T;True;2
1621237482000;11515317;0.86077;0.86089;0.86083;2;T;True;2
1621237483000;11515318;0.86077;0.86089;0.86083;0;T;True;2
1621237484000;11515321;0.86077;0.86089;0.86083;2;T;True;2
1621237485000;11515322;0.86077;0.86089;0.86083;0;T;True;2
1621237486000;11515326;0.86077;0.86089;0.86083;3;T;True;2
1621237487000;11515329;0.86078;0.8609;0.86084;2;T;True;2
1621237488000;11515330;0.86078;0.8609;0.86084;0;T;True;2
1621237489000;11515331;0.86078;0.8609;0.86084;0;T;True;2
1621237490000;11515332;0.86078;0.8609;0.86084;0;T;True;2
1621237491000;11515336;0.86079;0.86091;0.86085;3;T;True;2
1621237492000;11515343;0.86077;0.86089;0.86083;6;T;True;2
1621237493000;11515346;0.86079;0.86091;0.86085;2;T;True;2
1621237494000;11515349;0.86083;0.86095;0.86089;2;T;True;2
1621237495000;11515352;0.86081;0.86093;0.86087;2;T;True;2
1621237496000;11515353;0.86081;0.86093;0.86087;0;T;True;2
1621237497000;11515355;0.8608;0.86092;0.86086;1;T;True;2
1621237498000;11515356;0.8608;0.86092;0.86086;0;T;True;2
1621237499000;11515358;0.86079;0.86091;0.86085;1;T;True;2
1621237500000;11515359;0.86079;0.86091;0.86085;0;T;True;2
1621237501000;11515361;0.86078;0.8609;0.86084;1;T;True;2
1621237502000;11515363;0.86079;0.86091;0.86085;1;T;True;2
1621237503000;11515365;0.86078;0.8609;0.86084;1;T;True;2
1621237504000;11515368;0.86078;0.8609;0.86084;2;T;True;2
1621237505000;11515370;0.86077;0.86089;0.86083;1;T;True;2
1621237506000;11515371;0.86077;0.86089;0.86083;0;T;True;2
1621237507000;11515374;0.86079;0.86091;0.86085;2;T;True;2
1621237508000;11515375;0.86079;0.86091;0.86085;0;T;True;2
1621237509000;11515376;0.86079;0.86091;0.86085;0;T;True;2
1621237510000;11515378;0.86078;0.8609;0.86084;1;T;True;2
1621237511000;11515380;0.86079;0.86091;0.86085;1;T;True;2
1621237512000;11515382;0.86078;0.8609;0.86084;1;T;True;2
1621237513000;11515384;0.86077;0.86089;0.86083;1;T;True;2
1621237514000;11515385;0.86077;0.86089;0.86083;0;T;True;2
1621237515000;11515387;0.86076;0.86088;0.86082;1;T;True;2
1621237516000;11515390;0.86073;0.86085;0.86079;2;T;True;2
1621237517000;11515395;0.86075;0.86087;0.86081;4;T;True;2
1621237518000;11515396;0.86075;0.86087;0.86081;0;T;True;2
1621237519000;11515399;0.86077;0.86089;0.86083;2;T;True;2
1621237520000;11515400;0.86077;0.86089;0.86083;0;T;True;2
1621237521000;11515403;0.86077;0.86089;0.86083;2;T;True;2
1621237522000;11515410;0.86081;0.86093;0.86087;6;T;True;2
1621237523000;11515414;0.86082;0.86094;0.86088;3;T;True;2
1621237524000;11515417;0.86081;0.86093;0.86087;2;T;True;2
1621237525000;11515419;0.86081;0.86093;0.86087;1;T;True;2
1621237526000;11515420;0.86081;0.86093;0.86087;0;T;True;2
1621237527000;11515422;0.86081;0.86093;0.86087;1;T;True;2
1621237528000;11515423;0.86081;0.86093;0.86087;0;T;True;2
1621237529000;11515424;0.86081;0.86093;0.86087;0;T;True;2
1621237530000;11515426;0.86081;0.86093;0.86087;1;T;True;2
1621237531000;11515427;0.86081;0.86093;0.86087;0;T;True;2
1621237532000;11515428;0.86081;0.86093;0.86087;0;T;True;2
1621237533000;11515430;0.86082;0.86094;0.86088;1;T;True;2
1621237534000;11515431;0.86082;0.86094;0.86088;0;T;True;2
1621237535000;11515436;0.86083;0.86095;0.86089;4;T;True;2
1621237536000;11515438;0.86083;0.86095;0.86089;1;T;True;2
1621237537000;11515444;0.86085;0.86097;0.86091;5;T;True;2
1621237538000;11515450;0.86087;0.86099;0.86093;5;T;True;2
1621237539000;11515453;0.86086;0.86098;0.86092;2;T;True;2
1621237540000;11515458;0.86083;0.86095;0.86089;4;T;True;2
1621237541000;11515460;0.86084;0.86096;0.8609;1;T;True;2
1621237542000;11515463;0.86083;0.86095;0.86089;2;T;True;2
1621237543000;11515466;0.86083;0.86095;0.86089;2;T;True;2
1621237544000;11515467;0.86083;0.86095;0.86089;0;T;True;2
1621237545000;11515468;0.86083;0.86095;0.86089;0;T;True;2
1621237546000;11515469;0.86083;0.86095;0.86089;0;T;True;2
1621237547000;11515471;0.86084;0.86096;0.8609;1;T;True;2
1621237548000;11515474;0.86083;0.86095;0.86089;2;T;True;2
1621237549000;11515477;0.86084;0.86096;0.8609;2;T;True;2
1621237550000;11515478;0.86084;0.86096;0.8609;0;T;True;2
1621237551000;11515479;0.86084;0.86096;0.8609;0;T;True;2
1621237552000;11515483;0.86085;0.86097;0.86091;3;T;True;2
1621237553000;11515484;0.86085;0.86097;0.86091;0;T;True;2
1621237554000;11515486;0.86084;0.86096;0.8609;1;T;True;2
1621237555000;11515494;0.86085;0.86097;0.86091;7;T;True;2
1621237556000;11515497;0.86083;0.86095;0.86089;2;T;True;2
1621237557000;11515498;0.86083;0.86095;0.86089;0;T;True;2
1621237558000;11515500;0.86081;0.86093;0.86087;1;T;True;2
1621237559000;11515504;0.86082;0.86094;0.86088;3;T;True;2
1621237560000;11515507;0.86083;0.86095;0.86089;2;T;True;2
1621237561000;11515508;0.86083;0.86095;0.86089;0;T;True;2
1621237562000;11515512;0.86083;0.86095;0.86089;3;T;True;2
1621237563000;11515513;0.86083;0.86095;0.86089;0;T;True;2
1621237564000;11515517;0.86084;0.86096;0.8609;3;T;True;2
1621237565000;11515518;0.86084;0.86096;0.8609;0;T;True;2
1621237566000;11515525;0.86087;0.86099;0.86093;6;T;True;2
1621237567000;11515526;0.86087;0.86099;0.86093;0;T;True;2
1621237568000;11515528;0.86087;0.86099;0.86093;1;T;True;2
1621237569000;11515529;0.86087;0.86099;0.86093;0;T;True;2
1621237570000;11515530;0.86087;0.86099;0.86093;0;T;True;2
1621237571000;11515534;0.86089;0.86101;0.86095;3;T;True;2
1621237572000;11515535;0.86089;0.86101;0.86095;0;T;True;2
1621237573000;11515536;0.86089;0.86101;0.86095;0;T;True;2
1621237574000;11515538;0.86086;0.86098;0.86092;1;T;True;2
1621237575000;11515540;0.86086;0.86098;0.86092;1;T;True;2
1621237576000;11515541;0.86086;0.86098;0.86092;0;T;True;2
1621237577000;11515542;0.86086;0.86098;0.86092;0;T;True;2
1621237578000;11515543;0.86086;0.86098;0.86092;0;T;True;2
1621237579000;11515548;0.86083;0.86095;0.86089;4;T;True;2
1621237580000;11515560;0.86089;0.86101;0.86095;11;T;True;2
1621237581000;11515562;0.86089;0.86101;0.86095;1;T;True;2
1621237582000;11515563;0.86089;0.86101;0.86095;0;T;True;2
1621237583000;11515565;0.8609;0.86102;0.86096;1;T;True;2
1621237584000;11515567;0.86091;0.86103;0.86097;1;T;True;2
1621237585000;11515571;0.86091;0.86103;0.86097;3;T;True;2
1621237586000;11515572;0.86091;0.86103;0.86097;0;T;True;2
1621237587000;11515573;0.86091;0.86103;0.86097;0;T;True;2
1621237588000;11515574;0.86091;0.86103;0.86097;0;T;True;2
1621237589000;11515583;0.86099;0.86111;0.86105;8;T;True;2
1621237590000;11515584;0.86099;0.86111;0.86105;0;T;True;2
1621237591000;11515585;0.86099;0.86111;0.86105;0;T;True;2
1621237592000;11515589;0.86099;0.86111;0.86105;3;T;True;2
1621237593000;11515592;0.86101;0.86113;0.86107;2;T;True;2
1621237594000;11515594;0.86101;0.86113;0.86107;1;T;True;2
1621237595000;11515595;0.86101;0.86113;0.86107;0;T;True;2
1621237596000;11515596;0.86101;0.86113;0.86107;0;T;True;2
1621237597000;11515597;0.86101;0.86113;0.86107;0;T;True;2
1621237598000;11515598;0.86101;0.86113;0.86107;0;T;True;2
1621237599000;11515599;0.86101;0.86113;0.86107;0;T;True;2
1621237600000;11515600;0.86101;0.86113;0.86107;0;T;True;2
1621237601000;11515601;0.86101;0.86113;0.86107;0;T;True;2
1621237602000;11515609;0.86099;0.86111;0.86105;7;T;True;2
1621237603000;11515611;0.86097;0.86109;0.86103;1;T;True;2
1621237604000;11515613;0.86097;0.86109;0.86103;1;T;True;2
1621237605000;11515616;0.86097;0.86109;0.86103;2;T;True;2
1621237606000;11515617;0.86097;0.86109;0.86103;0;T;True;2
1621237607000;11515619;0.86097;0.86109;0.86103;1;T;True;2
1621237608000;11515620;0.86097;0.86109;0.86103;0;T;True;2
1621237609000;11515621;0.86097;0.86109;0.86103;0;T;True;2
1621237610000;11515623;0.86097;0.86109;0.86103;1;T;True;2
1621237611000;11515624;0.86097;0.86109;0.86103;0;T;True;2
1621237612000;11515627;0.86098;0.8611;0.86104;2;T;True;2
1621237613000;11515628;0.86098;0.8611;0.86104;0;T;True;2
1621237614000;11515629;0.86098;0.8611;0.86104;0;T;True;2
1621237615000;11515632;0.86097;0.86109;0.86103;2;T;True;2
1621237616000;11515633;0.86097;0.86109;0.86103;0;T;True;2
1621237617000;11515634;0.86097;0.86109;0.86103;0;T;True;2
1621237618000;11515635;0.86097;0.86109;0.86103;0;T;True;2
1621237619000;11515636;0.86097;0.86109;0.86103;0;T;True;2
1621237620000;11515637;0.86097;0.86109;0.86103;0;T;True;2
1621237621000;11515639;0.86095;0.86107;0.86101;1;T;True;2
1621237622000;11515642;0.86097;0.86109;0.86103;2;T;True;2
1621237623000;11515645;0.86095;0.86107;0.86101;2;T;True;2
1621237624000;11515646;0.86095;0.86107;0.86101;0;T;True;2
1621237625000;11515647;0.86095;0.86107;0.86101;0;T;True;2
1621237626000;11515649;0.86095;0.86107;0.86101;1;T;True;2
1621237627000;11515650;0.86095;0.86107;0.86101;0;T;True;2
1621237628000;11515651;0.86095;0.86107;0.86101;0;T;True;2
1621237629000;11515652;0.86095;0.86107;0.86101;0;T;True;2
1621237630000;11515654;0.86094;0.86106;0.861;1;T;True;2
1621237631000;11515656;0.86093;0.86105;0.86099;1;T;True;2
1621237632000;11515663;0.86093;0.86105;0.86099;6;T;True;2
1621237633000;11515665;0.86096;0.86108;0.86102;1;T;True;2
1621237634000;11515667;0.86097;0.86109;0.86103;1;T;True;2
1621237635000;11515668;0.86097;0.86109;0.86103;0;T;True;2
1621237636000;11515669;0.86097;0.86109;0.86103;0;T;True;2
1621237637000;11515670;0.86097;0.86109;0.86103;0;T;True;2
1621237638000;11515681;0.86089;0.86101;0.86095;10;T;True;2
1621237639000;11515683;0.86088;0.861;0.86094;1;T;True;2
1621237640000;11515685;0.86087;0.86099;0.86093;1;T;True;2
1621237641000;11515686;0.86087;0.86099;0.86093;0;T;True;2
1621237642000;11515687;0.86087;0.86099;0.86093;0;T;True;2
1621237643000;11515699;0.86093;0.86105;0.86099;11;T;True;2
1621237644000;11515702;0.86094;0.86106;0.861;2;T;True;2
1621237645000;11515711;0.86093;0.86105;0.86099;8;T;True;2
1621237646000;11515719;0.86096;0.86108;0.86102;7;T;True;2
1621237647000;11515721;0.86095;0.86107;0.86101;1;T;True;2
1621237648000;11515726;0.86094;0.86106;0.861;4;T;True;2
1621237649000;11515734;0.86095;0.86107;0.86101;7;T;True;2
1621237650000;11515737;0.86095;0.86107;0.86101;2;T;True;2
1621237651000;11515740;0.86093;0.86105;0.86099;2;T;True;2
1621237652000;11515741;0.86093;0.86105;0.86099;0;T;True;2
1621237653000;11515750;0.86089;0.86101;0.86095;8;T;True;2
1621237654000;11515760;0.86089;0.86101;0.86095;9;T;True;2
1621237655000;11515763;0.86092;0.86104;0.86098;2;T;True;2
1621237656000;11515765;0.86091;0.86103;0.86097;1;T;True;2
1621237657000;11515766;0.86091;0.86103;0.86097;0;T;True;2
1621237658000;11515768;0.86091;0.86103;0.86097;1;T;True;2
1621237659000;11515778;0.86098;0.8611;0.86104;9;T;True;2
1621237660000;11515783;0.86096;0.86108;0.86102;4;T;True;2
1621237661000;11515787;0.86096;0.86108;0.86102;3;T;True;2
1621237662000;11515792;0.86099;0.86111;0.86105;4;T;True;2
1621237663000;11515799;0.86101;0.86113;0.86107;6;T;True;2
1621237664000;11515815;0.86095;0.86107;0.86101;15;T;True;2
1621237665000;11515821;0.86093;0.86105;0.86099;5;T;True;2
1621237666000;11515823;0.86093;0.86105;0.86099;1;T;True;2
1621237667000;11515831;0.86093;0.86105;0.86099;7;T;True;2
1621237668000;11515833;0.86093;0.86105;0.86099;1;T;True;2
1621237669000;11515838;0.86097;0.86109;0.86103;4;T;True;2
1621237670000;11515839;0.86097;0.86109;0.86103;0;T;True;2
1621237671000;11515841;0.86096;0.86108;0.86102;1;T;True;2
1621237672000;11515845;0.86096;0.86108;0.86102;3;T;True;2
1621237673000;11515853;0.86101;0.86113;0.86107;7;T;True;2
1621237674000;11515858;0.86103;0.86115;0.86109;4;T;True;2
1621237675000;11515861;0.86103;0.86115;0.86109;2;T;True;2
1621237676000;11515865;0.86101;0.86113;0.86107;3;T;True;2
1621237677000;11515870;0.86103;0.86115;0.86109;4;T;True;2
1621237678000;11515875;0.86105;0.86117;0.86111;4;T;True;2
1621237679000;11515877;0.86105;0.86117;0.86111;1;T;True;2
1621237680000;11515881;0.86106;0.86118;0.86112;3;T;True;2
1621237681000;11515883;0.86106;0.86118;0.86112;1;T;True;2
1621237682000;11515885;0.86107;0.86119;0.86113;1;T;True;2
1621237683000;11515890;0.86103;0.86115;0.86109;4;T;True;2
1621237684000;11515900;0.86108;0.8612;0.86114;9;T;True;2
1621237685000;11515903;0.86107;0.86119;0.86113;2;T;True;2
1621237686000;11515905;0.86107;0.86119;0.86113;1;T;True;2
1621237687000;11515908;0.86105;0.86117;0.86111;2;T;True;2
1621237688000;11515910;0.86106;0.86118;0.86112;1;T;True;2
1621237689000;11515914;0.86101;0.86113;0.86107;3;T;True;2
1621237690000;11515915;0.86101;0.86113;0.86107;0;T;True;2
1621237691000;11515916;0.86101;0.86113;0.86107;0;T;True;2
1621237692000;11515926;0.86098;0.8611;0.86104;9;T;True;2
1621237693000;11515930;0.86099;0.86111;0.86105;3;T;True;2
1621237694000;11515931;0.86099;0.86111;0.86105;0;T;True;2
1621237695000;11515934;0.86098;0.8611;0.86104;2;T;True;2
1621237696000;11515941;0.86102;0.86114;0.86108;6;T;True;2
1621237697000;11515943;0.86102;0.86114;0.86108;1;T;True;2
1621237698000;11515944;0.86102;0.86114;0.86108;0;T;True;2
1621237699000;11515945;0.86102;0.86114;0.86108;0;T;True;2
1621237700000;11515951;0.86103;0.86115;0.86109;5;T;True;2
1621237701000;11515953;0.86104;0.86116;0.8611;1;T;True;2
1621237702000;11515958;0.86107;0.86119;0.86113;4;T;True;2
1621237703000;11515959;0.86107;0.86119;0.86113;0;T;True;2
1621237704000;11515960;0.86107;0.86119;0.86113;0;T;True;2
1621237705000;11515963;0.86107;0.86119;0.86113;2;T;True;2
1621237706000;11515966;0.86107;0.86119;0.86113;2;T;True;2
1621237707000;11515967;0.86107;0.86119;0.86113;0;T;True;2
1621237708000;11515968;0.86107;0.86119;0.86113;0;T;True;2
1621237709000;11515969;0.86107;0.86119;0.86113;0;T;True;2
1621237710000;11515970;0.86107;0.86119;0.86113;0;T;True;2
1621237711000;11515971;0.86107;0.86119;0.86113;0;T;True;2
1621237712000;11515972;0.86107;0.86119;0.86113;0;T;True;2
1621237713000;11515974;0.86103;0.86115;0.86109;1;T;True;2
1621237714000;11515981;0.86106;0.86118;0.86112;6;T;True;2
1621237715000;11515982;0.86106;0.86118;0.86112;0;T;True;2
1621237716000;11515983;0.86106;0.86118;0.86112;0;T;True;2
1621237717000;11515984;0.86106;0.86118;0.86112;0;T;True;2
1621237718000;11515985;0.86106;0.86118;0.86112;0;T;True;2
1621237719000;11515986;0.86106;0.86118;0.86112;0;T;True;2
1621237720000;11515987;0.86106;0.86118;0.86112;0;T;True;2
1621237721000;11515988;0.86106;0.86118;0.86112;0;T;True;2
1621237722000;11515990;0.86108;0.8612;0.86114;1;T;True;2
1621237723000;11515992;0.86107;0.86119;0.86113;1;T;True;2
1621237724000;11515993;0.86107;0.86119;0.86113;0;T;True;2
1621237725000;11515994;0.86107;0.86119;0.86113;0;T;True;2
1621237726000;11515998;0.86109;0.86121;0.86115;3;T;True;2
1621237727000;11516000;0.86109;0.86121;0.86115;1;T;True;2
1621237728000;11516002;0.86109;0.86121;0.86115;1;T;True;2
1621237729000;11516008;0.86111;0.86123;0.86117;5;T;True;2
1621237730000;11516009;0.86111;0.86123;0.86117;0;T;True;2
1621237731000;11516010;0.86111;0.86123;0.86117;0;T;True;2
1621237732000;11516015;0.86113;0.86125;0.86119;4;T;True;2
1621237733000;11516016;0.86113;0.86125;0.86119;0;T;True;2
1621237734000;11516017;0.86113;0.86125;0.86119;0;T;True;2
1621237735000;11516023;0.86112;0.86124;0.86118;5;T;True;2
1621237736000;11516028;0.86113;0.86125;0.86119;4;T;True;2
1621237737000;11516034;0.86112;0.86124;0.86118;5;T;True;2
1621237738000;11516035;0.86112;0.86124;0.86118;0;T;True;2
1621237739000;11516036;0.86112;0.86124;0.86118;0;T;True;2
1621237740000;11516039;0.86111;0.86123;0.86117;2;T;True;2
1621237741000;11516042;0.86111;0.86123;0.86117;2;T;True;2
1621237742000;11516043;0.86111;0.86123;0.86117;0;T;True;2
1621237743000;11516044;0.86111;0.86123;0.86117;0;T;True;2
1621237744000;11516047;0.86111;0.86123;0.86117;2;T;True;2
1621237745000;11516049;0.86111;0.86123;0.86117;1;T;True;2
1621237746000;11516050;0.86111;0.86123;0.86117;0;T;True;2
1621237747000;11516051;0.86111;0.86123;0.86117;0;T;True;2
1621237748000;11516052;0.86111;0.86123;0.86117;0;T;True;2
1621237749000;11516060;0.8611;0.86122;0.86116;7;T;True;2
1621237750000;11516063;0.86109;0.86121;0.86115;2;T;True;2
1621237751000;11516065;0.86109;0.86121;0.86115;1;T;True;2
1621237752000;11516068;0.86108;0.8612;0.86114;2;T;True;2
1621237753000;11516070;0.86109;0.86121;0.86115;1;T;True;2
1621237754000;11516072;0.86108;0.8612;0.86114;1;T;True;2
1621237755000;11516081;0.86111;0.86123;0.86117;8;T;True;2
1621237756000;11516083;0.86111;0.86123;0.86117;1;T;True;2
1621237757000;11516087;0.86109;0.86121;0.86115;3;T;True;2
1621237758000;11516088;0.86109;0.86121;0.86115;0;T;True;2
1621237759000;11516089;0.86109;0.86121;0.86115;0;T;True;2
1621237760000;11516093;0.86109;0.86121;0.86115;3;T;True;2
1621237761000;11516094;0.86109;0.86121;0.86115;0;T;True;2
1621237762000;11516095;0.86109;0.86121;0.86115;0;T;True;2
1621237763000;11516096;0.86109;0.86121;0.86115;0;T;True;2
1621237764000;11516100;0.86107;0.86119;0.86113;3;T;True;2
1621237765000;11516103;0.86106;0.86118;0.86112;2;T;True;2
1621237766000;11516108;0.86104;0.86116;0.8611;4;T;True;2
1621237767000;11516109;0.86104;0.86116;0.8611;0;T;True;2
1621237768000;11516115;0.86109;0.86121;0.86115;5;T;True;2
1621237769000;11516117;0.86109;0.86121;0.86115;1;T;True;2
1621237770000;11516122;0.86111;0.86123;0.86117;4;T;True;2
1621237771000;11516124;0.86112;0.86124;0.86118;1;T;True;2
1621237772000;11516125;0.86112;0.86124;0.86118;0;T;True;2
1621237773000;11516128;0.86113;0.86125;0.86119;2;T;True;2
1621237774000;11516133;0.86111;0.86123;0.86117;4;T;True;2
1621237775000;11516136;0.86109;0.86121;0.86115;2;T;True;2
1621237776000;11516137;0.86109;0.86121;0.86115;0;T;True;2
1621237777000;11516138;0.86109;0.86121;0.86115;0;T;True;2
1621237778000;11516139;0.86109;0.86121;0.86115;0;T;True;2
1621237779000;11516140;0.86109;0.86121;0.86115;0;T;True;2
1621237780000;11516141;0.86109;0.86121;0.86115;0;T;True;2
1621237781000;11516149;0.86103;0.86115;0.86109;7;T;True;2
1621237782000;11516152;0.86103;0.86115;0.86109;2;T;True;2
1621237783000;11516153;0.86103;0.86115;0.86109;0;T;True;2
1621237784000;11516154;0.86103;0.86115;0.86109;0;T;True;2
1621237785000;11516155;0.86103;0.86115;0.86109;0;T;True;2
1621237786000;11516156;0.86103;0.86115;0.86109;0;T;True;2
1621237787000;11516159;0.86103;0.86115;0.86109;2;T;True;2
1621237788000;11516165;0.86105;0.86117;0.86111;5;T;True;2
1621237789000;11516171;0.86105;0.86117;0.86111;5;T;True;2
1621237790000;11516172;0.86105;0.86117;0.86111;0;T;True;2
1621237791000;11516173;0.86105;0.86117;0.86111;0;T;True;2
1621237792000;11516175;0.86105;0.86117;0.86111;1;T;True;2
1621237793000;11516177;0.86105;0.86117;0.86111;1;T;True;2
1621237794000;11516178;0.86105;0.86117;0.86111;0;T;True;2
1621237795000;11516179;0.86105;0.86117;0.86111;0;T;True;2
1621237796000;11516181;0.86105;0.86117;0.86111;1;T;True;2
1621237797000;11516183;0.86104;0.86116;0.8611;1;T;True;2
1621237798000;11516184;0.86104;0.86116;0.8611;0;T;True;2
1621237799000;11516185;0.86104;0.86116;0.8611;0;T;True;2
1621237800000;11516187;0.86104;0.86116;0.8611;1;T;True;2
1621237801000;11516188;0.86104;0.86116;0.8611;0;T;True;2
1621237802000;11516189;0.86104;0.86116;0.8611;0;T;True;2
1621237803000;11516200;0.86111;0.86123;0.86117;10;T;True;2
1621237804000;11516203;0.86111;0.86123;0.86117;2;T;True;2
1621237805000;11516205;0.86112;0.86124;0.86118;1;T;True;2
1621237806000;11516206;0.86112;0.86124;0.86118;0;T;True;2
1621237807000;11516207;0.86112;0.86124;0.86118;0;T;True;2
1621237808000;11516209;0.86111;0.86123;0.86117;1;T;True;2
1621237809000;11516210;0.86111;0.86123;0.86117;0;T;True;2
1621237810000;11516213;0.86113;0.86125;0.86119;2;T;True;2
1621237811000;11516214;0.86113;0.86125;0.86119;0;T;True;2
1621237812000;11516217;0.86113;0.86125;0.86119;2;T;True;2
1621237813000;11516218;0.86113;0.86125;0.86119;0;T;True;2
1621237814000;11516219;0.86113;0.86125;0.86119;0;T;True;2
1621237815000;11516220;0.86113;0.86125;0.86119;0;T;True;2
1621237816000;11516221;0.86113;0.86125;0.86119;0;T;True;2
1621237817000;11516222;0.86113;0.86125;0.86119;0;T;True;2
1621237818000;11516223;0.86113;0.86125;0.86119;0;T;True;2
1621237819000;11516224;0.86113;0.86125;0.86119;0;T;True;2
1621237820000;11516225;0.86113;0.86125;0.86119;0;T;True;2
1621237821000;11516226;0.86113;0.86125;0.86119;0;T;True;2
1621237822000;11516227;0.86113;0.86125;0.86119;0;T;True;2
1621237823000;11516229;0.86111;0.86123;0.86117;1;T;True;2
1621237824000;11516231;0.86112;0.86124;0.86118;1;T;True;2
1621237825000;11516232;0.86112;0.86124;0.86118;0;T;True;2
1621237826000;11516233;0.86112;0.86124;0.86118;0;T;True;2
1621237827000;11516235;0.86111;0.86123;0.86117;1;T;True;2
1621237828000;11516236;0.86111;0.86123;0.86117;0;T;True;2
1621237829000;11516237;0.86111;0.86123;0.86117;0;T;True;2
1621237830000;11516238;0.86111;0.86123;0.86117;0;T;True;2
1621237831000;11516239;0.86111;0.86123;0.86117;0;T;True;2
1621237832000;11516241;0.86113;0.86125;0.86119;1;T;True;2
1621237833000;11516243;0.86114;0.86126;0.8612;1;T;True;2
1621237834000;11516244;0.86114;0.86126;0.8612;0;T;True;2
1621237835000;11516248;0.86117;0.86129;0.86123;3;T;True;2
1621237836000;11516250;0.86116;0.86128;0.86122;1;T;True;2
1621237837000;11516251;0.86116;0.86128;0.86122;0;T;True;2
1621237838000;11516252;0.86116;0.86128;0.86122;0;T;True;2
1621237839000;11516253;0.86116;0.86128;0.86122;0;T;True;2
1621237840000;11516257;0.86117;0.86129;0.86123;3;T;True;2
1621237841000;11516258;0.86117;0.86129;0.86123;0;T;True;2
1621237842000;11516260;0.86117;0.86129;0.86123;1;T;True;2
1621237843000;11516263;0.86117;0.86129;0.86123;2;T;True;2
1621237844000;11516269;0.86121;0.86133;0.86127;5;T;True;2
1621237845000;11516272;0.86123;0.86135;0.86129;2;T;True;2
1621237846000;11516275;0.86125;0.86137;0.86131;2;T;True;2
1621237847000;11516276;0.86125;0.86137;0.86131;0;T;True;2
1621237848000;11516280;0.86123;0.86135;0.86129;3;T;True;2
1621237849000;11516282;0.86124;0.86136;0.8613;1;T;True;2
1621237850000;11516287;0.86127;0.86139;0.86133;4;T;True;2
1621237851000;11516288;0.86127;0.86139;0.86133;0;T;True;2
1621237852000;11516289;0.86127;0.86139;0.86133;0;T;True;2
1621237853000;11516290;0.86127;0.86139;0.86133;0;T;True;2
1621237854000;11516294;0.86127;0.86139;0.86133;3;T;True;2
1621237855000;11516295;0.86127;0.86139;0.86133;0;T;True;2
1621237856000;11516296;0.86127;0.86139;0.86133;0;T;True;2
1621237857000;11516297;0.86127;0.86139;0.86133;0;T;True;2
1621237858000;11516298;0.86127;0.86139;0.86133;0;T;True;2
1621237859000;11516306;0.86131;0.86143;0.86137;7;T;True;2
1621237860000;11516308;0.86132;0.86144;0.86138;1;T;True;2
1621237861000;11516310;0.86132;0.86144;0.86138;1;T;True;2
1621237862000;11516312;0.86132;0.86144;0.86138;1;T;True;2
1621237863000;11516316;0.86131;0.86143;0.86137;3;T;True;2
1621237864000;11516317;0.86131;0.86143;0.86137;0;T;True;2
1621237865000;11516318;0.86131;0.86143;0.86137;0;T;True;2
1621237866000;11516319;0.86131;0.86143;0.86137;0;T;True;2
1621237867000;11516320;0.86131;0.86143;0.86137;0;T;True;2
1621237868000;11516321;0.86131;0.86143;0.86137;0;T;True;2
1621237869000;11516322;0.86131;0.86143;0.86137;0;T;True;2
1621237870000;11516323;0.86131;0.86143;0.86137;0;T;True;2
1621237871000;11516324;0.86131;0.86143;0.86137;0;T;True;2
1621237872000;11516325;0.86131;0.86143;0.86137;0;T;True;2
1621237873000;11516326;0.86131;0.86143;0.86137;0;T;True;2
1621237874000;11516327;0.86131;0.86143;0.86137;0;T;True;2
1621237875000;11516328;0.86131;0.86143;0.86137;0;T;True;2
1621237876000;11516333;0.86131;0.86143;0.86137;4;T;True;2
1621237877000;11516334;0.86131;0.86143;0.86137;0;T;True;2
1621237878000;11516335;0.86131;0.86143;0.86137;0;T;True;2
1621237879000;11516340;0.86129;0.86141;0.86135;4;T;True;2
1621237880000;11516341;0.86129;0.86141;0.86135;0;T;True;2
1621237881000;11516342;0.86129;0.86141;0.86135;0;T;True;2
1621237882000;11516344;0.86128;0.8614;0.86134;1;T;True;2
1621237883000;11516348;0.86129;0.86141;0.86135;3;T;True;2
1621237884000;11516351;0.86129;0.86141;0.86135;2;T;True;2
1621237885000;11516352;0.86129;0.86141;0.86135;0;T;True;2
1621237886000;11516353;0.86129;0.86141;0.86135;0;T;True;2
1621237887000;11516354;0.86129;0.86141;0.86135;0;T;True;2
1621237888000;11516355;0.86129;0.86141;0.86135;0;T;True;2
1621237889000;11516357;0.86131;0.86143;0.86137;1;T;True;2
1621237890000;11516358;0.86131;0.86143;0.86137;0;T;True;2
1621237891000;11516359;0.86131;0.86143;0.86137;0;T;True;2
1621237892000;11516360;0.86131;0.86143;0.86137;0;T;True;2
1621237893000;11516361;0.86131;0.86143;0.86137;0;T;True;2
1621237894000;11516362;0.86131;0.86143;0.86137;0;T;True;2
1621237895000;11516363;0.86131;0.86143;0.86137;0;T;True;2
1621237896000;11516364;0.86131;0.86143;0.86137;0;T;True;2
1621237897000;11516365;0.86131;0.86143;0.86137;0;T;True;2
1621237898000;11516366;0.86131;0.86143;0.86137;0;T;True;2
1621237899000;11516367;0.86131;0.86143;0.86137;0;T;True;2
1621237900000;11516368;0.86131;0.86143;0.86137;0;T;True;2
1621237901000;11516371;0.86129;0.86141;0.86135;2;T;True;2
1621237902000;11516372;0.86129;0.86141;0.86135;0;T;True;2
1621237903000;11516373;0.86129;0.86141;0.86135;0;T;True;2
1621237904000;11516374;0.86129;0.86141;0.86135;0;T;True;2
1621237905000;11516376;0.86131;0.86143;0.86137;1;T;True;2
1621237906000;11516380;0.86131;0.86143;0.86137;3;T;True;2
1621237907000;11516383;0.86129;0.86141;0.86135;2;T;True;2
1621237908000;11516385;0.86131;0.86143;0.86137;1;T;True;2
1621237909000;11516388;0.86129;0.86141;0.86135;2;T;True;2
1621237910000;11516389;0.86129;0.86141;0.86135;0;T;True;2
1621237911000;11516390;0.86129;0.86141;0.86135;0;T;True;2
1621237912000;11516391;0.86129;0.86141;0.86135;0;T;True;2
1621237913000;11516393;0.86129;0.86141;0.86135;1;T;True;2
1621237914000;11516398;0.86126;0.86138;0.86132;4;T;True;2
1621237915000;11516399;0.86126;0.86138;0.86132;0;T;True;2
1621237916000;11516406;0.86129;0.86141;0.86135;6;T;True;2
1621237917000;11516409;0.86131;0.86143;0.86137;2;T;True;2
1621237918000;11516410;0.86131;0.86143;0.86137;0;T;True;2
1621237919000;11516420;0.86139;0.86151;0.86145;9;T;True;2
1621237920000;11516424;0.86138;0.8615;0.86144;3;T;True;2
1621237921000;11516427;0.86137;0.86149;0.86143;2;T;True;2
1621237922000;11516438;0.86139;0.86151;0.86145;10;T;True;2
1621237923000;11516439;0.86139;0.86151;0.86145;0;T;True;2
1621237924000;11516443;0.86141;0.86153;0.86147;3;T;True;2
1621237925000;11516449;0.86139;0.86151;0.86145;5;T;True;2
1621237926000;11516450;0.86139;0.86151;0.86145;0;T;True;2
1621237927000;11516455;0.86141;0.86153;0.86147;4;T;True;2
1621237928000;11516458;0.86141;0.86153;0.86147;2;T;True;2
1621237929000;11516462;0.86138;0.8615;0.86144;3;T;True;2
1621237930000;11516470;0.86141;0.86153;0.86147;7;T;True;2
1621237931000;11516477;0.86141;0.86153;0.86147;6;T;True;2
1621237932000;11516479;0.86141;0.86153;0.86147;1;T;True;2
1621237933000;11516480;0.86141;0.86153;0.86147;0;T;True;2
1621237934000;11516481;0.86141;0.86153;0.86147;0;T;True;2
1621237935000;11516488;0.86139;0.86151;0.86145;6;T;True;2
1621237936000;11516491;0.86137;0.86149;0.86143;2;T;True;2
1621237937000;11516495;0.86139;0.86151;0.86145;3;T;True;2
1621237938000;11516499;0.86139;0.86151;0.86145;3;T;True;2
1621237939000;11516500;0.86139;0.86151;0.86145;0;T;True;2
1621237940000;11516501;0.86139;0.86151;0.86145;0;T;True;2
1621237941000;11516507;0.86137;0.86149;0.86143;5;T;True;2
1621237942000;11516508;0.86137;0.86149;0.86143;0;T;True;2
1621237943000;11516509;0.86137;0.86149;0.86143;0;T;True;2
1621237944000;11516510;0.86137;0.86149;0.86143;0;T;True;2
1621237945000;11516511;0.86137;0.86149;0.86143;0;T;True;2
1621237946000;11516514;0.86137;0.86149;0.86143;2;T;True;2
1621237947000;11516518;0.86141;0.86153;0.86147;3;T;True;2
1621237948000;11516519;0.86141;0.86153;0.86147;0;T;True;2
1621237949000;11516520;0.86141;0.86153;0.86147;0;T;True;2
1621237950000;11516521;0.86141;0.86153;0.86147;0;T;True;2
1621237951000;11516525;0.86141;0.86153;0.86147;3;T;True;2
1621237952000;11516528;0.86141;0.86153;0.86147;2;T;True;2
1621237953000;11516530;0.86141;0.86153;0.86147;1;T;True;2
1621237954000;11516537;0.8614;0.86152;0.86146;6;T;True;2
1621237955000;11516538;0.8614;0.86152;0.86146;0;T;True;2
1621237956000;11516543;0.86139;0.86151;0.86145;4;T;True;2
1621237957000;11516547;0.8614;0.86152;0.86146;3;T;True;2
1621237958000;11516550;0.8614;0.86152;0.86146;2;T;True;2
1621237959000;11516551;0.8614;0.86152;0.86146;0;T;True;2
1621237960000;11516553;0.86141;0.86153;0.86147;1;T;True;2
1621237961000;11516556;0.86139;0.86151;0.86145;2;T;True;2
1621237962000;11516559;0.86139;0.86151;0.86145;2;T;True;2
1621237963000;11516560;0.86139;0.86151;0.86145;0;T;True;2
1621237964000;11516563;0.86137;0.86149;0.86143;2;T;True;2
1621237965000;11516569;0.8614;0.86152;0.86146;5;T;True;2
1621237966000;11516571;0.86141;0.86153;0.86147;1;T;True;2
1621237967000;11516581;0.86141;0.86153;0.86147;9;T;True;2
1621237968000;11516585;0.86141;0.86153;0.86147;3;T;True;2
1621237969000;11516586;0.86141;0.86153;0.86147;0;T;True;2
1621237970000;11516589;0.8614;0.86152;0.86146;2;T;True;2
1621237971000;11516596;0.86141;0.86153;0.86147;6;T;True;2
1621237972000;11516601;0.86141;0.86153;0.86147;4;T;True;2
1621237973000;11516607;0.86143;0.86155;0.86149;5;T;True;2
1621237974000;11516609;0.86143;0.86155;0.86149;1;T;True;2
1621237975000;11516613;0.86143;0.86155;0.86149;3;T;True;2
1621237976000;11516620;0.86144;0.86156;0.8615;6;T;True;2
1621237977000;11516621;0.86144;0.86156;0.8615;0;T;True;2
1621237978000;11516625;0.86141;0.86153;0.86147;3;T;True;2
1621237979000;11516626;0.86141;0.86153;0.86147;0;T;True;2
1621237980000;11516628;0.86141;0.86153;0.86147;1;T;True;2
1621237981000;11516629;0.86141;0.86153;0.86147;0;T;True;2
1621237982000;11516631;0.86141;0.86153;0.86147;1;T;True;2
1621237983000;11516632;0.86141;0.86153;0.86147;0;T;True;2
1621237984000;11516633;0.86141;0.86153;0.86147;0;T;True;2
1621237985000;11516641;0.86143;0.86155;0.86149;7;T;True;2
1621237986000;11516652;0.86151;0.86163;0.86157;10;T;True;2
1621237987000;11516655;0.86151;0.86163;0.86157;2;T;True;2
1621237988000;11516663;0.86145;0.86157;0.86151;7;T;True;2
1621237989000;11516667;0.86143;0.86155;0.86149;3;T;True;2
1621237990000;11516669;0.86145;0.86157;0.86151;1;T;True;2
1621237991000;11516675;0.86147;0.86159;0.86153;5;T;True;2
1621237992000;11516677;0.86147;0.86159;0.86153;1;T;True;2
1621237993000;11516687;0.86149;0.86161;0.86155;9;T;True;2
1621237994000;11516688;0.86149;0.86161;0.86155;0;T;True;2
1621237995000;11516690;0.86149;0.86161;0.86155;1;T;True;2
1621237996000;11516691;0.86149;0.86161;0.86155;0;T;True;2
1621237997000;11516694;0.86149;0.86161;0.86155;2;T;True;2
1621237998000;11516696;0.86148;0.8616;0.86154;1;T;True;2
1621237999000;11516698;0.86148;0.8616;0.86154;1;T;True;2
1621238000000;11516699;0.86148;0.8616;0.86154;0;T;True;2
1621238001000;11516704;0.86147;0.86159;0.86153;4;T;True;2
1621238002000;11516705;0.86147;0.86159;0.86153;0;T;True;2
1621238003000;11516706;0.86147;0.86159;0.86153;0;T;True;2
1621238004000;11516707;0.86147;0.86159;0.86153;0;T;True;2
1621238005000;11516713;0.86143;0.86155;0.86149;5;T;True;2
1621238006000;11516725;0.86143;0.86155;0.86149;11;T;True;2
1621238007000;11516728;0.86142;0.86154;0.86148;2;T;True;2
1621238008000;11516730;0.86141;0.86153;0.86147;1;T;True;2
1621238009000;11516731;0.86141;0.86153;0.86147;0;T;True;2
1621238010000;11516732;0.86141;0.86153;0.86147;0;T;True;2
1621238011000;11516738;0.86139;0.86151;0.86145;5;T;True;2
1621238012000;11516739;0.86139;0.86151;0.86145;0;T;True;2
1621238013000;11516750;0.86133;0.86145;0.86139;10;T;True;2
1621238014000;11516756;0.86136;0.86148;0.86142;5;T;True;2
1621238015000;11516758;0.86137;0.86149;0.86143;1;T;True;2
1621238016000;11516761;0.86136;0.86148;0.86142;2;T;True;2
1621238017000;11516766;0.86135;0.86147;0.86141;4;T;True;2
1621238018000;11516771;0.86134;0.86146;0.8614;4;T;True;2
1621238019000;11516772;0.86134;0.86146;0.8614;0;T;True;2
1621238020000;11516775;0.86133;0.86145;0.86139;2;T;True;2
1621238021000;11516777;0.86132;0.86144;0.86138;1;T;True;2
1621238022000;11516780;0.86132;0.86144;0.86138;2;T;True;2
1621238023000;11516785;0.86131;0.86143;0.86137;4;T;True;2
1621238024000;11516791;0.86131;0.86143;0.86137;5;T;True;2
1621238025000;11516794;0.86137;0.86149;0.86143;2;T;True;2
1621238026000;11516796;0.86138;0.8615;0.86144;1;T;True;2
1621238027000;11516797;0.86138;0.8615;0.86144;0;T;True;2
1621238028000;11516802;0.86135;0.86147;0.86141;4;T;True;2
1621238029000;11516804;0.86135;0.86147;0.86141;1;T;True;2
1621238030000;11516805;0.86135;0.86147;0.86141;0;T;True;2
1621238031000;11516807;0.86135;0.86147;0.86141;1;T;True;2
1621238032000;11516812;0.86133;0.86145;0.86139;4;T;True;2
1621238033000;11516817;0.86135;0.86147;0.86141;4;T;True;2
1621238034000;11516819;0.86135;0.86147;0.86141;1;T;True;2
1621238035000;11516822;0.86135;0.86147;0.86141;2;T;True;2
1621238036000;11516824;0.86135;0.86147;0.86141;1;T;True;2
1621238037000;11516828;0.86136;0.86148;0.86142;3;T;True;2
1621238038000;11516829;0.86136;0.86148;0.86142;0;T;True;2
1621238039000;11516832;0.86135;0.86147;0.86141;2;T;True;2
1621238040000;11516837;0.86137;0.86149;0.86143;4;T;True;2
1621238041000;11516842;0.86131;0.86143;0.86137;4;T;True;2
1621238042000;11516843;0.86131;0.86143;0.86137;0;T;True;2
1621238043000;11516847;0.86131;0.86143;0.86137;3;T;True;2
1621238044000;11516848;0.86131;0.86143;0.86137;0;T;True;2
1621238045000;11516849;0.86131;0.86143;0.86137;0;T;True;2
1621238046000;11516850;0.86131;0.86143;0.86137;0;T;True;2
1621238047000;11516851;0.86131;0.86143;0.86137;0;T;True;2
1621238048000;11516852;0.86131;0.86143;0.86137;0;T;True;2
1621238049000;11516853;0.86131;0.86143;0.86137;0;T;True;2
1621238050000;11516860;0.86127;0.86139;0.86133;6;T;True;2
1621238051000;11516862;0.86126;0.86138;0.86132;1;T;True;2
1621238052000;11516863;0.86126;0.86138;0.86132;0;T;True;2
1621238053000;11516866;0.86126;0.86138;0.86132;2;T;True;2
1621238054000;11516872;0.86127;0.86139;0.86133;5;T;True;2
1621238055000;11516874;0.86127;0.86139;0.86133;1;T;True;2
1621238056000;11516877;0.86127;0.86139;0.86133;2;T;True;2
1621238057000;11516878;0.86127;0.86139;0.86133;0;T;True;2
1621238058000;11516882;0.86125;0.86137;0.86131;3;T;True;2
1621238059000;11516884;0.86125;0.86137;0.86131;1;T;True;2
1621238060000;11516891;0.86119;0.86131;0.86125;6;T;True;2
1621238061000;11516894;0.86119;0.86131;0.86125;2;T;True;2
1621238062000;11516895;0.86119;0.86131;0.86125;0;T;True;2
1621238063000;11516896;0.86119;0.86131;0.86125;0;T;True;2
1621238064000;11516905;0.86117;0.86129;0.86123;8;T;True;2
1621238065000;11516906;0.86117;0.86129;0.86123;0;T;True;2
1621238066000;11516907;0.86117;0.86129;0.86123;0;T;True;2
1621238067000;11516908;0.86117;0.86129;0.86123;0;T;True;2
1621238068000;11516909;0.86117;0.86129;0.86123;0;T;True;2
1621238069000;11516913;0.86117;0.86129;0.86123;3;T;True;2
1621238070000;11516920;0.86113;0.86125;0.86119;6;T;True;2
1621238071000;11516922;0.86115;0.86127;0.86121;1;T;True;2
1621238072000;11516923;0.86115;0.86127;0.86121;0;T;True;2
1621238073000;11516924;0.86115;0.86127;0.86121;0;T;True;2
1621238074000;11516928;0.86114;0.86126;0.8612;3;T;True;2
1621238075000;11516929;0.86114;0.86126;0.8612;0;T;True;2
1621238076000;11516930;0.86114;0.86126;0.8612;0;T;True;2
1621238077000;11516931;0.86114;0.86126;0.8612;0;T;True;2
1621238078000;11516934;0.86113;0.86125;0.86119;2;T;True;2
1621238079000;11516935;0.86113;0.86125;0.86119;0;T;True;2
1621238080000;11516936;0.86113;0.86125;0.86119;0;T;True;2
1621238081000;11516937;0.86113;0.86125;0.86119;0;T;True;2
1621238082000;11516943;0.86115;0.86127;0.86121;5;T;True;2
1621238083000;11516949;0.86113;0.86125;0.86119;5;T;True;2
1621238084000;11516953;0.86111;0.86123;0.86117;3;T;True;2
1621238085000;11516955;0.8611;0.86122;0.86116;1;T;True;2
1621238086000;11516956;0.8611;0.86122;0.86116;0;T;True;2
1621238087000;11516957;0.8611;0.86122;0.86116;0;T;True;2
1621238088000;11516959;0.86109;0.86121;0.86115;1;T;True;2
1621238089000;11516960;0.86109;0.86121;0.86115;0;T;True;2
1621238090000;11516961;0.86109;0.86121;0.86115;0;T;True;2
1621238091000;11516962;0.86109;0.86121;0.86115;0;T;True;2
1621238092000;11516963;0.86109;0.86121;0.86115;0;T;True;2
1621238093000;11516964;0.86109;0.86121;0.86115;0;T;True;2
1621238094000;11516965;0.86109;0.86121;0.86115;0;T;True;2
1621238095000;11516967;0.8611;0.86122;0.86116;1;T;True;2
1621238096000;11516969;0.86111;0.86123;0.86117;1;T;True;2
1621238097000;11516970;0.86111;0.86123;0.86117;0;T;True;2
1621238098000;11516972;0.86111;0.86123;0.86117;1;T;True;2
1621238099000;11516978;0.86107;0.86119;0.86113;5;T;True;2
1621238100000;11516981;0.86106;0.86118;0.86112;2;T;True;2
1621238101000;11516983;0.86106;0.86118;0.86112;1;T;True;2
1621238102000;11516984;0.86106;0.86118;0.86112;0;T;True;2
1621238103000;11516986;0.86105;0.86117;0.86111;1;T;True;2
1621238104000;11516989;0.86107;0.86119;0.86113;2;T;True;2
1621238105000;11516991;0.86107;0.86119;0.86113;1;T;True;2
1621238106000;11516994;0.86108;0.8612;0.86114;2;T;True;2
1621238107000;11516995;0.86108;0.8612;0.86114;0;T;True;2
1621238108000;11516997;0.86108;0.8612;0.86114;1;T;True;2
1621238109000;11516998;0.86108;0.8612;0.86114;0;T;True;2
1621238110000;11517001;0.86108;0.8612;0.86114;2;T;True;2
1621238111000;11517002;0.86108;0.8612;0.86114;0;T;True;2
1621238112000;11517003;0.86108;0.8612;0.86114;0;T;True;2
1621238113000;11517005;0.86108;0.8612;0.86114;1;T;True;2
1621238114000;11517008;0.86107;0.86119;0.86113;2;T;True;2
1621238115000;11517009;0.86107;0.86119;0.86113;0;T;True;2
1621238116000;11517010;0.86107;0.86119;0.86113;0;T;True;2
1621238117000;11517011;0.86107;0.86119;0.86113;0;T;True;2
1621238118000;11517014;0.86105;0.86117;0.86111;2;T;True;2
1621238119000;11517016;0.86104;0.86116;0.8611;1;T;True;2
1621238120000;11517017;0.86104;0.86116;0.8611;0;T;True;2
1621238121000;11517018;0.86104;0.86116;0.8611;0;T;True;2
1621238122000;11517019;0.86104;0.86116;0.8611;0;T;True;2
1621238123000;11517024;0.86103;0.86115;0.86109;4;T;True;2
1621238124000;11517029;0.86103;0.86115;0.86109;4;T;True;2
1621238125000;11517031;0.86103;0.86115;0.86109;1;T;True;2
1621238126000;11517034;0.86104;0.86116;0.8611;2;T;True;2
1621238127000;11517038;0.86103;0.86115;0.86109;3;T;True;2
1621238128000;11517044;0.86103;0.86115;0.86109;5;T;True;2
1621238129000;11517046;0.86103;0.86115;0.86109;1;T;True;2
1621238130000;11517047;0.86103;0.86115;0.86109;0;T;True;2
1621238131000;11517049;0.86103;0.86115;0.86109;1;T;True;2
1621238132000;11517050;0.86103;0.86115;0.86109;0;T;True;2
1621238133000;11517051;0.86103;0.86115;0.86109;0;T;True;2
1621238134000;11517057;0.86102;0.86114;0.86108;5;T;True;2
1621238135000;11517062;0.86101;0.86113;0.86107;4;T;True;2
1621238136000;11517064;0.86099;0.86111;0.86105;1;T;True;2
1621238137000;11517065;0.86099;0.86111;0.86105;0;T;True;2
1621238138000;11517066;0.86099;0.86111;0.86105;0;T;True;2
1621238139000;11517067;0.86099;0.86111;0.86105;0;T;True;2
1621238140000;11517068;0.86099;0.86111;0.86105;0;T;True;2
1621238141000;11517069;0.86099;0.86111;0.86105;0;T;True;2
1621238142000;11517070;0.86099;0.86111;0.86105;0;T;True;2
1621238143000;11517071;0.86099;0.86111;0.86105;0;T;True;2
1621238144000;11517072;0.86099;0.86111;0.86105;0;T;True;2
1621238145000;11517073;0.86099;0.86111;0.86105;0;T;True;2
1621238146000;11517074;0.86099;0.86111;0.86105;0;T;True;2
1621238147000;11517075;0.86099;0.86111;0.86105;0;T;True;2
1621238148000;11517076;0.86099;0.86111;0.86105;0;T;True;2
1621238149000;11517078;0.86101;0.86113;0.86107;1;T;True;2
1621238150000;11517083;0.86102;0.86114;0.86108;4;T;True;2
1621238151000;11517085;0.86103;0.86115;0.86109;1;T;True;2
1621238152000;11517086;0.86103;0.86115;0.86109;0;T;True;2
1621238153000;11517087;0.86103;0.86115;0.86109;0;T;True;2
1621238154000;11517088;0.86103;0.86115;0.86109;0;T;True;2
1621238155000;11517089;0.86103;0.86115;0.86109;0;T;True;2
1621238156000;11517090;0.86103;0.86115;0.86109;0;T;True;2
1621238157000;11517091;0.86103;0.86115;0.86109;0;T;True;2
1621238158000;11517092;0.86103;0.86115;0.86109;0;T;True;2
1621238159000;11517093;0.86103;0.86115;0.86109;0;T;True;2
1621238160000;11517097;0.86104;0.86116;0.8611;3;T;True;2
1621238161000;11517099;0.86104;0.86116;0.8611;1;T;True;2
1621238162000;11517100;0.86104;0.86116;0.8611;0;T;True;2
1621238163000;11517102;0.86104;0.86116;0.8611;1;T;True;2
1621238164000;11517106;0.86103;0.86115;0.86109;3;T;True;2
1621238165000;11517107;0.86103;0.86115;0.86109;0;T;True;2
1621238166000;11517109;0.86104;0.86116;0.8611;1;T;True;2
1621238167000;11517110;0.86104;0.86116;0.8611;0;T;True;2
1621238168000;11517114;0.86104;0.86116;0.8611;3;T;True;2
1621238169000;11517116;0.86104;0.86116;0.8611;1;T;True;2
1621238170000;11517120;0.86104;0.86116;0.8611;3;T;True;2
1621238171000;11517121;0.86104;0.86116;0.8611;0;T;True;2
1621238172000;11517122;0.86104;0.86116;0.8611;0;T;True;2
1621238173000;11517126;0.86103;0.86115;0.86109;3;T;True;2
1621238174000;11517127;0.86103;0.86115;0.86109;0;T;True;2
1621238175000;11517129;0.86105;0.86117;0.86111;1;T;True;2
1621238176000;11517136;0.86103;0.86115;0.86109;6;T;True;2
1621238177000;11517139;0.86103;0.86115;0.86109;2;T;True;2
1621238178000;11517140;0.86103;0.86115;0.86109;0;T;True;2
1621238179000;11517141;0.86103;0.86115;0.86109;0;T;True;2
1621238180000;11517142;0.86103;0.86115;0.86109;0;T;True;2
1621238181000;11517143;0.86103;0.86115;0.86109;0;T;True;2
1621238182000;11517144;0.86103;0.86115;0.86109;0;T;True;2
1621238183000;11517145;0.86103;0.86115;0.86109;0;T;True;2
1621238184000;11517148;0.86103;0.86115;0.86109;2;T;True;2
1621238185000;11517151;0.86103;0.86115;0.86109;2;T;True;2
1621238186000;11517152;0.86103;0.86115;0.86109;0;T;True;2
1621238187000;11517154;0.86102;0.86114;0.86108;1;T;True;2
1621238188000;11517156;0.86103;0.86115;0.86109;1;T;True;2
1621238189000;11517160;0.86102;0.86114;0.86108;3;T;True;2
