ts;n;bid;ask;value;volume;phase;round;active_id
1621240062000;11520650;0.86127;0.86139;0.86133;2;T;True;2
1621240063000;11520652;0.86127;0.86139;0.86133;1;T;True;2
1621240064000;11520653;0.86127;0.86139;0.86133;0;T;True;2
1621240065000;11520656;0.86125;0.86137;0.86131;2;T;True;2
1621240066000;11520659;0.86125;0.86137;0.86131;2;T;True;2
1621240067000;11520661;0.86125;0.86137;0.86131;1;T;True;2
1621240068000;11520662;0.86125;0.86137;0.86131;0;T;True;2
1621240069000;11520663;0.86125;0.86137;0.86131;0;T;True;2
1621240070000;11520664;0.86125;0.86137;0.86131;0;T;True;2
1621240071000;11520666;0.86127;0.86139;0.86133;1;T;True;2
1621240072000;11520668;0.86127;0.86139;0.86133;1;T;True;2
1621240073000;11520669;0.86127;0.86139;0.86133;0;T;True;2
1621240074000;11520670;0.86127;0.86139;0.86133;0;T;True;2
1621240075000;11520672;0.86125;0.86137;0.86131;1;T;True;2
1621240076000;11520673;0.86125;0.86137;0.86131;0;T;True;2
1621240077000;11520674;0.86125;0.86137;0.86131;0;T;True;2
1621240078000;11520675;0.86125;0.86137;0.86131;0;T;True;2
1621240079000;11520676;0.86125;0.86137;0.86131;0;T;True;2
1621240080000;11520677;0.86125;0.86137;0.86131;0;T;True;2
1621240081000;11520679;0.86125;0.86137;0.86131;1;T;True;2
1621240082000;11520680;0.86125;0.86137;0.86131;0;T;True;2
1621240083000;11520683;0.86127;0.86139;0.86133;2;T;True;2
1621240084000;11520684;0.86127;0.86139;0.86133;0;T;True;2
1621240085000;11520685;0.86127;0.86139;0.86133;0;T;True;2
1621240086000;11520687;0.86127;0.86139;0.86133;1;T;True;2
1621240087000;11520691;0.86126;0.86138;0.86132;3;T;True;2
1621240088000;11520695;0.86127;0.86139;0.86133;3;T;True;2
1621240089000;11520698;0.86127;0.86139;0.86133;2;T;True;2
1621240090000;11520700;0.86128;0.8614;0.86134;1;T;True;2
1621240091000;11520701;0.86128;0.8614;0.86134;0;T;True;2
1621240092000;11520702;0.86128;0.8614;0.86134;0;T;True;2
1621240093000;11520703;0.86128;0.8614;0.86134;0;T;True;2
1621240094000;11520704;0.86128;0.8614;0.86134;0;T;True;2
1621240095000;11520705;0.86128;0.8614;0.86134;0;T;True;2
1621240096000;11520707;0.86129;0.86141;0.86135;1;T;True;2
1621240097000;11520708;0.86129;0.86141;0.86135;0;T;True;2
1621240098000;11520710;0.86128;0.8614;0.86134;1;T;True;2
1621240099000;11520712;0.86129;0.86141;0.86135;1;T;True;2
1621240100000;11520715;0.86129;0.86141;0.86135;2;T;True;2
1621240101000;11520718;0.86131;0.86143;0.86137;2;T;True;2
1621240102000;11520721;0.86131;0.86143;0.86137;2;T;True;2
1621240103000;11520723;0.86131;0.86143;0.86137;1;T;True;2
1621240104000;11520724;0.86131;0.86143;0.86137;0;T;True;2
1621240105000;11520727;0.86131;0.86143;0.86137;2;T;True;2
1621240106000;11520729;0.86131;0.86143;0.86137;1;T;True;2
1621240107000;11520730;0.86131;0.86143;0.86137;0;T;True;2
1621240108000;11520731;0.86131;0.86143;0.86137;0;T;True;2
1621240109000;11520733;0.86131;0.86143;0.86137;1;T;True;2
1621240110000;11520734;0.86131;0.86143;0.86137;0;T;True;2
1621240111000;11520735;0.86131;0.86143;0.86137;0;T;True;2
1621240112000;11520736;0.86131;0.86143;0.86137;0;T;True;2
1621240113000;11520737;0.86131;0.86143;0.86137;0;T;True;2
1621240114000;11520739;0.86131;0.86143;0.86137;1;T;True;2
1621240115000;11520740;0.86131;0.86143;0.86137;0;T;True;2
1621240116000;11520741;0.86131;0.86143;0.86137;0;T;True;2
1621240117000;11520743;0.86131;0.86143;0.86137;1;T;True;2
1621240118000;11520746;0.86133;0.86145;0.86139;2;T;True;2
1621240119000;11520747;0.86133;0.86145;0.86139;0;T;True;2
1621240120000;11520748;0.86133;0.86145;0.86139;0;T;True;2
1621240121000;11520751;0.86133;0.86145;0.86139;2;T;True;2
1621240122000;11520753;0.86133;0.86145;0.86139;1;T;True;2
1621240123000;11520754;0.86133;0.86145;0.86139;0;T;True;2
1621240124000;11520756;0.86133;0.86145;0.86139;1;T;True;2
1621240125000;11520757;0.86133;0.86145;0.86139;0;T;True;2
1621240126000;11520760;0.86133;0.86145;0.86139;2;T;True;2
1621240127000;11520761;0.86133;0.86145;0.86139;0;T;True;2
1621240128000;11520764;0.86133;0.86145;0.86139;2;T;True;2
1621240129000;11520765;0.86133;0.86145;0.86139;0;T;True;2
1621240130000;11520766;0.86133;0.86145;0.86139;0;T;True;2
1621240131000;11520769;0.86133;0.86145;0.86139;2;T;True;2
1621240132000;11520770;0.86133;0.86145;0.86139;0;T;True;2
1621240133000;11520772;0.86134;0.86146;0.8614;1;T;True;2
1621240134000;11520774;0.86135;0.86147;0.86141;1;T;True;2
1621240135000;11520775;0.86135;0.86147;0.86141;0;T;True;2
1621240136000;11520776;0.86135;0.86147;0.86141;0;T;True;2
1621240137000;11520777;0.86135;0.86147;0.86141;0;T;True;2
1621240138000;11520782;0.86136;0.86148;0.86142;4;T;True;2
1621240139000;11520783;0.86136;0.86148;0.86142;0;T;True;2
1621240140000;11520785;0.86136;0.86148;0.86142;1;T;True;2
1621240141000;11520788;0.86136;0.86148;0.86142;2;T;True;2
1621240142000;11520792;0.86133;0.86145;0.86139;3;T;True;2
1621240143000;11520795;0.86133;0.86145;0.86139;2;T;True;2
1621240144000;11520796;0.86133;0.86145;0.86139;0;T;True;2
1621240145000;11520798;0.86135;0.86147;0.86141;1;T;True;2
1621240146000;11520801;0.86136;0.86148;0.86142;2;T;True;2
1621240147000;11520802;0.86136;0.86148;0.86142;0;T;True;2
1621240148000;11520803;0.86136;0.86148;0.86142;0;T;True;2
1621240149000;11520809;0.86135;0.86147;0.86141;5;T;True;2
1621240150000;11520811;0.86136;0.86148;0.86142;1;T;True;2
1621240151000;11520813;0.86137;0.86149;0.86143;1;T;True;2
1621240152000;11520819;0.86137;0.86149;0.86143;5;T;True;2
1621240153000;11520821;0.86139;0.86151;0.86145;1;T;True;2
1621240154000;11520822;0.86139;0.86151;0.86145;0;T;True;2
1621240155000;11520823;0.86139;0.86151;0.86145;0;T;True;2
1621240156000;11520824;0.86139;0.86151;0.86145;0;T;True;2
1621240157000;11520826;0.86139;0.86151;0.86145;1;T;True;2
1621240158000;11520827;0.86139;0.86151;0.86145;0;T;True;2
1621240159000;11520828;0.86139;0.86151;0.86145;0;T;True;2
1621240160000;11520829;0.86139;0.86151;0.86145;0;T;True;2
1621240161000;11520830;0.86139;0.86151;0.86145;0;T;True;2
1621240162000;11520835;0.86141;0.86153;0.86147;4;T;True;2
1621240163000;11520837;0.86141;0.86153;0.86147;1;T;True;2
1621240164000;11520838;0.86141;0.86153;0.86147;0;T;True;2
1621240165000;11520840;0.8614;0.86152;0.86146;1;T;True;2
1621240166000;11520842;0.8614;0.86152;0.86146;1;T;True;2
1621240167000;11520845;0.86139;0.86151;0.86145;2;T;True;2
1621240168000;11520846;0.86139;0.86151;0.86145;0;T;True;2
1621240169000;11520847;0.86139;0.86151;0.86145;0;T;True;2
1621240170000;11520848;0.86139;0.86151;0.86145;0;T;True;2
1621240171000;11520850;0.86139;0.86151;0.86145;1;T;True;2
1621240172000;11520851;0.86139;0.86151;0.86145;0;T;True;2
1621240173000;11520856;0.86137;0.86149;0.86143;4;T;True;2
1621240174000;11520858;0.86137;0.86149;0.86143;1;T;True;2
1621240175000;11520859;0.86137;0.86149;0.86143;0;T;True;2
1621240176000;11520860;0.86137;0.86149;0.86143;0;T;True;2
1621240177000;11520861;0.86137;0.86149;0.86143;0;T;True;2
1621240178000;11520862;0.86137;0.86149;0.86143;0;T;True;2
1621240179000;11520863;0.86137;0.86149;0.86143;0;T;True;2
1621240180000;11520864;0.86137;0.86149;0.86143;0;T;True;2
1621240181000;11520873;0.86133;0.86145;0.86139;8;T;True;2
1621240182000;11520878;0.86131;0.86143;0.86137;4;T;True;2
1621240183000;11520881;0.86131;0.86143;0.86137;2;T;True;2
1621240184000;11520885;0.86131;0.86143;0.86137;3;T;True;2
1621240185000;11520886;0.86131;0.86143;0.86137;0;T;True;2
1621240186000;11520888;0.86131;0.86143;0.86137;1;T;True;2
1621240187000;11520889;0.86131;0.86143;0.86137;0;T;True;2
1621240188000;11520890;0.86131;0.86143;0.86137;0;T;True;2
1621240189000;11520891;0.86131;0.86143;0.86137;0;T;True;2
1621240190000;11520892;0.86131;0.86143;0.86137;0;T;True;2
1621240191000;11520893;0.86131;0.86143;0.86137;0;T;True;2
1621240192000;11520894;0.86131;0.86143;0.86137;0;T;True;2
1621240193000;11520895;0.86131;0.86143;0.86137;0;T;True;2
1621240194000;11520900;0.86128;0.8614;0.86134;4;T;True;2
1621240195000;11520902;0.86127;0.86139;0.86133;1;T;True;2
1621240196000;11520904;0.86127;0.86139;0.86133;1;T;True;2
1621240197000;11520907;0.86127;0.86139;0.86133;2;T;True;2
1621240198000;11520910;0.86129;0.86141;0.86135;2;T;True;2
1621240199000;11520911;0.86129;0.86141;0.86135;0;T;True;2
1621240200000;11520912;0.86129;0.86141;0.86135;0;T;True;2
1621240201000;11520914;0.86129;0.86141;0.86135;1;T;True;2
1621240202000;11520915;0.86129;0.86141;0.86135;0;T;True;2
1621240203000;11520916;0.86129;0.86141;0.86135;0;T;True;2
1621240204000;11520918;0.8613;0.86142;0.86136;1;T;True;2
1621240205000;11520919;0.8613;0.86142;0.86136;0;T;True;2
1621240206000;11520920;0.8613;0.86142;0.86136;0;T;True;2
1621240207000;11520922;0.86131;0.86143;0.86137;1;T;True;2
1621240208000;11520923;0.86131;0.86143;0.86137;0;T;True;2
1621240209000;11520925;0.86131;0.86143;0.86137;1;T;True;2
1621240210000;11520928;0.86132;0.86144;0.86138;2;T;True;2
1621240211000;11520929;0.86132;0.86144;0.86138;0;T;True;2
1621240212000;11520931;0.86133;0.86145;0.86139;1;T;True;2
1621240213000;11520934;0.86133;0.86145;0.86139;2;T;True;2
1621240214000;11520935;0.86133;0.86145;0.86139;0;T;True;2
1621240215000;11520936;0.86133;0.86145;0.86139;0;T;True;2
1621240216000;11520937;0.86133;0.86145;0.86139;0;T;True;2
1621240217000;11520938;0.86133;0.86145;0.86139;0;T;True;2
1621240218000;11520939;0.86133;0.86145;0.86139;0;T;True;2
1621240219000;11520943;0.86135;0.86147;0.86141;3;T;True;2
1621240220000;11520944;0.86135;0.86147;0.86141;0;T;True;2
1621240221000;11520949;0.86139;0.86151;0.86145;4;T;True;2
1621240222000;11520950;0.86139;0.86151;0.86145;0;T;True;2
1621240223000;11520951;0.86139;0.86151;0.86145;0;T;True;2
1621240224000;11520955;0.86139;0.86151;0.86145;3;T;True;2
1621240225000;11520958;0.86137;0.86149;0.86143;2;T;True;2
1621240226000;11520959;0.86137;0.86149;0.86143;0;T;True;2
1621240227000;11520961;0.86139;0.86151;0.86145;1;T;True;2
1621240228000;11520962;0.86139;0.86151;0.86145;0;T;True;2
1621240229000;11520963;0.86139;0.86151;0.86145;0;T;True;2
1621240230000;11520964;0.86139;0.86151;0.86145;0;T;True;2
1621240231000;11520966;0.86138;0.8615;0.86144;1;T;True;2
1621240232000;11520967;0.86138;0.8615;0.86144;0;T;True;2
1621240233000;11520968;0.86138;0.8615;0.86144;0;T;True;2
1621240234000;11520974;0.86139;0.86151;0.86145;5;T;True;2
1621240235000;11520975;0.86139;0.86151;0.86145;0;T;True;2
1621240236000;11520977;0.86141;0.86153;0.86147;1;T;True;2
1621240237000;11520978;0.86141;0.86153;0.86147;0;T;True;2
1621240238000;11520979;0.86141;0.86153;0.86147;0;T;True;2
1621240239000;11520980;0.86141;0.86153;0.86147;0;T;True;2
1621240240000;11520981;0.86141;0.86153;0.86147;0;T;True;2
1621240241000;11520984;0.86139;0.86151;0.86145;2;T;True;2
1621240242000;11520985;0.86139;0.86151;0.86145;0;T;True;2
1621240243000;11520986;0.86139;0.86151;0.86145;0;T;True;2
1621240244000;11520989;0.86141;0.86153;0.86147;2;T;True;2
1621240245000;11520992;0.86141;0.86153;0.86147;2;T;True;2
1621240246000;11520996;0.86141;0.86153;0.86147;3;T;True;2
1621240247000;11521000;0.86139;0.86151;0.86145;3;T;True;2
1621240248000;11521003;0.86138;0.8615;0.86144;2;T;True;2
1621240249000;11521006;0.86138;0.8615;0.86144;2;T;True;2
1621240250000;11521009;0.86138;0.8615;0.86144;2;T;True;2
1621240251000;11521011;0.86139;0.86151;0.86145;1;T;True;2
1621240252000;11521012;0.86139;0.86151;0.86145;0;T;True;2
1621240253000;11521013;0.86139;0.86151;0.86145;0;T;True;2
1621240254000;11521015;0.86138;0.8615;0.86144;1;T;True;2
1621240255000;11521017;0.86139;0.86151;0.86145;1;T;True;2
1621240256000;11521020;0.86139;0.86151;0.86145;2;T;True;2
1621240257000;11521022;0.86139;0.86151;0.86145;1;T;True;2
1621240258000;11521024;0.86139;0.86151;0.86145;1;T;True;2
1621240259000;11521025;0.86139;0.86151;0.86145;0;T;True;2
1621240260000;11521028;0.86141;0.86153;0.86147;2;T;True;2
1621240261000;11521030;0.8614;0.86152;0.86146;1;T;True;2
1621240262000;11521031;0.8614;0.86152;0.86146;0;T;True;2
1621240263000;11521032;0.8614;0.86152;0.86146;0;T;True;2
1621240264000;11521033;0.8614;0.86152;0.86146;0;T;True;2
1621240265000;11521034;0.8614;0.86152;0.86146;0;T;True;2
1621240266000;11521035;0.8614;0.86152;0.86146;0;T;True;2
1621240267000;11521043;0.86136;0.86148;0.86142;7;T;True;2
1621240268000;11521044;0.86136;0.86148;0.86142;0;T;True;2
1621240269000;11521048;0.86137;0.86149;0.86143;3;T;True;2
1621240270000;11521049;0.86137;0.86149;0.86143;0;T;True;2
1621240271000;11521050;0.86137;0.86149;0.86143;0;T;True;2
1621240272000;11521051;0.86137;0.86149;0.86143;0;T;True;2
1621240273000;11521052;0.86137;0.86149;0.86143;0;T;True;2
1621240274000;11521053;0.86137;0.86149;0.86143;0;T;True;2
1621240275000;11521054;0.86137;0.86149;0.86143;0;T;True;2
1621240276000;11521055;0.86137;0.86149;0.86143;0;T;True;2
1621240277000;11521062;0.86138;0.8615;0.86144;6;T;True;2
1621240278000;11521065;0.86139;0.86151;0.86145;2;T;True;2
1621240279000;11521066;0.86139;0.86151;0.86145;0;T;True;2
1621240280000;11521067;0.86139;0.86151;0.86145;0;T;True;2
1621240281000;11521068;0.86139;0.86151;0.86145;0;T;True;2
1621240282000;11521069;0.86139;0.86151;0.86145;0;T;True;2
1621240283000;11521071;0.86138;0.8615;0.86144;1;T;True;2
1621240284000;11521073;0.86139;0.86151;0.86145;1;T;True;2
1621240285000;11521074;0.86139;0.86151;0.86145;0;T;True;2
1621240286000;11521075;0.86139;0.86151;0.86145;0;T;True;2
1621240287000;11521078;0.8614;0.86152;0.86146;2;T;True;2
1621240288000;11521079;0.8614;0.86152;0.86146;0;T;True;2
1621240289000;11521081;0.8614;0.86152;0.86146;1;T;True;2
1621240290000;11521083;0.86141;0.86153;0.86147;1;T;True;2
1621240291000;11521085;0.86141;0.86153;0.86147;1;T;True;2
1621240292000;11521086;0.86141;0.86153;0.86147;0;T;True;2
1621240293000;11521090;0.86139;0.86151;0.86145;3;T;True;2
1621240294000;11521091;0.86139;0.86151;0.86145;0;T;True;2
1621240295000;11521094;0.86139;0.86151;0.86145;2;T;True;2
1621240296000;11521095;0.86139;0.86151;0.86145;0;T;True;2
1621240297000;11521096;0.86139;0.86151;0.86145;0;T;True;2
1621240298000;11521097;0.86139;0.86151;0.86145;0;T;True;2
1621240299000;11521098;0.86139;0.86151;0.86145;0;T;True;2
1621240300000;11521100;0.86138;0.8615;0.86144;1;T;True;2
1621240301000;11521101;0.86138;0.8615;0.86144;0;T;True;2
1621240302000;11521104;0.86138;0.8615;0.86144;2;T;True;2
1621240303000;11521107;0.86137;0.86149;0.86143;2;T;True;2
1621240304000;11521108;0.86137;0.86149;0.86143;0;T;True;2
1621240305000;11521112;0.86139;0.86151;0.86145;3;T;True;2
1621240306000;11521113;0.86139;0.86151;0.86145;0;T;True;2
1621240307000;11521116;0.86139;0.86151;0.86145;2;T;True;2
1621240308000;11521117;0.86139;0.86151;0.86145;0;T;True;2
1621240309000;11521119;0.86139;0.86151;0.86145;1;T;True;2
1621240310000;11521124;0.86138;0.8615;0.86144;4;T;True;2
1621240311000;11521127;0.86139;0.86151;0.86145;2;T;True;2
1621240312000;11521128;0.86139;0.86151;0.86145;0;T;True;2
1621240313000;11521129;0.86139;0.86151;0.86145;0;T;True;2
1621240314000;11521130;0.86139;0.86151;0.86145;0;T;True;2
1621240315000;11521132;0.86137;0.86149;0.86143;1;T;True;2
1621240316000;11521133;0.86137;0.86149;0.86143;0;T;True;2
1621240317000;11521134;0.86137;0.86149;0.86143;0;T;True;2
1621240318000;11521136;0.86139;0.86151;0.86145;1;T;True;2
1621240319000;11521137;0.86139;0.86151;0.86145;0;T;True;2
1621240320000;11521138;0.86139;0.86151;0.86145;0;T;True;2
1621240321000;11521139;0.86139;0.86151;0.86145;0;T;True;2
1621240322000;11521142;0.86139;0.86151;0.86145;2;T;True;2
1621240323000;11521144;0.86139;0.86151;0.86145;1;T;True;2
1621240324000;11521145;0.86139;0.86151;0.86145;0;T;True;2
1621240325000;11521146;0.86139;0.86151;0.86145;0;T;True;2
1621240326000;11521147;0.86139;0.86151;0.86145;0;T;True;2
1621240327000;11521149;0.86139;0.86151;0.86145;1;T;True;2
1621240328000;11521151;0.86138;0.8615;0.86144;1;T;True;2
1621240329000;11521153;0.86137;0.86149;0.86143;1;T;True;2
1621240330000;11521154;0.86137;0.86149;0.86143;0;T;True;2
1621240331000;11521155;0.86137;0.86149;0.86143;0;T;True;2
1621240332000;11521156;0.86137;0.86149;0.86143;0;T;True;2
1621240333000;11521157;0.86137;0.86149;0.86143;0;T;True;2
1621240334000;11521161;0.86137;0.86149;0.86143;3;T;True;2
1621240335000;11521162;0.86137;0.86149;0.86143;0;T;True;2
1621240336000;11521163;0.86137;0.86149;0.86143;0;T;True;2
1621240337000;11521164;0.86137;0.86149;0.86143;0;T;True;2
1621240338000;11521166;0.86137;0.86149;0.86143;1;T;True;2
1621240339000;11521171;0.86137;0.86149;0.86143;4;T;True;2
1621240340000;11521174;0.86137;0.86149;0.86143;2;T;True;2
1621240341000;11521178;0.86137;0.86149;0.86143;3;T;True;2
1621240342000;11521179;0.86137;0.86149;0.86143;0;T;True;2
1621240343000;11521180;0.86137;0.86149;0.86143;0;T;True;2
1621240344000;11521181;0.86137;0.86149;0.86143;0;T;True;2
1621240345000;11521182;0.86137;0.86149;0.86143;0;T;True;2
1621240346000;11521183;0.86137;0.86149;0.86143;0;T;True;2
1621240347000;11521184;0.86137;0.86149;0.86143;0;T;True;2
1621240348000;11521188;0.86136;0.86148;0.86142;3;T;True;2
1621240349000;11521190;0.86136;0.86148;0.86142;1;T;True;2
1621240350000;11521191;0.86136;0.86148;0.86142;0;T;True;2
1621240351000;11521192;0.86136;0.86148;0.86142;0;T;True;2
1621240352000;11521194;0.86137;0.86149;0.86143;1;T;True;2
1621240353000;11521195;0.86137;0.86149;0.86143;0;T;True;2
1621240354000;11521196;0.86137;0.86149;0.86143;0;T;True;2
1621240355000;11521200;0.86139;0.86151;0.86145;3;T;True;2
1621240356000;11521201;0.86139;0.86151;0.86145;0;T;True;2
1621240357000;11521206;0.86137;0.86149;0.86143;4;T;True;2
1621240358000;11521207;0.86137;0.86149;0.86143;0;T;True;2
1621240359000;11521208;0.86137;0.86149;0.86143;0;T;True;2
1621240360000;11521212;0.86135;0.86147;0.86141;3;T;True;2
1621240361000;11521213;0.86135;0.86147;0.86141;0;T;True;2
1621240362000;11521214;0.86135;0.86147;0.86141;0;T;True;2
1621240363000;11521215;0.86135;0.86147;0.86141;0;T;True;2
1621240364000;11521216;0.86135;0.86147;0.86141;0;T;True;2
1621240365000;11521221;0.86135;0.86147;0.86141;4;T;True;2
1621240366000;11521226;0.86137;0.86149;0.86143;4;T;True;2
1621240367000;11521230;0.86139;0.86151;0.86145;3;T;True;2
1621240368000;11521232;0.86139;0.86151;0.86145;1;T;True;2
1621240369000;11521235;0.8614;0.86152;0.86146;2;T;True;2
1621240370000;11521237;0.8614;0.86152;0.86146;1;T;True;2
1621240371000;11521240;0.8614;0.86152;0.86146;2;T;True;2
1621240372000;11521242;0.86141;0.86153;0.86147;1;T;True;2
1621240373000;11521245;0.86141;0.86153;0.86147;2;T;True;2
1621240374000;11521249;0.86141;0.86153;0.86147;3;T;True;2
1621240375000;11521254;0.86141;0.86153;0.86147;4;T;True;2
1621240376000;11521256;0.86141;0.86153;0.86147;1;T;True;2
1621240377000;11521259;0.8614;0.86152;0.86146;2;T;True;2
1621240378000;11521261;0.8614;0.86152;0.86146;1;T;True;2
1621240379000;11521262;0.8614;0.86152;0.86146;0;T;True;2
1621240380000;11521268;0.86141;0.86153;0.86147;5;T;True;2
1621240381000;11521269;0.86141;0.86153;0.86147;0;T;True;2
1621240382000;11521270;0.86141;0.86153;0.86147;0;T;True;2
1621240383000;11521272;0.86141;0.86153;0.86147;1;T;True;2
1621240384000;11521274;0.86141;0.86153;0.86147;1;T;True;2
1621240385000;11521275;0.86141;0.86153;0.86147;0;T;True;2
1621240386000;11521276;0.86141;0.86153;0.86147;0;T;True;2
1621240387000;11521277;0.86141;0.86153;0.86147;0;T;True;2
1621240388000;11521279;0.86141;0.86153;0.86147;1;T;True;2
1621240389000;11521280;0.86141;0.86153;0.86147;0;T;True;2
1621240390000;11521281;0.86141;0.86153;0.86147;0;T;True;2
1621240391000;11521282;0.86141;0.86153;0.86147;0;T;True;2
1621240392000;11521283;0.86141;0.86153;0.86147;0;T;True;2
1621240393000;11521284;0.86141;0.86153;0.86147;0;T;True;2
1621240394000;11521285;0.86141;0.86153;0.86147;0;T;True;2
1621240395000;11521286;0.86141;0.86153;0.86147;0;T;True;2
1621240396000;11521287;0.86141;0.86153;0.86147;0;T;True;2
1621240397000;11521288;0.86141;0.86153;0.86147;0;T;True;2
1621240398000;11521291;0.86141;0.86153;0.86147;2;T;True;2
1621240399000;11521292;0.86141;0.86153;0.86147;0;T;True;2
1621240400000;11521294;0.86141;0.86153;0.86147;1;T;True;2
1621240401000;11521296;0.86141;0.86153;0.86147;1;T;True;2
1621240402000;11521297;0.86141;0.86153;0.86147;0;T;True;2
1621240403000;11521302;0.86141;0.86153;0.86147;4;T;True;2
1621240404000;11521305;0.86141;0.86153;0.86147;2;T;True;2
1621240405000;11521311;0.86141;0.86153;0.86147;5;T;True;2
1621240406000;11521312;0.86141;0.86153;0.86147;0;T;True;2
1621240407000;11521313;0.86141;0.86153;0.86147;0;T;True;2
1621240408000;11521314;0.86141;0.86153;0.86147;0;T;True;2
1621240409000;11521315;0.86141;0.86153;0.86147;0;T;True;2
1621240410000;11521316;0.86141;0.86153;0.86147;0;T;True;2
1621240411000;11521317;0.86141;0.86153;0.86147;0;T;True;2
1621240412000;11521318;0.86141;0.86153;0.86147;0;T;True;2
1621240413000;11521319;0.86141;0.86153;0.86147;0;T;True;2
1621240414000;11521320;0.86141;0.86153;0.86147;0;T;True;2
1621240415000;11521321;0.86141;0.86153;0.86147;0;T;True;2
1621240416000;11521322;0.86141;0.86153;0.86147;0;T;True;2
1621240417000;11521323;0.86141;0.86153;0.86147;0;T;True;2
1621240418000;11521324;0.86141;0.86153;0.86147;0;T;True;2
1621240419000;11521325;0.86141;0.86153;0.86147;0;T;True;2
1621240420000;11521326;0.86141;0.86153;0.86147;0;T;True;2
1621240421000;11521327;0.86141;0.86153;0.86147;0;T;True;2
1621240422000;11521328;0.86141;0.86153;0.86147;0;T;True;2
1621240423000;11521329;0.86141;0.86153;0.86147;0;T;True;2
1621240424000;11521330;0.86141;0.86153;0.86147;0;T;True;2
1621240425000;11521331;0.86141;0.86153;0.86147;0;T;True;2
1621240426000;11521332;0.86141;0.86153;0.86147;0;T;True;2
1621240427000;11521333;0.86141;0.86153;0.86147;0;T;True;2
1621240428000;11521334;0.86141;0.86153;0.86147;0;T;True;2
1621240429000;11521335;0.86141;0.86153;0.86147;0;T;True;2
1621240430000;11521336;0.86141;0.86153;0.86147;0;T;True;2
1621240431000;11521337;0.86141;0.86153;0.86147;0;T;True;2
1621240432000;11521338;0.86141;0.86153;0.86147;0;T;True;2
1621240433000;11521340;0.8614;0.86152;0.86146;1;T;True;2
1621240434000;11521342;0.86141;0.86153;0.86147;1;T;True;2
1621240435000;11521344;0.86141;0.86153;0.86147;1;T;True;2
1621240436000;11521345;0.86141;0.86153;0.86147;0;T;True;2
1621240437000;11521346;0.86141;0.86153;0.86147;0;T;True;2
1621240438000;11521350;0.86141;0.86153;0.86147;3;T;True;2
1621240439000;11521351;0.86141;0.86153;0.86147;0;T;True;2
1621240440000;11521352;0.86141;0.86153;0.86147;0;T;True;2
1621240441000;11521354;0.86141;0.86153;0.86147;1;T;True;2
1621240442000;11521355;0.86141;0.86153;0.86147;0;T;True;2
1621240443000;11521358;0.86141;0.86153;0.86147;2;T;True;2
1621240444000;11521359;0.86141;0.86153;0.86147;0;T;True;2
1621240445000;11521361;0.86141;0.86153;0.86147;1;T;True;2
1621240446000;11521363;0.86142;0.86154;0.86148;1;T;True;2
1621240447000;11521364;0.86142;0.86154;0.86148;0;T;True;2
1621240448000;11521365;0.86142;0.86154;0.86148;0;T;True;2
1621240449000;11521366;0.86142;0.86154;0.86148;0;T;True;2
1621240450000;11521369;0.86141;0.86153;0.86147;2;T;True;2
1621240451000;11521372;0.86141;0.86153;0.86147;2;T;True;2
1621240452000;11521373;0.86141;0.86153;0.86147;0;T;True;2
1621240453000;11521374;0.86141;0.86153;0.86147;0;T;True;2
1621240454000;11521375;0.86141;0.86153;0.86147;0;T;True;2
1621240455000;11521376;0.86141;0.86153;0.86147;0;T;True;2
1621240456000;11521377;0.86141;0.86153;0.86147;0;T;True;2
1621240457000;11521379;0.86142;0.86154;0.86148;1;T;True;2
1621240458000;11521382;0.86142;0.86154;0.86148;2;T;True;2
1621240459000;11521383;0.86142;0.86154;0.86148;0;T;True;2
1621240460000;11521385;0.86142;0.86154;0.86148;1;T;True;2
1621240461000;11521387;0.86141;0.86153;0.86147;1;T;True;2
1621240462000;11521388;0.86141;0.86153;0.86147;0;T;True;2
1621240463000;11521389;0.86141;0.86153;0.86147;0;T;True;2
1621240464000;11521390;0.86141;0.86153;0.86147;0;T;True;2
1621240465000;11521391;0.86141;0.86153;0.86147;0;T;True;2
1621240466000;11521392;0.86141;0.86153;0.86147;0;T;True;2
1621240467000;11521393;0.86141;0.86153;0.86147;0;T;True;2
1621240468000;11521394;0.86141;0.86153;0.86147;0;T;True;2
1621240469000;11521395;0.86141;0.86153;0.86147;0;T;True;2
1621240470000;11521396;0.86141;0.86153;0.86147;0;T;True;2
1621240471000;11521400;0.86142;0.86154;0.86148;3;T;True;2
1621240472000;11521401;0.86142;0.86154;0.86148;0;T;True;2
1621240473000;11521402;0.86142;0.86154;0.86148;0;T;True;2
1621240474000;11521403;0.86142;0.86154;0.86148;0;T;True;2
1621240475000;11521405;0.86143;0.86155;0.86149;1;T;True;2
1621240476000;11521408;0.86143;0.86155;0.86149;2;T;True;2
1621240477000;11521411;0.86143;0.86155;0.86149;2;T;True;2
1621240478000;11521412;0.86143;0.86155;0.86149;0;T;True;2
1621240479000;11521413;0.86143;0.86155;0.86149;0;T;True;2
1621240480000;11521415;0.86143;0.86155;0.86149;1;T;True;2
1621240481000;11521416;0.86143;0.86155;0.86149;0;T;True;2
1621240482000;11521417;0.86143;0.86155;0.86149;0;T;True;2
1621240483000;11521418;0.86143;0.86155;0.86149;0;T;True;2
1621240484000;11521419;0.86143;0.86155;0.86149;0;T;True;2
1621240485000;11521420;0.86143;0.86155;0.86149;0;T;True;2
1621240486000;11521421;0.86143;0.86155;0.86149;0;T;True;2
1621240487000;11521422;0.86143;0.86155;0.86149;0;T;True;2
1621240488000;11521423;0.86143;0.86155;0.86149;0;T;True;2
1621240489000;11521425;0.86142;0.86154;0.86148;1;T;True;2
1621240490000;11521427;0.86143;0.86155;0.86149;1;T;True;2
1621240491000;11521428;0.86143;0.86155;0.86149;0;T;True;2
1621240492000;11521431;0.86143;0.86155;0.86149;2;T;True;2
1621240493000;11521432;0.86143;0.86155;0.86149;0;T;True;2
1621240494000;11521433;0.86143;0.86155;0.86149;0;T;True;2
1621240495000;11521434;0.86143;0.86155;0.86149;0;T;True;2
1621240496000;11521435;0.86143;0.86155;0.86149;0;T;True;2
1621240497000;11521436;0.86143;0.86155;0.86149;0;T;True;2
1621240498000;11521437;0.86143;0.86155;0.86149;0;T;True;2
1621240499000;11521438;0.86143;0.86155;0.86149;0;T;True;2
1621240500000;11521439;0.86143;0.86155;0.86149;0;T;True;2
1621240501000;11521440;0.86143;0.86155;0.86149;0;T;True;2
1621240502000;11521442;0.86142;0.86154;0.86148;1;T;True;2
1621240503000;11521443;0.86142;0.86154;0.86148;0;T;True;2
1621240504000;11521445;0.86141;0.86153;0.86147;1;T;True;2
1621240505000;11521446;0.86141;0.86153;0.86147;0;T;True;2
1621240506000;11521447;0.86141;0.86153;0.86147;0;T;True;2
1621240507000;11521448;0.86141;0.86153;0.86147;0;T;True;2
1621240508000;11521449;0.86141;0.86153;0.86147;0;T;True;2
1621240509000;11521450;0.86141;0.86153;0.86147;0;T;True;2
1621240510000;11521451;0.86141;0.86153;0.86147;0;T;True;2
1621240511000;11521452;0.86141;0.86153;0.86147;0;T;True;2
1621240512000;11521453;0.86141;0.86153;0.86147;0;T;True;2
1621240513000;11521454;0.86141;0.86153;0.86147;0;T;True;2
1621240514000;11521455;0.86141;0.86153;0.86147;0;T;True;2
1621240515000;11521456;0.86141;0.86153;0.86147;0;T;True;2
1621240516000;11521457;0.86141;0.86153;0.86147;0;T;True;2
1621240517000;11521458;0.86141;0.86153;0.86147;0;T;True;2
1621240518000;11521459;0.86141;0.86153;0.86147;0;T;True;2
1621240519000;11521460;0.86141;0.86153;0.86147;0;T;True;2
1621240520000;11521463;0.86143;0.86155;0.86149;2;T;True;2
1621240521000;11521464;0.86143;0.86155;0.86149;0;T;True;2
1621240522000;11521465;0.86143;0.86155;0.86149;0;T;True;2
1621240523000;11521466;0.86143;0.86155;0.86149;0;T;True;2
1621240524000;11521467;0.86143;0.86155;0.86149;0;T;True;2
1621240525000;11521468;0.86143;0.86155;0.86149;0;T;True;2
1621240526000;11521471;0.86141;0.86153;0.86147;2;T;True;2
1621240527000;11521472;0.86141;0.86153;0.86147;0;T;True;2
1621240528000;11521473;0.86141;0.86153;0.86147;0;T;True;2
1621240529000;11521474;0.86141;0.86153;0.86147;0;T;True;2
1621240530000;11521475;0.86141;0.86153;0.86147;0;T;True;2
1621240531000;11521479;0.86142;0.86154;0.86148;3;T;True;2
1621240532000;11521482;0.86142;0.86154;0.86148;2;T;True;2
1621240533000;11521485;0.86142;0.86154;0.86148;2;T;True;2
1621240534000;11521486;0.86142;0.86154;0.86148;0;T;True;2
1621240535000;11521487;0.86142;0.86154;0.86148;0;T;True;2
1621240536000;11521488;0.86142;0.86154;0.86148;0;T;True;2
1621240537000;11521489;0.86142;0.86154;0.86148;0;T;True;2
1621240538000;11521490;0.86142;0.86154;0.86148;0;T;True;2
1621240539000;11521491;0.86142;0.86154;0.86148;0;T;True;2
1621240540000;11521492;0.86142;0.86154;0.86148;0;T;True;2
1621240541000;11521493;0.86142;0.86154;0.86148;0;T;True;2
1621240542000;11521494;0.86142;0.86154;0.86148;0;T;True;2
1621240543000;11521495;0.86142;0.86154;0.86148;0;T;True;2
1621240544000;11521496;0.86142;0.86154;0.86148;0;T;True;2
1621240545000;11521497;0.86142;0.86154;0.86148;0;T;True;2
1621240546000;11521498;0.86142;0.86154;0.86148;0;T;True;2
1621240547000;11521499;0.86142;0.86154;0.86148;0;T;True;2
1621240548000;11521500;0.86142;0.86154;0.86148;0;T;True;2
1621240549000;11521501;0.86142;0.86154;0.86148;0;T;True;2
1621240550000;11521506;0.86138;0.8615;0.86144;4;T;True;2
1621240551000;11521509;0.86138;0.8615;0.86144;2;T;True;2
1621240552000;11521512;0.86138;0.8615;0.86144;2;T;True;2
1621240553000;11521513;0.86138;0.8615;0.86144;0;T;True;2
1621240554000;11521514;0.86138;0.8615;0.86144;0;T;True;2
1621240555000;11521515;0.86138;0.8615;0.86144;0;T;True;2
1621240556000;11521516;0.86138;0.8615;0.86144;0;T;True;2
1621240557000;11521518;0.86137;0.86149;0.86143;1;T;True;2
1621240558000;11521519;0.86137;0.86149;0.86143;0;T;True;2
1621240559000;11521520;0.86137;0.86149;0.86143;0;T;True;2
1621240560000;11521521;0.86137;0.86149;0.86143;0;T;True;2
1621240561000;11521522;0.86137;0.86149;0.86143;0;T;True;2
1621240562000;11521523;0.86137;0.86149;0.86143;0;T;True;2
1621240563000;11521524;0.86137;0.86149;0.86143;0;T;True;2
1621240564000;11521525;0.86137;0.86149;0.86143;0;T;True;2
1621240565000;11521526;0.86137;0.86149;0.86143;0;T;True;2
1621240566000;11521531;0.86135;0.86147;0.86141;4;T;True;2
1621240567000;11521533;0.86135;0.86147;0.86141;1;T;True;2
1621240568000;11521537;0.86133;0.86145;0.86139;3;T;True;2
1621240569000;11521539;0.86135;0.86147;0.86141;1;T;True;2
1621240570000;11521540;0.86135;0.86147;0.86141;0;T;True;2
1621240571000;11521541;0.86135;0.86147;0.86141;0;T;True;2
1621240572000;11521542;0.86135;0.86147;0.86141;0;T;True;2
1621240573000;11521543;0.86135;0.86147;0.86141;0;T;True;2
1621240574000;11521544;0.86135;0.86147;0.86141;0;T;True;2
1621240575000;11521545;0.86135;0.86147;0.86141;0;T;True;2
1621240576000;11521546;0.86135;0.86147;0.86141;0;T;True;2
1621240577000;11521547;0.86135;0.86147;0.86141;0;T;True;2
1621240578000;11521548;0.86135;0.86147;0.86141;0;T;True;2
1621240579000;11521549;0.86135;0.86147;0.86141;0;T;True;2
1621240580000;11521550;0.86135;0.86147;0.86141;0;T;True;2
1621240581000;11521551;0.86135;0.86147;0.86141;0;T;True;2
1621240582000;11521552;0.86135;0.86147;0.86141;0;T;True;2
1621240583000;11521554;0.86135;0.86147;0.86141;1;T;True;2
1621240584000;11521555;0.86135;0.86147;0.86141;0;T;True;2
1621240585000;11521556;0.86135;0.86147;0.86141;0;T;True;2
1621240586000;11521557;0.86135;0.86147;0.86141;0;T;True;2
1621240587000;11521558;0.86135;0.86147;0.86141;0;T;True;2
1621240588000;11521559;0.86135;0.86147;0.86141;0;T;True;2
1621240589000;11521561;0.86136;0.86148;0.86142;1;T;True;2
1621240590000;11521565;0.86134;0.86146;0.8614;3;T;True;2
1621240591000;11521566;0.86134;0.86146;0.8614;0;T;True;2
1621240592000;11521567;0.86134;0.86146;0.8614;0;T;True;2
1621240593000;11521568;0.86134;0.86146;0.8614;0;T;True;2
1621240594000;11521569;0.86134;0.86146;0.8614;0;T;True;2
1621240595000;11521570;0.86134;0.86146;0.8614;0;T;True;2
1621240596000;11521571;0.86134;0.86146;0.8614;0;T;True;2
1621240597000;11521572;0.86134;0.86146;0.8614;0;T;True;2
1621240598000;11521574;0.86133;0.86145;0.86139;1;T;True;2
1621240599000;11521577;0.86131;0.86143;0.86137;2;T;True;2
1621240600000;11521578;0.86131;0.86143;0.86137;0;T;True;2
1621240601000;11521580;0.86131;0.86143;0.86137;1;T;True;2
1621240602000;11521581;0.86131;0.86143;0.86137;0;T;True;2
1621240603000;11521582;0.86131;0.86143;0.86137;0;T;True;2
1621240604000;11521583;0.86131;0.86143;0.86137;0;T;True;2
1621240605000;11521584;0.86131;0.86143;0.86137;0;T;True;2
1621240606000;11521585;0.86131;0.86143;0.86137;0;T;True;2
1621240607000;11521586;0.86131;0.86143;0.86137;0;T;True;2
1621240608000;11521588;0.8613;0.86142;0.86136;1;T;True;2
1621240609000;11521589;0.8613;0.86142;0.86136;0;T;True;2
1621240610000;11521591;0.86129;0.86141;0.86135;1;T;True;2
1621240611000;11521592;0.86129;0.86141;0.86135;0;T;True;2
1621240612000;11521593;0.86129;0.86141;0.86135;0;T;True;2
1621240613000;11521594;0.86129;0.86141;0.86135;0;T;True;2
1621240614000;11521598;0.8613;0.86142;0.86136;3;T;True;2
1621240615000;11521601;0.86132;0.86144;0.86138;2;T;True;2
1621240616000;11521608;0.86132;0.86144;0.86138;6;T;True;2
1621240617000;11521609;0.86132;0.86144;0.86138;0;T;True;2
1621240618000;11521610;0.86132;0.86144;0.86138;0;T;True;2
1621240619000;11521611;0.86132;0.86144;0.86138;0;T;True;2
1621240620000;11521612;0.86132;0.86144;0.86138;0;T;True;2
1621240621000;11521613;0.86132;0.86144;0.86138;0;T;True;2
1621240622000;11521614;0.86132;0.86144;0.86138;0;T;True;2
1621240623000;11521615;0.86132;0.86144;0.86138;0;T;True;2
1621240624000;11521621;0.8613;0.86142;0.86136;5;T;True;2
1621240625000;11521623;0.8613;0.86142;0.86136;1;T;True;2
1621240626000;11521626;0.86131;0.86143;0.86137;2;T;True;2
1621240627000;11521627;0.86131;0.86143;0.86137;0;T;True;2
1621240628000;11521628;0.86131;0.86143;0.86137;0;T;True;2
1621240629000;11521629;0.86131;0.86143;0.86137;0;T;True;2
1621240630000;11521630;0.86131;0.86143;0.86137;0;T;True;2
1621240631000;11521631;0.86131;0.86143;0.86137;0;T;True;2
1621240632000;11521632;0.86131;0.86143;0.86137;0;T;True;2
1621240633000;11521634;0.86131;0.86143;0.86137;1;T;True;2
1621240634000;11521635;0.86131;0.86143;0.86137;0;T;True;2
1621240635000;11521636;0.86131;0.86143;0.86137;0;T;True;2
1621240636000;11521637;0.86131;0.86143;0.86137;0;T;True;2
1621240637000;11521638;0.86131;0.86143;0.86137;0;T;True;2
1621240638000;11521639;0.86131;0.86143;0.86137;0;T;True;2
1621240639000;11521641;0.86131;0.86143;0.86137;1;T;True;2
1621240640000;11521645;0.86131;0.86143;0.86137;3;T;True;2
1621240641000;11521647;0.86131;0.86143;0.86137;1;T;True;2
1621240642000;11521649;0.86131;0.86143;0.86137;1;T;True;2
1621240643000;11521650;0.86131;0.86143;0.86137;0;T;True;2
1621240644000;11521651;0.86131;0.86143;0.86137;0;T;True;2
1621240645000;11521654;0.86129;0.86141;0.86135;2;T;True;2
1621240646000;11521657;0.86127;0.86139;0.86133;2;T;True;2
1621240647000;11521658;0.86127;0.86139;0.86133;0;T;True;2
1621240648000;11521659;0.86127;0.86139;0.86133;0;T;True;2
1621240649000;11521660;0.86127;0.86139;0.86133;0;T;True;2
1621240650000;11521661;0.86127;0.86139;0.86133;0;T;True;2
1621240651000;11521662;0.86127;0.86139;0.86133;0;T;True;2
1621240652000;11521667;0.86127;0.86139;0.86133;4;T;True;2
1621240653000;11521668;0.86127;0.86139;0.86133;0;T;True;2
1621240654000;11521671;0.86127;0.86139;0.86133;2;T;True;2
1621240655000;11521672;0.86127;0.86139;0.86133;0;T;True;2
1621240656000;11521673;0.86127;0.86139;0.86133;0;T;True;2
1621240657000;11521674;0.86127;0.86139;0.86133;0;T;True;2
1621240658000;11521677;0.86127;0.86139;0.86133;2;T;True;2
1621240659000;11521678;0.86127;0.86139;0.86133;0;T;True;2
1621240660000;11521679;0.86127;0.86139;0.86133;0;T;True;2
1621240661000;11521681;0.86127;0.86139;0.86133;1;T;True;2
1621240662000;11521686;0.86125;0.86137;0.86131;4;T;True;2
1621240663000;11521689;0.86125;0.86137;0.86131;2;T;True;2
1621240664000;11521690;0.86125;0.86137;0.86131;0;T;True;2
1621240665000;11521691;0.86125;0.86137;0.86131;0;T;True;2
1621240666000;11521696;0.86122;0.86134;0.86128;4;T;True;2
1621240667000;11521697;0.86122;0.86134;0.86128;0;T;True;2
1621240668000;11521699;0.86121;0.86133;0.86127;1;T;True;2
1621240669000;11521700;0.86121;0.86133;0.86127;0;T;True;2
1621240670000;11521701;0.86121;0.86133;0.86127;0;T;True;2
1621240671000;11521704;0.86121;0.86133;0.86127;2;T;True;2
1621240672000;11521708;0.8612;0.86132;0.86126;3;T;True;2
1621240673000;11521709;0.8612;0.86132;0.86126;0;T;True;2
1621240674000;11521710;0.8612;0.86132;0.86126;0;T;True;2
1621240675000;11521711;0.8612;0.86132;0.86126;0;T;True;2
1621240676000;11521712;0.8612;0.86132;0.86126;0;T;True;2
1621240677000;11521713;0.8612;0.86132;0.86126;0;T;True;2
1621240678000;11521714;0.8612;0.86132;0.86126;0;T;True;2
1621240679000;11521715;0.8612;0.86132;0.86126;0;T;True;2
1621240680000;11521716;0.8612;0.86132;0.86126;0;T;True;2
1621240681000;11521718;0.8612;0.86132;0.86126;1;T;True;2
1621240682000;11521728;0.86126;0.86138;0.86132;9;T;True;2
1621240683000;11521729;0.86126;0.86138;0.86132;0;T;True;2
1621240684000;11521730;0.86126;0.86138;0.86132;0;T;True;2
1621240685000;11521734;0.86127;0.86139;0.86133;3;T;True;2
1621240686000;11521735;0.86127;0.86139;0.86133;0;T;True;2
1621240687000;11521736;0.86127;0.86139;0.86133;0;T;True;2
1621240688000;11521737;0.86127;0.86139;0.86133;0;T;True;2
1621240689000;11521739;0.86127;0.86139;0.86133;1;T;True;2
1621240690000;11521741;0.86127;0.86139;0.86133;1;T;True;2
1621240691000;11521742;0.86127;0.86139;0.86133;0;T;True;2
1621240692000;11521743;0.86127;0.86139;0.86133;0;T;True;2
1621240693000;11521745;0.86127;0.86139;0.86133;1;T;True;2
1621240694000;11521748;0.86127;0.86139;0.86133;2;T;True;2
1621240695000;11521749;0.86127;0.86139;0.86133;0;T;True;2
1621240696000;11521750;0.86127;0.86139;0.86133;0;T;True;2
1621240697000;11521751;0.86127;0.86139;0.86133;0;T;True;2
1621240698000;11521752;0.86127;0.86139;0.86133;0;T;True;2
1621240699000;11521753;0.86127;0.86139;0.86133;0;T;True;2
1621240700000;11521754;0.86127;0.86139;0.86133;0;T;True;2
1621240701000;11521755;0.86127;0.86139;0.86133;0;T;True;2
1621240702000;11521756;0.86127;0.86139;0.86133;0;T;True;2
1621240703000;11521757;0.86127;0.86139;0.86133;0;T;True;2
1621240704000;11521758;0.86127;0.86139;0.86133;0;T;True;2
1621240705000;11521759;0.86127;0.86139;0.86133;0;T;True;2
1621240706000;11521766;0.86123;0.86135;0.86129;6;T;True;2
1621240707000;11521767;0.86123;0.86135;0.86129;0;T;True;2
1621240708000;11521768;0.86123;0.86135;0.86129;0;T;True;2
1621240709000;11521769;0.86123;0.86135;0.86129;0;T;True;2
1621240710000;11521770;0.86123;0.86135;0.86129;0;T;True;2
1621240711000;11521771;0.86123;0.86135;0.86129;0;T;True;2
1621240712000;11521772;0.86123;0.86135;0.86129;0;T;True;2
1621240713000;11521773;0.86123;0.86135;0.86129;0;T;True;2
1621240714000;11521774;0.86123;0.86135;0.86129;0;T;True;2
1621240715000;11521775;0.86123;0.86135;0.86129;0;T;True;2
1621240716000;11521776;0.86123;0.86135;0.86129;0;T;True;2
1621240717000;11521777;0.86123;0.86135;0.86129;0;T;True;2
1621240718000;11521778;0.86123;0.86135;0.86129;0;T;True;2
1621240719000;11521779;0.86123;0.86135;0.86129;0;T;True;2
1621240720000;11521782;0.86121;0.86133;0.86127;2;T;True;2
1621240721000;11521784;0.86122;0.86134;0.86128;1;T;True;2
1621240722000;11521790;0.86125;0.86137;0.86131;5;T;True;2
1621240723000;11521791;0.86125;0.86137;0.86131;0;T;True;2
1621240724000;11521794;0.86126;0.86138;0.86132;2;T;True;2
1621240725000;11521798;0.86127;0.86139;0.86133;3;T;True;2
1621240726000;11521799;0.86127;0.86139;0.86133;0;T;True;2
1621240727000;11521801;0.86126;0.86138;0.86132;1;T;True;2
1621240728000;11521802;0.86126;0.86138;0.86132;0;T;True;2
1621240729000;11521803;0.86126;0.86138;0.86132;0;T;True;2
1621240730000;11521804;0.86126;0.86138;0.86132;0;T;True;2
1621240731000;11521805;0.86126;0.86138;0.86132;0;T;True;2
1621240732000;11521807;0.86127;0.86139;0.86133;1;T;True;2
1621240733000;11521808;0.86127;0.86139;0.86133;0;T;True;2
1621240734000;11521809;0.86127;0.86139;0.86133;0;T;True;2
1621240735000;11521810;0.86127;0.86139;0.86133;0;T;True;2
1621240736000;11521811;0.86127;0.86139;0.86133;0;T;True;2
1621240737000;11521812;0.86127;0.86139;0.86133;0;T;True;2
1621240738000;11521813;0.86127;0.86139;0.86133;0;T;True;2
1621240739000;11521814;0.86127;0.86139;0.86133;0;T;True;2
1621240740000;11521818;0.86127;0.86139;0.86133;3;T;True;2
1621240741000;11521820;0.86129;0.86141;0.86135;1;T;True;2
1621240742000;11521826;0.86124;0.86136;0.8613;5;T;True;2
1621240743000;11521831;0.86123;0.86135;0.86129;4;T;True;2
1621240744000;11521832;0.86123;0.86135;0.86129;0;T;True;2
1621240745000;11521834;0.86121;0.86133;0.86127;1;T;True;2
1621240746000;11521836;0.86123;0.86135;0.86129;1;T;True;2
1621240747000;11521838;0.86123;0.86135;0.86129;1;T;True;2
1621240748000;11521839;0.86123;0.86135;0.86129;0;T;True;2
1621240749000;11521840;0.86123;0.86135;0.86129;0;T;True;2
1621240750000;11521842;0.86122;0.86134;0.86128;1;T;True;2
1621240751000;11521843;0.86122;0.86134;0.86128;0;T;True;2
1621240752000;11521848;0.86119;0.86131;0.86125;4;T;True;2
1621240753000;11521849;0.86119;0.86131;0.86125;0;T;True;2
1621240754000;11521852;0.86119;0.86131;0.86125;2;T;True;2
1621240755000;11521853;0.86119;0.86131;0.86125;0;T;True;2
1621240756000;11521859;0.86119;0.86131;0.86125;5;T;True;2
1621240757000;11521860;0.86119;0.86131;0.86125;0;T;True;2
1621240758000;11521861;0.86119;0.86131;0.86125;0;T;True;2
1621240759000;11521863;0.86119;0.86131;0.86125;1;T;True;2
1621240760000;11521864;0.86119;0.86131;0.86125;0;T;True;2
1621240761000;11521866;0.86117;0.86129;0.86123;1;T;True;2
1621240762000;11521867;0.86117;0.86129;0.86123;0;T;True;2
1621240763000;11521868;0.86117;0.86129;0.86123;0;T;True;2
1621240764000;11521869;0.86117;0.86129;0.86123;0;T;True;2
1621240765000;11521871;0.86117;0.86129;0.86123;1;T;True;2
1621240766000;11521872;0.86117;0.86129;0.86123;0;T;True;2
1621240767000;11521873;0.86117;0.86129;0.86123;0;T;True;2
1621240768000;11521876;0.86115;0.86127;0.86121;2;T;True;2
1621240769000;11521880;0.86117;0.86129;0.86123;3;T;True;2
1621240770000;11521881;0.86117;0.86129;0.86123;0;T;True;2
1621240771000;11521882;0.86117;0.86129;0.86123;0;T;True;2
1621240772000;11521884;0.86117;0.86129;0.86123;1;T;True;2
1621240773000;11521885;0.86117;0.86129;0.86123;0;T;True;2
1621240774000;11521886;0.86117;0.86129;0.86123;0;T;True;2
1621240775000;11521891;0.86122;0.86134;0.86128;4;T;True;2
1621240776000;11521893;0.86123;0.86135;0.86129;1;T;True;2
1621240777000;11521895;0.86122;0.86134;0.86128;1;T;True;2
1621240778000;11521896;0.86122;0.86134;0.86128;0;T;True;2
1621240779000;11521897;0.86122;0.86134;0.86128;0;T;True;2
1621240780000;11521898;0.86122;0.86134;0.86128;0;T;True;2
1621240781000;11521905;0.86125;0.86137;0.86131;6;T;True;2
1621240782000;11521908;0.86127;0.86139;0.86133;2;T;True;2
1621240783000;11521909;0.86127;0.86139;0.86133;0;T;True;2
1621240784000;11521910;0.86127;0.86139;0.86133;0;T;True;2
1621240785000;11521912;0.86127;0.86139;0.86133;1;T;True;2
1621240786000;11521913;0.86127;0.86139;0.86133;0;T;True;2
1621240787000;11521914;0.86127;0.86139;0.86133;0;T;True;2
1621240788000;11521915;0.86127;0.86139;0.86133;0;T;True;2
1621240789000;11521918;0.86125;0.86137;0.86131;2;T;True;2
1621240790000;11521919;0.86125;0.86137;0.86131;0;T;True;2
1621240791000;11521922;0.86123;0.86135;0.86129;2;T;True;2
1621240792000;11521923;0.86123;0.86135;0.86129;0;T;True;2
1621240793000;11521926;0.86126;0.86138;0.86132;2;T;True;2
1621240794000;11521927;0.86126;0.86138;0.86132;0;T;True;2
1621240795000;11521931;0.86126;0.86138;0.86132;3;T;True;2
1621240796000;11521932;0.86126;0.86138;0.86132;0;T;True;2
1621240797000;11521934;0.86126;0.86138;0.86132;1;T;True;2
1621240798000;11521935;0.86126;0.86138;0.86132;0;T;True;2
1621240799000;11521940;0.86124;0.86136;0.8613;4;T;True;2
1621240800000;11521943;0.86123;0.86135;0.86129;2;T;True;2
1621240801000;11521944;0.86123;0.86135;0.86129;0;T;True;2
1621240802000;11521945;0.86123;0.86135;0.86129;0;T;True;2
1621240803000;11521946;0.86123;0.86135;0.86129;0;T;True;2
1621240804000;11521949;0.86125;0.86137;0.86131;2;T;True;2
1621240805000;11521951;0.86127;0.86139;0.86133;1;T;True;2
1621240806000;11521955;0.86124;0.86136;0.8613;3;T;True;2
1621240807000;11521957;0.86123;0.86135;0.86129;1;T;True;2
1621240808000;11521958;0.86123;0.86135;0.86129;0;T;True;2
1621240809000;11521959;0.86123;0.86135;0.86129;0;T;True;2
1621240810000;11521960;0.86123;0.86135;0.86129;0;T;True;2
1621240811000;11521961;0.86123;0.86135;0.86129;0;T;True;2
1621240812000;11521962;0.86123;0.86135;0.86129;0;T;True;2
1621240813000;11521963;0.86123;0.86135;0.86129;0;T;True;2
1621240814000;11521964;0.86123;0.86135;0.86129;0;T;True;2
1621240815000;11521967;0.86124;0.86136;0.8613;2;T;True;2
1621240816000;11521969;0.86125;0.86137;0.86131;1;T;True;2
1621240817000;11521970;0.86125;0.86137;0.86131;0;T;True;2
1621240818000;11521971;0.86125;0.86137;0.86131;0;T;True;2
1621240819000;11521972;0.86125;0.86137;0.86131;0;T;True;2
1621240820000;11521973;0.86125;0.86137;0.86131;0;T;True;2
1621240821000;11521975;0.86126;0.86138;0.86132;1;T;True;2
1621240822000;11521980;0.86125;0.86137;0.86131;4;T;True;2
1621240823000;11521982;0.86125;0.86137;0.86131;1;T;True;2
1621240824000;11521983;0.86125;0.86137;0.86131;0;T;True;2
1621240825000;11521985;0.86123;0.86135;0.86129;1;T;True;2
1621240826000;11521986;0.86123;0.86135;0.86129;0;T;True;2
1621240827000;11521987;0.86123;0.86135;0.86129;0;T;True;2
1621240828000;11521988;0.86123;0.86135;0.86129;0;T;True;2
1621240829000;11521992;0.86121;0.86133;0.86127;3;T;True;2
1621240830000;11521993;0.86121;0.86133;0.86127;0;T;True;2
1621240831000;11521994;0.86121;0.86133;0.86127;0;T;True;2
1621240832000;11521995;0.86121;0.86133;0.86127;0;T;True;2
1621240833000;11521996;0.86121;0.86133;0.86127;0;T;True;2
1621240834000;11521997;0.86121;0.86133;0.86127;0;T;True;2
1621240835000;11521999;0.86122;0.86134;0.86128;1;T;True;2
1621240836000;11522000;0.86122;0.86134;0.86128;0;T;True;2
1621240837000;11522001;0.86122;0.86134;0.86128;0;T;True;2
1621240838000;11522002;0.86122;0.86134;0.86128;0;T;True;2
1621240839000;11522003;0.86122;0.86134;0.86128;0;T;True;2
1621240840000;11522009;0.8612;0.86132;0.86126;5;T;True;2
1621240841000;11522010;0.8612;0.86132;0.86126;0;T;True;2
1621240842000;11522012;0.86121;0.86133;0.86127;1;T;True;2
1621240843000;11522013;0.86121;0.86133;0.86127;0;T;True;2
1621240844000;11522014;0.86121;0.86133;0.86127;0;T;True;2
1621240845000;11522015;0.86121;0.86133;0.86127;0;T;True;2
1621240846000;11522018;0.86121;0.86133;0.86127;2;T;True;2
1621240847000;11522021;0.86119;0.86131;0.86125;2;T;True;2
1621240848000;11522022;0.86119;0.86131;0.86125;0;T;True;2
1621240849000;11522023;0.86119;0.86131;0.86125;0;T;True;2
1621240850000;11522024;0.86119;0.86131;0.86125;0;T;True;2
1621240851000;11522025;0.86119;0.86131;0.86125;0;T;True;2
1621240852000;11522027;0.86117;0.86129;0.86123;1;T;True;2
1621240853000;11522028;0.86117;0.86129;0.86123;0;T;True;2
1621240854000;11522030;0.86117;0.86129;0.86123;1;T;True;2
1621240855000;11522031;0.86117;0.86129;0.86123;0;T;True;2
1621240856000;11522032;0.86117;0.86129;0.86123;0;T;True;2
1621240857000;11522033;0.86117;0.86129;0.86123;0;T;True;2
1621240858000;11522034;0.86117;0.86129;0.86123;0;T;True;2
1621240859000;11522035;0.86117;0.86129;0.86123;0;T;True;2
1621240860000;11522036;0.86117;0.86129;0.86123;0;T;True;2
1621240861000;11522037;0.86117;0.86129;0.86123;0;T;True;2
1621240862000;11522039;0.86117;0.86129;0.86123;1;T;True;2
1621240863000;11522043;0.86116;0.86128;0.86122;3;T;True;2
1621240864000;11522046;0.86117;0.86129;0.86123;2;T;True;2
1621240865000;11522047;0.86117;0.86129;0.86123;0;T;True;2
1621240866000;11522048;0.86117;0.86129;0.86123;0;T;True;2
1621240867000;11522050;0.86117;0.86129;0.86123;1;T;True;2
1621240868000;11522051;0.86117;0.86129;0.86123;0;T;True;2
1621240869000;11522052;0.86117;0.86129;0.86123;0;T;True;2
1621240870000;11522056;0.86117;0.86129;0.86123;3;T;True;2
1621240871000;11522057;0.86117;0.86129;0.86123;0;T;True;2
1621240872000;11522059;0.86117;0.86129;0.86123;1;T;True;2
1621240873000;11522060;0.86117;0.86129;0.86123;0;T;True;2
1621240874000;11522061;0.86117;0.86129;0.86123;0;T;True;2
1621240875000;11522062;0.86117;0.86129;0.86123;0;T;True;2
1621240876000;11522065;0.86118;0.8613;0.86124;2;T;True;2
1621240877000;11522066;0.86118;0.8613;0.86124;0;T;True;2
1621240878000;11522067;0.86118;0.8613;0.86124;0;T;True;2
1621240879000;11522068;0.86118;0.8613;0.86124;0;T;True;2
1621240880000;11522069;0.86118;0.8613;0.86124;0;T;True;2
1621240881000;11522070;0.86118;0.8613;0.86124;0;T;True;2
1621240882000;11522071;0.86118;0.8613;0.86124;0;T;True;2
1621240883000;11522072;0.86118;0.8613;0.86124;0;T;True;2
1621240884000;11522074;0.86118;0.8613;0.86124;1;T;True;2
1621240885000;11522078;0.86115;0.86127;0.86121;3;T;True;2
1621240886000;11522081;0.86113;0.86125;0.86119;2;T;True;2
1621240887000;11522083;0.86113;0.86125;0.86119;1;T;True;2
1621240888000;11522087;0.86111;0.86123;0.86117;3;T;True;2
1621240889000;11522090;0.86111;0.86123;0.86117;2;T;True;2
1621240890000;11522092;0.86113;0.86125;0.86119;1;T;True;2
1621240891000;11522093;0.86113;0.86125;0.86119;0;T;True;2
1621240892000;11522094;0.86113;0.86125;0.86119;0;T;True;2
1621240893000;11522095;0.86113;0.86125;0.86119;0;T;True;2
1621240894000;11522096;0.86113;0.86125;0.86119;0;T;True;2
1621240895000;11522097;0.86113;0.86125;0.86119;0;T;True;2
1621240896000;11522105;0.86116;0.86128;0.86122;7;T;True;2
1621240897000;11522106;0.86116;0.86128;0.86122;0;T;True;2
1621240898000;11522109;0.86116;0.86128;0.86122;2;T;True;2
1621240899000;11522111;0.86116;0.86128;0.86122;1;T;True;2
1621240900000;11522114;0.86117;0.86129;0.86123;2;T;True;2
1621240901000;11522115;0.86117;0.86129;0.86123;0;T;True;2
1621240902000;11522116;0.86117;0.86129;0.86123;0;T;True;2
1621240903000;11522118;0.86117;0.86129;0.86123;1;T;True;2
1621240904000;11522122;0.86117;0.86129;0.86123;3;T;True;2
1621240905000;11522124;0.86118;0.8613;0.86124;1;T;True;2
1621240906000;11522125;0.86118;0.8613;0.86124;0;T;True;2
1621240907000;11522126;0.86118;0.8613;0.86124;0;T;True;2
1621240908000;11522127;0.86118;0.8613;0.86124;0;T;True;2
1621240909000;11522128;0.86118;0.8613;0.86124;0;T;True;2
1621240910000;11522130;0.86117;0.86129;0.86123;1;T;True;2
1621240911000;11522135;0.86119;0.86131;0.86125;4;T;True;2
1621240912000;11522136;0.86119;0.86131;0.86125;0;T;True;2
1621240913000;11522139;0.86119;0.86131;0.86125;2;T;True;2
1621240914000;11522143;0.8612;0.86132;0.86126;3;T;True;2
1621240915000;11522144;0.8612;0.86132;0.86126;0;T;True;2
1621240916000;11522145;0.8612;0.86132;0.86126;0;T;True;2
1621240917000;11522147;0.86121;0.86133;0.86127;1;T;True;2
1621240918000;11522148;0.86121;0.86133;0.86127;0;T;True;2
1621240919000;11522149;0.86121;0.86133;0.86127;0;T;True;2
1621240920000;11522150;0.86121;0.86133;0.86127;0;T;True;2
1621240921000;11522151;0.86121;0.86133;0.86127;0;T;True;2
1621240922000;11522152;0.86121;0.86133;0.86127;0;T;True;2
1621240923000;11522154;0.8612;0.86132;0.86126;1;T;True;2
1621240924000;11522157;0.86121;0.86133;0.86127;2;T;True;2
1621240925000;11522159;0.86123;0.86135;0.86129;1;T;True;2
1621240926000;11522160;0.86123;0.86135;0.86129;0;T;True;2
1621240927000;11522161;0.86123;0.86135;0.86129;0;T;True;2
1621240928000;11522163;0.86123;0.86135;0.86129;1;T;True;2
1621240929000;11522166;0.86121;0.86133;0.86127;2;T;True;2
1621240930000;11522169;0.86121;0.86133;0.86127;2;T;True;2
1621240931000;11522170;0.86121;0.86133;0.86127;0;T;True;2
1621240932000;11522172;0.86121;0.86133;0.86127;1;T;True;2
1621240933000;11522173;0.86121;0.86133;0.86127;0;T;True;2
1621240934000;11522174;0.86121;0.86133;0.86127;0;T;True;2
1621240935000;11522176;0.86121;0.86133;0.86127;1;T;True;2
1621240936000;11522178;0.86121;0.86133;0.86127;1;T;True;2
1621240937000;11522179;0.86121;0.86133;0.86127;0;T;True;2
1621240938000;11522180;0.86121;0.86133;0.86127;0;T;True;2
1621240939000;11522181;0.86121;0.86133;0.86127;0;T;True;2
1621240940000;11522183;0.86121;0.86133;0.86127;1;T;True;2
1621240941000;11522184;0.86121;0.86133;0.86127;0;T;True;2
1621240942000;11522185;0.86121;0.86133;0.86127;0;T;True;2
1621240943000;11522186;0.86121;0.86133;0.86127;0;T;True;2
1621240944000;11522187;0.86121;0.86133;0.86127;0;T;True;2
1621240945000;11522189;0.86119;0.86131;0.86125;1;T;True;2
1621240946000;11522190;0.86119;0.86131;0.86125;0;T;True;2
1621240947000;11522192;0.86119;0.86131;0.86125;1;T;True;2
1621240948000;11522193;0.86119;0.86131;0.86125;0;T;True;2
1621240949000;11522194;0.86119;0.86131;0.86125;0;T;True;2
1621240950000;11522196;0.86118;0.8613;0.86124;1;T;True;2
1621240951000;11522197;0.86118;0.8613;0.86124;0;T;True;2
1621240952000;11522198;0.86118;0.8613;0.86124;0;T;True;2
1621240953000;11522200;0.86119;0.86131;0.86125;1;T;True;2
1621240954000;11522201;0.86119;0.86131;0.86125;0;T;True;2
1621240955000;11522202;0.86119;0.86131;0.86125;0;T;True;2
1621240956000;11522203;0.86119;0.86131;0.86125;0;T;True;2
1621240957000;11522204;0.86119;0.86131;0.86125;0;T;True;2
1621240958000;11522205;0.86119;0.86131;0.86125;0;T;True;2
1621240959000;11522207;0.86118;0.8613;0.86124;1;T;True;2
1621240960000;11522208;0.86118;0.8613;0.86124;0;T;True;2
1621240961000;11522210;0.86119;0.86131;0.86125;1;T;True;2
1621240962000;11522211;0.86119;0.86131;0.86125;0;T;True;2
1621240963000;11522212;0.86119;0.86131;0.86125;0;T;True;2
1621240964000;11522215;0.86117;0.86129;0.86123;2;T;True;2
1621240965000;11522217;0.86117;0.86129;0.86123;1;T;True;2
1621240966000;11522218;0.86117;0.86129;0.86123;0;T;True;2
1621240967000;11522220;0.86116;0.86128;0.86122;1;T;True;2
1621240968000;11522223;0.86114;0.86126;0.8612;2;T;True;2
1621240969000;11522224;0.86114;0.86126;0.8612;0;T;True;2
1621240970000;11522228;0.86111;0.86123;0.86117;3;T;True;2
1621240971000;11522236;0.86106;0.86118;0.86112;7;T;True;2
1621240972000;11522238;0.86107;0.86119;0.86113;1;T;True;2
1621240973000;11522239;0.86107;0.86119;0.86113;0;T;True;2
1621240974000;11522240;0.86107;0.86119;0.86113;0;T;True;2
1621240975000;11522241;0.86107;0.86119;0.86113;0;T;True;2
1621240976000;11522242;0.86107;0.86119;0.86113;0;T;True;2
1621240977000;11522243;0.86107;0.86119;0.86113;0;T;True;2
1621240978000;11522244;0.86107;0.86119;0.86113;0;T;True;2
1621240979000;11522245;0.86107;0.86119;0.86113;0;T;True;2
1621240980000;11522246;0.86107;0.86119;0.86113;0;T;True;2
1621240981000;11522247;0.86107;0.86119;0.86113;0;T;True;2
1621240982000;11522250;0.86107;0.86119;0.86113;2;T;True;2
1621240983000;11522251;0.86107;0.86119;0.86113;0;T;True;2
1621240984000;11522252;0.86107;0.86119;0.86113;0;T;True;2
1621240985000;11522253;0.86107;0.86119;0.86113;0;T;True;2
1621240986000;11522254;0.86107;0.86119;0.86113;0;T;True;2
1621240987000;11522255;0.86107;0.86119;0.86113;0;T;True;2
1621240988000;11522256;0.86107;0.86119;0.86113;0;T;True;2
1621240989000;11522257;0.86107;0.86119;0.86113;0;T;True;2
1621240990000;11522258;0.86107;0.86119;0.86113;0;T;True;2
1621240991000;11522259;0.86107;0.86119;0.86113;0;T;True;2
1621240992000;11522260;0.86107;0.86119;0.86113;0;T;True;2
1621240993000;11522261;0.86107;0.86119;0.86113;0;T;True;2
1621240994000;11522262;0.86107;0.86119;0.86113;0;T;True;2
1621240995000;11522263;0.86107;0.86119;0.86113;0;T;True;2
1621240996000;11522264;0.86107;0.86119;0.86113;0;T;True;2
1621240997000;11522265;0.86107;0.86119;0.86113;0;T;True;2
1621240998000;11522266;0.86107;0.86119;0.86113;0;T;True;2
1621240999000;11522267;0.86107;0.86119;0.86113;0;T;True;2
1621241000000;11522268;0.86107;0.86119;0.86113;0;T;True;2
1621241001000;11522269;0.86107;0.86119;0.86113;0;T;True;2
1621241002000;11522271;0.86107;0.86119;0.86113;1;T;True;2
1621241003000;11522277;0.86105;0.86117;0.86111;5;T;True;2
1621241004000;11522280;0.86105;0.86117;0.86111;2;T;True;2
1621241005000;11522281;0.86105;0.86117;0.86111;0;T;True;2
1621241006000;11522283;0.86105;0.86117;0.86111;1;T;True;2
1621241007000;11522284;0.86105;0.86117;0.86111;0;T;True;2
1621241008000;11522286;0.86107;0.86119;0.86113;1;T;True;2
1621241009000;11522287;0.86107;0.86119;0.86113;0;T;True;2
1621241010000;11522288;0.86107;0.86119;0.86113;0;T;True;2
1621241011000;11522289;0.86107;0.86119;0.86113;0;T;True;2
1621241012000;11522290;0.86107;0.86119;0.86113;0;T;True;2
1621241013000;11522294;0.86107;0.86119;0.86113;3;T;True;2
1621241014000;11522295;0.86107;0.86119;0.86113;0;T;True;2
1621241015000;11522296;0.86107;0.86119;0.86113;0;T;True;2
1621241016000;11522297;0.86107;0.86119;0.86113;0;T;True;2
1621241017000;11522300;0.86109;0.86121;0.86115;2;T;True;2
1621241018000;11522303;0.86107;0.86119;0.86113;2;T;True;2
1621241019000;11522304;0.86107;0.86119;0.86113;0;T;True;2
1621241020000;11522305;0.86107;0.86119;0.86113;0;T;True;2
1621241021000;11522306;0.86107;0.86119;0.86113;0;T;True;2
1621241022000;11522311;0.86103;0.86115;0.86109;4;T;True;2
1621241023000;11522312;0.86103;0.86115;0.86109;0;T;True;2
1621241024000;11522313;0.86103;0.86115;0.86109;0;T;True;2
1621241025000;11522314;0.86103;0.86115;0.86109;0;T;True;2
1621241026000;11522315;0.86103;0.86115;0.86109;0;T;True;2
1621241027000;11522316;0.86103;0.86115;0.86109;0;T;True;2
1621241028000;11522317;0.86103;0.86115;0.86109;0;T;True;2
1621241029000;11522318;0.86103;0.86115;0.86109;0;T;True;2
1621241030000;11522319;0.86103;0.86115;0.86109;0;T;True;2
1621241031000;11522320;0.86103;0.86115;0.86109;0;T;True;2
1621241032000;11522321;0.86103;0.86115;0.86109;0;T;True;2
1621241033000;11522322;0.86103;0.86115;0.86109;0;T;True;2
1621241034000;11522324;0.86102;0.86114;0.86108;1;T;True;2
1621241035000;11522325;0.86102;0.86114;0.86108;0;T;True;2
1621241036000;11522326;0.86102;0.86114;0.86108;0;T;True;2
1621241037000;11522328;0.86103;0.86115;0.86109;1;T;True;2
1621241038000;11522338;0.86097;0.86109;0.86103;9;T;True;2
1621241039000;11522345;0.86097;0.86109;0.86103;6;T;True;2
1621241040000;11522347;0.86097;0.86109;0.86103;1;T;True;2
1621241041000;11522350;0.86097;0.86109;0.86103;2;T;True;2
1621241042000;11522355;0.86096;0.86108;0.86102;4;T;True;2
1621241043000;11522357;0.86097;0.86109;0.86103;1;T;True;2
1621241044000;11522358;0.86097;0.86109;0.86103;0;T;True;2
1621241045000;11522360;0.86098;0.8611;0.86104;1;T;True;2
1621241046000;11522361;0.86098;0.8611;0.86104;0;T;True;2
1621241047000;11522363;0.86099;0.86111;0.86105;1;T;True;2
1621241048000;11522365;0.861;0.86112;0.86106;1;T;True;2
1621241049000;11522366;0.861;0.86112;0.86106;0;T;True;2
1621241050000;11522370;0.86102;0.86114;0.86108;3;T;True;2
1621241051000;11522373;0.86105;0.86117;0.86111;2;T;True;2
1621241052000;11522377;0.86111;0.86123;0.86117;3;T;True;2
1621241053000;11522383;0.86115;0.86127;0.86121;5;T;True;2
1621241054000;11522384;0.86115;0.86127;0.86121;0;T;True;2
1621241055000;11522385;0.86115;0.86127;0.86121;0;T;True;2
1621241056000;11522387;0.86116;0.86128;0.86122;1;T;True;2
1621241057000;11522388;0.86116;0.86128;0.86122;0;T;True;2
1621241058000;11522389;0.86116;0.86128;0.86122;0;T;True;2
1621241059000;11522390;0.86116;0.86128;0.86122;0;T;True;2
1621241060000;11522392;0.86117;0.86129;0.86123;1;T;True;2
1621241061000;11522393;0.86117;0.86129;0.86123;0;T;True;2
1621241062000;11522394;0.86117;0.86129;0.86123;0;T;True;2
1621241063000;11522395;0.86117;0.86129;0.86123;0;T;True;2
1621241064000;11522396;0.86117;0.86129;0.86123;0;T;True;2
1621241065000;11522397;0.86117;0.86129;0.86123;0;T;True;2
1621241066000;11522399;0.86115;0.86127;0.86121;1;T;True;2
1621241067000;11522401;0.86115;0.86127;0.86121;1;T;True;2
1621241068000;11522402;0.86115;0.86127;0.86121;0;T;True;2
1621241069000;11522403;0.86115;0.86127;0.86121;0;T;True;2
1621241070000;11522404;0.86115;0.86127;0.86121;0;T;True;2
1621241071000;11522405;0.86115;0.86127;0.86121;0;T;True;2
1621241072000;11522419;0.86107;0.86119;0.86113;13;T;True;2
1621241073000;11522424;0.86106;0.86118;0.86112;4;T;True;2
1621241074000;11522425;0.86106;0.86118;0.86112;0;T;True;2
1621241075000;11522426;0.86106;0.86118;0.86112;0;T;True;2
1621241076000;11522427;0.86106;0.86118;0.86112;0;T;True;2
1621241077000;11522428;0.86106;0.86118;0.86112;0;T;True;2
1621241078000;11522429;0.86106;0.86118;0.86112;0;T;True;2
1621241079000;11522430;0.86106;0.86118;0.86112;0;T;True;2
1621241080000;11522431;0.86106;0.86118;0.86112;0;T;True;2
1621241081000;11522432;0.86106;0.86118;0.86112;0;T;True;2
1621241082000;11522435;0.86105;0.86117;0.86111;2;T;True;2
1621241083000;11522438;0.86107;0.86119;0.86113;2;T;True;2
1621241084000;11522441;0.86107;0.86119;0.86113;2;T;True;2
1621241085000;11522448;0.86109;0.86121;0.86115;6;T;True;2
1621241086000;11522451;0.86109;0.86121;0.86115;2;T;True;2
1621241087000;11522456;0.86111;0.86123;0.86117;4;T;True;2
1621241088000;11522461;0.86111;0.86123;0.86117;4;T;True;2
1621241089000;11522462;0.86111;0.86123;0.86117;0;T;True;2
1621241090000;11522463;0.86111;0.86123;0.86117;0;T;True;2
1621241091000;11522464;0.86111;0.86123;0.86117;0;T;True;2
1621241092000;11522467;0.86111;0.86123;0.86117;2;T;True;2
1621241093000;11522470;0.86111;0.86123;0.86117;2;T;True;2
1621241094000;11522473;0.86109;0.86121;0.86115;2;T;True;2
1621241095000;11522475;0.86109;0.86121;0.86115;1;T;True;2
1621241096000;11522476;0.86109;0.86121;0.86115;0;T;True;2
1621241097000;11522478;0.86109;0.86121;0.86115;1;T;True;2
1621241098000;11522480;0.86109;0.86121;0.86115;1;T;True;2
1621241099000;11522481;0.86109;0.86121;0.86115;0;T;True;2
1621241100000;11522482;0.86109;0.86121;0.86115;0;T;True;2
1621241101000;11522483;0.86109;0.86121;0.86115;0;T;True;2
1621241102000;11522485;0.86109;0.86121;0.86115;1;T;True;2
1621241103000;11522488;0.86109;0.86121;0.86115;2;T;True;2
1621241104000;11522494;0.8611;0.86122;0.86116;5;T;True;2
1621241105000;11522495;0.8611;0.86122;0.86116;0;T;True;2
1621241106000;11522496;0.8611;0.86122;0.86116;0;T;True;2
1621241107000;11522497;0.8611;0.86122;0.86116;0;T;True;2
1621241108000;11522499;0.86112;0.86124;0.86118;1;T;True;2
1621241109000;11522500;0.86112;0.86124;0.86118;0;T;True;2
1621241110000;11522501;0.86112;0.86124;0.86118;0;T;True;2
1621241111000;11522502;0.86112;0.86124;0.86118;0;T;True;2
1621241112000;11522503;0.86112;0.86124;0.86118;0;T;True;2
1621241113000;11522504;0.86112;0.86124;0.86118;0;T;True;2
1621241114000;11522505;0.86112;0.86124;0.86118;0;T;True;2
1621241115000;11522506;0.86112;0.86124;0.86118;0;T;True;2
1621241116000;11522507;0.86112;0.86124;0.86118;0;T;True;2
1621241117000;11522508;0.86112;0.86124;0.86118;0;T;True;2
1621241118000;11522509;0.86112;0.86124;0.86118;0;T;True;2
1621241119000;11522510;0.86112;0.86124;0.86118;0;T;True;2
1621241120000;11522511;0.86112;0.86124;0.86118;0;T;True;2
1621241121000;11522512;0.86112;0.86124;0.86118;0;T;True;2
1621241122000;11522514;0.86109;0.86121;0.86115;1;T;True;2
1621241123000;11522516;0.8611;0.86122;0.86116;1;T;True;2
1621241124000;11522517;0.8611;0.86122;0.86116;0;T;True;2
1621241125000;11522520;0.86109;0.86121;0.86115;2;T;True;2
1621241126000;11522521;0.86109;0.86121;0.86115;0;T;True;2
1621241127000;11522522;0.86109;0.86121;0.86115;0;T;True;2
1621241128000;11522524;0.86109;0.86121;0.86115;1;T;True;2
1621241129000;11522527;0.86107;0.86119;0.86113;2;T;True;2
1621241130000;11522528;0.86107;0.86119;0.86113;0;T;True;2
1621241131000;11522529;0.86107;0.86119;0.86113;0;T;True;2
1621241132000;11522530;0.86107;0.86119;0.86113;0;T;True;2
1621241133000;11522531;0.86107;0.86119;0.86113;0;T;True;2
1621241134000;11522532;0.86107;0.86119;0.86113;0;T;True;2
1621241135000;11522534;0.86107;0.86119;0.86113;1;T;True;2
1621241136000;11522535;0.86107;0.86119;0.86113;0;T;True;2
1621241137000;11522542;0.86105;0.86117;0.86111;6;T;True;2
1621241138000;11522543;0.86105;0.86117;0.86111;0;T;True;2
1621241139000;11522545;0.86105;0.86117;0.86111;1;T;True;2
1621241140000;11522546;0.86105;0.86117;0.86111;0;T;True;2
1621241141000;11522547;0.86105;0.86117;0.86111;0;T;True;2
1621241142000;11522548;0.86105;0.86117;0.86111;0;T;True;2
1621241143000;11522553;0.86106;0.86118;0.86112;4;T;True;2
1621241144000;11522554;0.86106;0.86118;0.86112;0;T;True;2
1621241145000;11522555;0.86106;0.86118;0.86112;0;T;True;2
1621241146000;11522556;0.86106;0.86118;0.86112;0;T;True;2
1621241147000;11522557;0.86106;0.86118;0.86112;0;T;True;2
1621241148000;11522558;0.86106;0.86118;0.86112;0;T;True;2
1621241149000;11522559;0.86106;0.86118;0.86112;0;T;True;2
1621241150000;11522562;0.86106;0.86118;0.86112;2;T;True;2
1621241151000;11522563;0.86106;0.86118;0.86112;0;T;True;2
1621241152000;11522566;0.86106;0.86118;0.86112;2;T;True;2
1621241153000;11522568;0.86106;0.86118;0.86112;1;T;True;2
1621241154000;11522569;0.86106;0.86118;0.86112;0;T;True;2
1621241155000;11522570;0.86106;0.86118;0.86112;0;T;True;2
1621241156000;11522571;0.86106;0.86118;0.86112;0;T;True;2
1621241157000;11522572;0.86106;0.86118;0.86112;0;T;True;2
1621241158000;11522573;0.86106;0.86118;0.86112;0;T;True;2
1621241159000;11522574;0.86106;0.86118;0.86112;0;T;True;2
1621241160000;11522576;0.86107;0.86119;0.86113;1;T;True;2
1621241161000;11522577;0.86107;0.86119;0.86113;0;T;True;2
1621241162000;11522578;0.86107;0.86119;0.86113;0;T;True;2
1621241163000;11522579;0.86107;0.86119;0.86113;0;T;True;2
1621241164000;11522580;0.86107;0.86119;0.86113;0;T;True;2
1621241165000;11522581;0.86107;0.86119;0.86113;0;T;True;2
1621241166000;11522582;0.86107;0.86119;0.86113;0;T;True;2
1621241167000;11522584;0.86106;0.86118;0.86112;1;T;True;2
1621241168000;11522589;0.86105;0.86117;0.86111;4;T;True;2
1621241169000;11522595;0.86108;0.8612;0.86114;5;T;True;2
1621241170000;11522596;0.86108;0.8612;0.86114;0;T;True;2
1621241171000;11522598;0.86109;0.86121;0.86115;1;T;True;2
1621241172000;11522600;0.86109;0.86121;0.86115;1;T;True;2
1621241173000;11522606;0.86106;0.86118;0.86112;5;T;True;2
1621241174000;11522608;0.86106;0.86118;0.86112;1;T;True;2
1621241175000;11522609;0.86106;0.86118;0.86112;0;T;True;2
1621241176000;11522611;0.86107;0.86119;0.86113;1;T;True;2
1621241177000;11522612;0.86107;0.86119;0.86113;0;T;True;2
1621241178000;11522614;0.86107;0.86119;0.86113;1;T;True;2
1621241179000;11522615;0.86107;0.86119;0.86113;0;T;True;2
1621241180000;11522616;0.86107;0.86119;0.86113;0;T;True;2
1621241181000;11522617;0.86107;0.86119;0.86113;0;T;True;2
1621241182000;11522618;0.86107;0.86119;0.86113;0;T;True;2
1621241183000;11522619;0.86107;0.86119;0.86113;0;T;True;2
1621241184000;11522620;0.86107;0.86119;0.86113;0;T;True;2
1621241185000;11522623;0.86109;0.86121;0.86115;2;T;True;2
1621241186000;11522628;0.86109;0.86121;0.86115;4;T;True;2
1621241187000;11522629;0.86109;0.86121;0.86115;0;T;True;2
1621241188000;11522631;0.86109;0.86121;0.86115;1;T;True;2
1621241189000;11522634;0.86109;0.86121;0.86115;2;T;True;2
1621241190000;11522635;0.86109;0.86121;0.86115;0;T;True;2
1621241191000;11522636;0.86109;0.86121;0.86115;0;T;True;2
1621241192000;11522637;0.86109;0.86121;0.86115;0;T;True;2
1621241193000;11522641;0.86109;0.86121;0.86115;3;T;True;2
1621241194000;11522642;0.86109;0.86121;0.86115;0;T;True;2
1621241195000;11522643;0.86109;0.86121;0.86115;0;T;True;2
1621241196000;11522648;0.86105;0.86117;0.86111;4;T;True;2
1621241197000;11522651;0.86105;0.86117;0.86111;2;T;True;2
1621241198000;11522652;0.86105;0.86117;0.86111;0;T;True;2
1621241199000;11522653;0.86105;0.86117;0.86111;0;T;True;2
1621241200000;11522655;0.86104;0.86116;0.8611;1;T;True;2
1621241201000;11522656;0.86104;0.86116;0.8611;0;T;True;2
1621241202000;11522659;0.86103;0.86115;0.86109;2;T;True;2
1621241203000;11522663;0.86103;0.86115;0.86109;3;T;True;2
1621241204000;11522665;0.86104;0.86116;0.8611;1;T;True;2
1621241205000;11522666;0.86104;0.86116;0.8611;0;T;True;2
1621241206000;11522673;0.86106;0.86118;0.86112;6;T;True;2
1621241207000;11522675;0.86106;0.86118;0.86112;1;T;True;2
1621241208000;11522677;0.86105;0.86117;0.86111;1;T;True;2
1621241209000;11522678;0.86105;0.86117;0.86111;0;T;True;2
1621241210000;11522679;0.86105;0.86117;0.86111;0;T;True;2
1621241211000;11522680;0.86105;0.86117;0.86111;0;T;True;2
1621241212000;11522681;0.86105;0.86117;0.86111;0;T;True;2
1621241213000;11522682;0.86105;0.86117;0.86111;0;T;True;2
1621241214000;11522686;0.86105;0.86117;0.86111;3;T;True;2
1621241215000;11522688;0.86105;0.86117;0.86111;1;T;True;2
1621241216000;11522691;0.86105;0.86117;0.86111;2;T;True;2
1621241217000;11522696;0.86106;0.86118;0.86112;4;T;True;2
1621241218000;11522697;0.86106;0.86118;0.86112;0;T;True;2
1621241219000;11522698;0.86106;0.86118;0.86112;0;T;True;2
1621241220000;11522699;0.86106;0.86118;0.86112;0;T;True;2
1621241221000;11522700;0.86106;0.86118;0.86112;0;T;True;2
1621241222000;11522701;0.86106;0.86118;0.86112;0;T;True;2
1621241223000;11522702;0.86106;0.86118;0.86112;0;T;True;2
1621241224000;11522703;0.86106;0.86118;0.86112;0;T;True;2
1621241225000;11522704;0.86106;0.86118;0.86112;0;T;True;2
1621241226000;11522705;0.86106;0.86118;0.86112;0;T;True;2
1621241227000;11522706;0.86106;0.86118;0.86112;0;T;True;2
1621241228000;11522708;0.86105;0.86117;0.86111;1;T;True;2
1621241229000;11522709;0.86105;0.86117;0.86111;0;T;True;2
1621241230000;11522713;0.86103;0.86115;0.86109;3;T;True;2
1621241231000;11522714;0.86103;0.86115;0.86109;0;T;True;2
1621241232000;11522715;0.86103;0.86115;0.86109;0;T;True;2
1621241233000;11522717;0.86103;0.86115;0.86109;1;T;True;2
1621241234000;11522718;0.86103;0.86115;0.86109;0;T;True;2
1621241235000;11522720;0.86101;0.86113;0.86107;1;T;True;2
1621241236000;11522724;0.861;0.86112;0.86106;3;T;True;2
1621241237000;11522725;0.861;0.86112;0.86106;0;T;True;2
1621241238000;11522729;0.861;0.86112;0.86106;3;T;True;2
1621241239000;11522732;0.86099;0.86111;0.86105;2;T;True;2
1621241240000;11522734;0.86099;0.86111;0.86105;1;T;True;2
1621241241000;11522735;0.86099;0.86111;0.86105;0;T;True;2
1621241242000;11522736;0.86099;0.86111;0.86105;0;T;True;2
1621241243000;11522739;0.86099;0.86111;0.86105;2;T;True;2
1621241244000;11522740;0.86099;0.86111;0.86105;0;T;True;2
1621241245000;11522741;0.86099;0.86111;0.86105;0;T;True;2
1621241246000;11522744;0.86099;0.86111;0.86105;2;T;True;2
1621241247000;11522746;0.86099;0.86111;0.86105;1;T;True;2
1621241248000;11522748;0.86098;0.8611;0.86104;1;T;True;2
1621241249000;11522752;0.86099;0.86111;0.86105;3;T;True;2
1621241250000;11522753;0.86099;0.86111;0.86105;0;T;True;2
1621241251000;11522754;0.86099;0.86111;0.86105;0;T;True;2
1621241252000;11522756;0.861;0.86112;0.86106;1;T;True;2
1621241253000;11522757;0.861;0.86112;0.86106;0;T;True;2
1621241254000;11522758;0.861;0.86112;0.86106;0;T;True;2
1621241255000;11522759;0.861;0.86112;0.86106;0;T;True;2
1621241256000;11522760;0.861;0.86112;0.86106;0;T;True;2
1621241257000;11522762;0.86101;0.86113;0.86107;1;T;True;2
1621241258000;11522763;0.86101;0.86113;0.86107;0;T;True;2
1621241259000;11522764;0.86101;0.86113;0.86107;0;T;True;2
1621241260000;11522765;0.86101;0.86113;0.86107;0;T;True;2
1621241261000;11522766;0.86101;0.86113;0.86107;0;T;True;2
1621241262000;11522767;0.86101;0.86113;0.86107;0;T;True;2
1621241263000;11522768;0.86101;0.86113;0.86107;0;T;True;2
1621241264000;11522769;0.86101;0.86113;0.86107;0;T;True;2
1621241265000;11522770;0.86101;0.86113;0.86107;0;T;True;2
1621241266000;11522771;0.86101;0.86113;0.86107;0;T;True;2
1621241267000;11522772;0.86101;0.86113;0.86107;0;T;True;2
1621241268000;11522773;0.86101;0.86113;0.86107;0;T;True;2
1621241269000;11522774;0.86101;0.86113;0.86107;0;T;True;2
1621241270000;11522775;0.86101;0.86113;0.86107;0;T;True;2
1621241271000;11522776;0.86101;0.86113;0.86107;0;T;True;2
1621241272000;11522777;0.86101;0.86113;0.86107;0;T;True;2
1621241273000;11522778;0.86101;0.86113;0.86107;0;T;True;2
1621241274000;11522790;0.86105;0.86117;0.86111;11;T;True;2
1621241275000;11522797;0.86105;0.86117;0.86111;6;T;True;2
1621241276000;11522800;0.86107;0.86119;0.86113;2;T;True;2
1621241277000;11522801;0.86107;0.86119;0.86113;0;T;True;2
1621241278000;11522802;0.86107;0.86119;0.86113;0;T;True;2
1621241279000;11522803;0.86107;0.86119;0.86113;0;T;True;2
1621241280000;11522807;0.86108;0.8612;0.86114;3;T;True;2
1621241281000;11522808;0.86108;0.8612;0.86114;0;T;True;2
1621241282000;11522809;0.86108;0.8612;0.86114;0;T;True;2
1621241283000;11522810;0.86108;0.8612;0.86114;0;T;True;2
1621241284000;11522811;0.86108;0.8612;0.86114;0;T;True;2
1621241285000;11522812;0.86108;0.8612;0.86114;0;T;True;2
1621241286000;11522816;0.86109;0.86121;0.86115;3;T;True;2
1621241287000;11522817;0.86109;0.86121;0.86115;0;T;True;2
1621241288000;11522818;0.86109;0.86121;0.86115;0;T;True;2
1621241289000;11522819;0.86109;0.86121;0.86115;0;T;True;2
1621241290000;11522822;0.86108;0.8612;0.86114;2;T;True;2
1621241291000;11522823;0.86108;0.8612;0.86114;0;T;True;2
1621241292000;11522825;0.86107;0.86119;0.86113;1;T;True;2
1621241293000;11522828;0.86107;0.86119;0.86113;2;T;True;2
1621241294000;11522836;0.86109;0.86121;0.86115;7;T;True;2
1621241295000;11522839;0.86109;0.86121;0.86115;2;T;True;2
1621241296000;11522840;0.86109;0.86121;0.86115;0;T;True;2
1621241297000;11522841;0.86109;0.86121;0.86115;0;T;True;2
1621241298000;11522842;0.86109;0.86121;0.86115;0;T;True;2
1621241299000;11522843;0.86109;0.86121;0.86115;0;T;True;2
1621241300000;11522845;0.86109;0.86121;0.86115;1;T;True;2
1621241301000;11522846;0.86109;0.86121;0.86115;0;T;True;2
1621241302000;11522848;0.86109;0.86121;0.86115;1;T;True;2
1621241303000;11522849;0.86109;0.86121;0.86115;0;T;True;2
1621241304000;11522851;0.86107;0.86119;0.86113;1;T;True;2
1621241305000;11522852;0.86107;0.86119;0.86113;0;T;True;2
1621241306000;11522853;0.86107;0.86119;0.86113;0;T;True;2
1621241307000;11522854;0.86107;0.86119;0.86113;0;T;True;2
1621241308000;11522855;0.86107;0.86119;0.86113;0;T;True;2
1621241309000;11522856;0.86107;0.86119;0.86113;0;T;True;2
1621241310000;11522857;0.86107;0.86119;0.86113;0;T;True;2
1621241311000;11522858;0.86107;0.86119;0.86113;0;T;True;2
1621241312000;11522859;0.86107;0.86119;0.86113;0;T;True;2
1621241313000;11522863;0.86105;0.86117;0.86111;3;T;True;2
1621241314000;11522867;0.86109;0.86121;0.86115;3;T;True;2
1621241315000;11522869;0.86111;0.86123;0.86117;1;T;True;2
1621241316000;11522870;0.86111;0.86123;0.86117;0;T;True;2
1621241317000;11522871;0.86111;0.86123;0.86117;0;T;True;2
1621241318000;11522872;0.86111;0.86123;0.86117;0;T;True;2
1621241319000;11522873;0.86111;0.86123;0.86117;0;T;True;2
1621241320000;11522875;0.86111;0.86123;0.86117;1;T;True;2
1621241321000;11522877;0.86112;0.86124;0.86118;1;T;True;2
1621241322000;11522880;0.86113;0.86125;0.86119;2;T;True;2
1621241323000;11522881;0.86113;0.86125;0.86119;0;T;True;2
1621241324000;11522882;0.86113;0.86125;0.86119;0;T;True;2
1621241325000;11522883;0.86113;0.86125;0.86119;0;T;True;2
1621241326000;11522889;0.86109;0.86121;0.86115;5;T;True;2
1621241327000;11522891;0.86109;0.86121;0.86115;1;T;True;2
1621241328000;11522892;0.86109;0.86121;0.86115;0;T;True;2
1621241329000;11522893;0.86109;0.86121;0.86115;0;T;True;2
1621241330000;11522895;0.8611;0.86122;0.86116;1;T;True;2
1621241331000;11522896;0.8611;0.86122;0.86116;0;T;True;2
1621241332000;11522905;0.86113;0.86125;0.86119;8;T;True;2
1621241333000;11522908;0.86109;0.86121;0.86115;2;T;True;2
1621241334000;11522909;0.86109;0.86121;0.86115;0;T;True;2
1621241335000;11522910;0.86109;0.86121;0.86115;0;T;True;2
1621241336000;11522914;0.86109;0.86121;0.86115;3;T;True;2
1621241337000;11522915;0.86109;0.86121;0.86115;0;T;True;2
1621241338000;11522918;0.86109;0.86121;0.86115;2;T;True;2
1621241339000;11522919;0.86109;0.86121;0.86115;0;T;True;2
1621241340000;11522920;0.86109;0.86121;0.86115;0;T;True;2
1621241341000;11522921;0.86109;0.86121;0.86115;0;T;True;2
1621241342000;11522923;0.86111;0.86123;0.86117;1;T;True;2
1621241343000;11522924;0.86111;0.86123;0.86117;0;T;True;2
1621241344000;11522925;0.86111;0.86123;0.86117;0;T;True;2
1621241345000;11522926;0.86111;0.86123;0.86117;0;T;True;2
1621241346000;11522928;0.86111;0.86123;0.86117;1;T;True;2
1621241347000;11522936;0.86108;0.8612;0.86114;7;T;True;2
1621241348000;11522938;0.86108;0.8612;0.86114;1;T;True;2
1621241349000;11522939;0.86108;0.8612;0.86114;0;T;True;2
1621241350000;11522942;0.86109;0.86121;0.86115;2;T;True;2
1621241351000;11522943;0.86109;0.86121;0.86115;0;T;True;2
1621241352000;11522944;0.86109;0.86121;0.86115;0;T;True;2
1621241353000;11522947;0.86109;0.86121;0.86115;2;T;True;2
1621241354000;11522948;0.86109;0.86121;0.86115;0;T;True;2
1621241355000;11522949;0.86109;0.86121;0.86115;0;T;True;2
1621241356000;11522955;0.86109;0.86121;0.86115;5;T;True;2
1621241357000;11522961;0.86111;0.86123;0.86117;5;T;True;2
1621241358000;11522964;0.86111;0.86123;0.86117;2;T;True;2
1621241359000;11522967;0.86111;0.86123;0.86117;2;T;True;2
1621241360000;11522968;0.86111;0.86123;0.86117;0;T;True;2
1621241361000;11522969;0.86111;0.86123;0.86117;0;T;True;2
1621241362000;11522970;0.86111;0.86123;0.86117;0;T;True;2
1621241363000;11522971;0.86111;0.86123;0.86117;0;T;True;2
1621241364000;11522972;0.86111;0.86123;0.86117;0;T;True;2
1621241365000;11522973;0.86111;0.86123;0.86117;0;T;True;2
1621241366000;11522977;0.8611;0.86122;0.86116;3;T;True;2
1621241367000;11522980;0.86109;0.86121;0.86115;2;T;True;2
1621241368000;11522981;0.86109;0.86121;0.86115;0;T;True;2
1621241369000;11522982;0.86109;0.86121;0.86115;0;T;True;2
1621241370000;11522985;0.86109;0.86121;0.86115;2;T;True;2
1621241371000;11522986;0.86109;0.86121;0.86115;0;T;True;2
1621241372000;11522988;0.86109;0.86121;0.86115;1;T;True;2
1621241373000;11522990;0.86109;0.86121;0.86115;1;T;True;2
1621241374000;11522991;0.86109;0.86121;0.86115;0;T;True;2
1621241375000;11522994;0.8611;0.86122;0.86116;2;T;True;2
1621241376000;11522995;0.8611;0.86122;0.86116;0;T;True;2
1621241377000;11522996;0.8611;0.86122;0.86116;0;T;True;2
1621241378000;11522997;0.8611;0.86122;0.86116;0;T;True;2
1621241379000;11522998;0.8611;0.86122;0.86116;0;T;True;2
1621241380000;11523000;0.86109;0.86121;0.86115;1;T;True;2
1621241381000;11523001;0.86109;0.86121;0.86115;0;T;True;2
1621241382000;11523002;0.86109;0.86121;0.86115;0;T;True;2
1621241383000;11523003;0.86109;0.86121;0.86115;0;T;True;2
1621241384000;11523004;0.86109;0.86121;0.86115;0;T;True;2
1621241385000;11523009;0.86111;0.86123;0.86117;4;T;True;2
1621241386000;11523011;0.86111;0.86123;0.86117;1;T;True;2
1621241387000;11523015;0.86111;0.86123;0.86117;3;T;True;2
1621241388000;11523018;0.86111;0.86123;0.86117;2;T;True;2
1621241389000;11523024;0.86115;0.86127;0.86121;5;T;True;2
1621241390000;11523025;0.86115;0.86127;0.86121;0;T;True;2
1621241391000;11523026;0.86115;0.86127;0.86121;0;T;True;2
1621241392000;11523029;0.86115;0.86127;0.86121;2;T;True;2
1621241393000;11523031;0.86116;0.86128;0.86122;1;T;True;2
1621241394000;11523033;0.86115;0.86127;0.86121;1;T;True;2
1621241395000;11523034;0.86115;0.86127;0.86121;0;T;True;2
1621241396000;11523037;0.86115;0.86127;0.86121;2;T;True;2
1621241397000;11523038;0.86115;0.86127;0.86121;0;T;True;2
1621241398000;11523039;0.86115;0.86127;0.86121;0;T;True;2
1621241399000;11523040;0.86115;0.86127;0.86121;0;T;True;2
1621241400000;11523043;0.86113;0.86125;0.86119;2;T;True;2
1621241401000;11523046;0.86113;0.86125;0.86119;2;T;True;2
1621241402000;11523055;0.86115;0.86127;0.86121;8;T;True;2
1621241403000;11523056;0.86115;0.86127;0.86121;0;T;True;2
1621241404000;11523059;0.86116;0.86128;0.86122;2;T;True;2
1621241405000;11523060;0.86116;0.86128;0.86122;0;T;True;2
1621241406000;11523066;0.86119;0.86131;0.86125;5;T;True;2
1621241407000;11523071;0.86117;0.86129;0.86123;4;T;True;2
1621241408000;11523076;0.86119;0.86131;0.86125;4;T;True;2
1621241409000;11523077;0.86119;0.86131;0.86125;0;T;True;2
1621241410000;11523079;0.86119;0.86131;0.86125;1;T;True;2
1621241411000;11523082;0.86119;0.86131;0.86125;2;T;True;2
1621241412000;11523084;0.86119;0.86131;0.86125;1;T;True;2
1621241413000;11523087;0.86119;0.86131;0.86125;2;T;True;2
1621241414000;11523088;0.86119;0.86131;0.86125;0;T;True;2
1621241415000;11523090;0.86119;0.86131;0.86125;1;T;True;2
1621241416000;11523093;0.86119;0.86131;0.86125;2;T;True;2
1621241417000;11523094;0.86119;0.86131;0.86125;0;T;True;2
1621241418000;11523095;0.86119;0.86131;0.86125;0;T;True;2
1621241419000;11523096;0.86119;0.86131;0.86125;0;T;True;2
1621241420000;11523098;0.8612;0.86132;0.86126;1;T;True;2
1621241421000;11523102;0.86118;0.8613;0.86124;3;T;True;2
1621241422000;11523103;0.86118;0.8613;0.86124;0;T;True;2
1621241423000;11523104;0.86118;0.8613;0.86124;0;T;True;2
1621241424000;11523107;0.86119;0.86131;0.86125;2;T;True;2
1621241425000;11523108;0.86119;0.86131;0.86125;0;T;True;2
1621241426000;11523109;0.86119;0.86131;0.86125;0;T;True;2
1621241427000;11523110;0.86119;0.86131;0.86125;0;T;True;2
1621241428000;11523112;0.86118;0.8613;0.86124;1;T;True;2
1621241429000;11523113;0.86118;0.8613;0.86124;0;T;True;2
1621241430000;11523114;0.86118;0.8613;0.86124;0;T;True;2
1621241431000;11523118;0.8612;0.86132;0.86126;3;T;True;2
1621241432000;11523125;0.86121;0.86133;0.86127;6;T;True;2
1621241433000;11523129;0.86121;0.86133;0.86127;3;T;True;2
1621241434000;11523132;0.86121;0.86133;0.86127;2;T;True;2
1621241435000;11523136;0.86122;0.86134;0.86128;3;T;True;2
1621241436000;11523141;0.86121;0.86133;0.86127;4;T;True;2
1621241437000;11523142;0.86121;0.86133;0.86127;0;T;True;2
1621241438000;11523144;0.86122;0.86134;0.86128;1;T;True;2
1621241439000;11523145;0.86122;0.86134;0.86128;0;T;True;2
1621241440000;11523147;0.86122;0.86134;0.86128;1;T;True;2
1621241441000;11523148;0.86122;0.86134;0.86128;0;T;True;2
1621241442000;11523149;0.86122;0.86134;0.86128;0;T;True;2
1621241443000;11523151;0.86123;0.86135;0.86129;1;T;True;2
1621241444000;11523158;0.86123;0.86135;0.86129;6;T;True;2
1621241445000;11523159;0.86123;0.86135;0.86129;0;T;True;2
1621241446000;11523160;0.86123;0.86135;0.86129;0;T;True;2
1621241447000;11523164;0.86119;0.86131;0.86125;3;T;True;2
1621241448000;11523168;0.86117;0.86129;0.86123;3;T;True;2
1621241449000;11523173;0.8612;0.86132;0.86126;4;T;True;2
1621241450000;11523174;0.8612;0.86132;0.86126;0;T;True;2
1621241451000;11523176;0.86121;0.86133;0.86127;1;T;True;2
1621241452000;11523177;0.86121;0.86133;0.86127;0;T;True;2
1621241453000;11523179;0.86121;0.86133;0.86127;1;T;True;2
1621241454000;11523182;0.86121;0.86133;0.86127;2;T;True;2
1621241455000;11523183;0.86121;0.86133;0.86127;0;T;True;2
1621241456000;11523185;0.86123;0.86135;0.86129;1;T;True;2
1621241457000;11523186;0.86123;0.86135;0.86129;0;T;True;2
1621241458000;11523191;0.86123;0.86135;0.86129;4;T;True;2
1621241459000;11523192;0.86123;0.86135;0.86129;0;T;True;2
1621241460000;11523195;0.86123;0.86135;0.86129;2;T;True;2
1621241461000;11523198;0.86123;0.86135;0.86129;2;T;True;2
1621241462000;11523200;0.86122;0.86134;0.86128;1;T;True;2
1621241463000;11523201;0.86122;0.86134;0.86128;0;T;True;2
1621241464000;11523204;0.86122;0.86134;0.86128;2;T;True;2
1621241465000;11523205;0.86122;0.86134;0.86128;0;T;True;2
1621241466000;11523207;0.86123;0.86135;0.86129;1;T;True;2
1621241467000;11523212;0.86123;0.86135;0.86129;4;T;True;2
1621241468000;11523214;0.86122;0.86134;0.86128;1;T;True;2
1621241469000;11523215;0.86122;0.86134;0.86128;0;T;True;2
1621241470000;11523216;0.86122;0.86134;0.86128;0;T;True;2
1621241471000;11523217;0.86122;0.86134;0.86128;0;T;True;2
1621241472000;11523218;0.86122;0.86134;0.86128;0;T;True;2
1621241473000;11523219;0.86122;0.86134;0.86128;0;T;True;2
1621241474000;11523220;0.86122;0.86134;0.86128;0;T;True;2
1621241475000;11523221;0.86122;0.86134;0.86128;0;T;True;2
1621241476000;11523222;0.86122;0.86134;0.86128;0;T;True;2
1621241477000;11523223;0.86122;0.86134;0.86128;0;T;True;2
1621241478000;11523224;0.86122;0.86134;0.86128;0;T;True;2
1621241479000;11523227;0.86123;0.86135;0.86129;2;T;True;2
1621241480000;11523230;0.86125;0.86137;0.86131;2;T;True;2
1621241481000;11523231;0.86125;0.86137;0.86131;0;T;True;2
1621241482000;11523235;0.86127;0.86139;0.86133;3;T;True;2
1621241483000;11523236;0.86127;0.86139;0.86133;0;T;True;2
1621241484000;11523237;0.86127;0.86139;0.86133;0;T;True;2
1621241485000;11523239;0.86127;0.86139;0.86133;1;T;True;2
1621241486000;11523240;0.86127;0.86139;0.86133;0;T;True;2
1621241487000;11523241;0.86127;0.86139;0.86133;0;T;True;2
1621241488000;11523245;0.86129;0.86141;0.86135;3;T;True;2
1621241489000;11523246;0.86129;0.86141;0.86135;0;T;True;2
1621241490000;11523247;0.86129;0.86141;0.86135;0;T;True;2
1621241491000;11523248;0.86129;0.86141;0.86135;0;T;True;2
1621241492000;11523249;0.86129;0.86141;0.86135;0;T;True;2
1621241493000;11523250;0.86129;0.86141;0.86135;0;T;True;2
1621241494000;11523251;0.86129;0.86141;0.86135;0;T;True;2
1621241495000;11523252;0.86129;0.86141;0.86135;0;T;True;2
1621241496000;11523253;0.86129;0.86141;0.86135;0;T;True;2
1621241497000;11523254;0.86129;0.86141;0.86135;0;T;True;2
1621241498000;11523255;0.86129;0.86141;0.86135;0;T;True;2
1621241499000;11523256;0.86129;0.86141;0.86135;0;T;True;2
1621241500000;11523257;0.86129;0.86141;0.86135;0;T;True;2
1621241501000;11523258;0.86129;0.86141;0.86135;0;T;True;2
1621241502000;11523259;0.86129;0.86141;0.86135;0;T;True;2
1621241503000;11523260;0.86129;0.86141;0.86135;0;T;True;2
1621241504000;11523267;0.86125;0.86137;0.86131;6;T;True;2
1621241505000;11523268;0.86125;0.86137;0.86131;0;T;True;2
1621241506000;11523269;0.86125;0.86137;0.86131;0;T;True;2
1621241507000;11523270;0.86125;0.86137;0.86131;0;T;True;2
1621241508000;11523271;0.86125;0.86137;0.86131;0;T;True;2
1621241509000;11523272;0.86125;0.86137;0.86131;0;T;True;2
1621241510000;11523273;0.86125;0.86137;0.86131;0;T;True;2
1621241511000;11523275;0.86124;0.86136;0.8613;1;T;True;2
1621241512000;11523278;0.86121;0.86133;0.86127;2;T;True;2
1621241513000;11523279;0.86121;0.86133;0.86127;0;T;True;2
1621241514000;11523285;0.86119;0.86131;0.86125;5;T;True;2
1621241515000;11523286;0.86119;0.86131;0.86125;0;T;True;2
1621241516000;11523287;0.86119;0.86131;0.86125;0;T;True;2
1621241517000;11523288;0.86119;0.86131;0.86125;0;T;True;2
1621241518000;11523289;0.86119;0.86131;0.86125;0;T;True;2
1621241519000;11523290;0.86119;0.86131;0.86125;0;T;True;2
1621241520000;11523291;0.86119;0.86131;0.86125;0;T;True;2
1621241521000;11523292;0.86119;0.86131;0.86125;0;T;True;2
1621241522000;11523294;0.86118;0.8613;0.86124;1;T;True;2
1621241523000;11523295;0.86118;0.8613;0.86124;0;T;True;2
1621241524000;11523296;0.86118;0.8613;0.86124;0;T;True;2
1621241525000;11523298;0.86117;0.86129;0.86123;1;T;True;2
1621241526000;11523299;0.86117;0.86129;0.86123;0;T;True;2
1621241527000;11523300;0.86117;0.86129;0.86123;0;T;True;2
1621241528000;11523301;0.86117;0.86129;0.86123;0;T;True;2
1621241529000;11523303;0.86116;0.86128;0.86122;1;T;True;2
1621241530000;11523304;0.86116;0.86128;0.86122;0;T;True;2
1621241531000;11523305;0.86116;0.86128;0.86122;0;T;True;2
1621241532000;11523309;0.86117;0.86129;0.86123;3;T;True;2
1621241533000;11523310;0.86117;0.86129;0.86123;0;T;True;2
1621241534000;11523312;0.86117;0.86129;0.86123;1;T;True;2
1621241535000;11523313;0.86117;0.86129;0.86123;0;T;True;2
1621241536000;11523315;0.86117;0.86129;0.86123;1;T;True;2
1621241537000;11523317;0.86117;0.86129;0.86123;1;T;True;2
1621241538000;11523318;0.86117;0.86129;0.86123;0;T;True;2
1621241539000;11523319;0.86117;0.86129;0.86123;0;T;True;2
1621241540000;11523320;0.86117;0.86129;0.86123;0;T;True;2
1621241541000;11523321;0.86117;0.86129;0.86123;0;T;True;2
1621241542000;11523322;0.86117;0.86129;0.86123;0;T;True;2
1621241543000;11523325;0.86117;0.86129;0.86123;2;T;True;2
1621241544000;11523327;0.86118;0.8613;0.86124;1;T;True;2
1621241545000;11523328;0.86118;0.8613;0.86124;0;T;True;2
1621241546000;11523329;0.86118;0.8613;0.86124;0;T;True;2
1621241547000;11523330;0.86118;0.8613;0.86124;0;T;True;2
1621241548000;11523332;0.86119;0.86131;0.86125;1;T;True;2
1621241549000;11523336;0.86119;0.86131;0.86125;3;T;True;2
1621241550000;11523337;0.86119;0.86131;0.86125;0;T;True;2
1621241551000;11523341;0.86119;0.86131;0.86125;3;T;True;2
1621241552000;11523342;0.86119;0.86131;0.86125;0;T;True;2
1621241553000;11523344;0.86119;0.86131;0.86125;1;T;True;2
1621241554000;11523345;0.86119;0.86131;0.86125;0;T;True;2
1621241555000;11523346;0.86119;0.86131;0.86125;0;T;True;2
1621241556000;11523347;0.86119;0.86131;0.86125;0;T;True;2
1621241557000;11523348;0.86119;0.86131;0.86125;0;T;True;2
1621241558000;11523349;0.86119;0.86131;0.86125;0;T;True;2
1621241559000;11523350;0.86119;0.86131;0.86125;0;T;True;2
1621241560000;11523352;0.86119;0.86131;0.86125;1;T;True;2
1621241561000;11523353;0.86119;0.86131;0.86125;0;T;True;2
1621241562000;11523356;0.86116;0.86128;0.86122;2;T;True;2
1621241563000;11523357;0.86116;0.86128;0.86122;0;T;True;2
1621241564000;11523358;0.86116;0.86128;0.86122;0;T;True;2
1621241565000;11523362;0.86116;0.86128;0.86122;3;T;True;2
1621241566000;11523363;0.86116;0.86128;0.86122;0;T;True;2
1621241567000;11523364;0.86116;0.86128;0.86122;0;T;True;2
1621241568000;11523366;0.86117;0.86129;0.86123;1;T;True;2
1621241569000;11523367;0.86117;0.86129;0.86123;0;T;True;2
1621241570000;11523368;0.86117;0.86129;0.86123;0;T;True;2
1621241571000;11523369;0.86117;0.86129;0.86123;0;T;True;2
1621241572000;11523370;0.86117;0.86129;0.86123;0;T;True;2
1621241573000;11523371;0.86117;0.86129;0.86123;0;T;True;2
1621241574000;11523373;0.86117;0.86129;0.86123;1;T;True;2
1621241575000;11523375;0.86117;0.86129;0.86123;1;T;True;2
1621241576000;11523376;0.86117;0.86129;0.86123;0;T;True;2
1621241577000;11523377;0.86117;0.86129;0.86123;0;T;True;2
1621241578000;11523380;0.86118;0.8613;0.86124;2;T;True;2
1621241579000;11523384;0.86119;0.86131;0.86125;3;T;True;2
1621241580000;11523388;0.86119;0.86131;0.86125;3;T;True;2
1621241581000;11523389;0.86119;0.86131;0.86125;0;T;True;2
1621241582000;11523390;0.86119;0.86131;0.86125;0;T;True;2
1621241583000;11523391;0.86119;0.86131;0.86125;0;T;True;2
1621241584000;11523392;0.86119;0.86131;0.86125;0;T;True;2
1621241585000;11523394;0.86119;0.86131;0.86125;1;T;True;2
1621241586000;11523396;0.86119;0.86131;0.86125;1;T;True;2
1621241587000;11523398;0.86119;0.86131;0.86125;1;T;True;2
1621241588000;11523399;0.86119;0.86131;0.86125;0;T;True;2
1621241589000;11523401;0.86119;0.86131;0.86125;1;T;True;2
1621241590000;11523402;0.86119;0.86131;0.86125;0;T;True;2
1621241591000;11523403;0.86119;0.86131;0.86125;0;T;True;2
1621241592000;11523405;0.86119;0.86131;0.86125;1;T;True;2
1621241593000;11523406;0.86119;0.86131;0.86125;0;T;True;2
1621241594000;11523408;0.86119;0.86131;0.86125;1;T;True;2
1621241595000;11523409;0.86119;0.86131;0.86125;0;T;True;2
1621241596000;11523410;0.86119;0.86131;0.86125;0;T;True;2
1621241597000;11523411;0.86119;0.86131;0.86125;0;T;True;2
1621241598000;11523414;0.86119;0.86131;0.86125;2;T;True;2
1621241599000;11523415;0.86119;0.86131;0.86125;0;T;True;2
1621241600000;11523418;0.86117;0.86129;0.86123;2;T;True;2
1621241601000;11523423;0.86119;0.86131;0.86125;4;T;True;2
1621241602000;11523425;0.86119;0.86131;0.86125;1;T;True;2
1621241603000;11523428;0.86119;0.86131;0.86125;2;T;True;2
1621241604000;11523435;0.86115;0.86127;0.86121;6;T;True;2
1621241605000;11523436;0.86115;0.86127;0.86121;0;T;True;2
1621241606000;11523438;0.86116;0.86128;0.86122;1;T;True;2
1621241607000;11523439;0.86116;0.86128;0.86122;0;T;True;2
1621241608000;11523440;0.86116;0.86128;0.86122;0;T;True;2
1621241609000;11523441;0.86116;0.86128;0.86122;0;T;True;2
1621241610000;11523442;0.86116;0.86128;0.86122;0;T;True;2
1621241611000;11523444;0.86115;0.86127;0.86121;1;T;True;2
1621241612000;11523451;0.86117;0.86129;0.86123;6;T;True;2
1621241613000;11523453;0.86115;0.86127;0.86121;1;T;True;2
1621241614000;11523454;0.86115;0.86127;0.86121;0;T;True;2
1621241615000;11523455;0.86115;0.86127;0.86121;0;T;True;2
1621241616000;11523456;0.86115;0.86127;0.86121;0;T;True;2
1621241617000;11523461;0.86115;0.86127;0.86121;4;T;True;2
1621241618000;11523462;0.86115;0.86127;0.86121;0;T;True;2
1621241619000;11523463;0.86115;0.86127;0.86121;0;T;True;2
1621241620000;11523464;0.86115;0.86127;0.86121;0;T;True;2
1621241621000;11523465;0.86115;0.86127;0.86121;0;T;True;2
1621241622000;11523469;0.86117;0.86129;0.86123;3;T;True;2
1621241623000;11523470;0.86117;0.86129;0.86123;0;T;True;2
1621241624000;11523477;0.86118;0.8613;0.86124;6;T;True;2
1621241625000;11523478;0.86118;0.8613;0.86124;0;T;True;2
1621241626000;11523479;0.86118;0.8613;0.86124;0;T;True;2
1621241627000;11523480;0.86118;0.8613;0.86124;0;T;True;2
1621241628000;11523482;0.86119;0.86131;0.86125;1;T;True;2
1621241629000;11523485;0.86121;0.86133;0.86127;2;T;True;2
1621241630000;11523486;0.86121;0.86133;0.86127;0;T;True;2
1621241631000;11523487;0.86121;0.86133;0.86127;0;T;True;2
1621241632000;11523488;0.86121;0.86133;0.86127;0;T;True;2
1621241633000;11523490;0.86122;0.86134;0.86128;1;T;True;2
1621241634000;11523492;0.86121;0.86133;0.86127;1;T;True;2
1621241635000;11523493;0.86121;0.86133;0.86127;0;T;True;2
1621241636000;11523495;0.86122;0.86134;0.86128;1;T;True;2
1621241637000;11523496;0.86122;0.86134;0.86128;0;T;True;2
1621241638000;11523497;0.86122;0.86134;0.86128;0;T;True;2
1621241639000;11523501;0.86123;0.86135;0.86129;3;T;True;2
1621241640000;11523502;0.86123;0.86135;0.86129;0;T;True;2
1621241641000;11523503;0.86123;0.86135;0.86129;0;T;True;2
1621241642000;11523504;0.86123;0.86135;0.86129;0;T;True;2
1621241643000;11523505;0.86123;0.86135;0.86129;0;T;True;2
1621241644000;11523507;0.86124;0.86136;0.8613;1;T;True;2
1621241645000;11523508;0.86124;0.86136;0.8613;0;T;True;2
1621241646000;11523509;0.86124;0.86136;0.8613;0;T;True;2
1621241647000;11523510;0.86124;0.86136;0.8613;0;T;True;2
1621241648000;11523511;0.86124;0.86136;0.8613;0;T;True;2
1621241649000;11523512;0.86124;0.86136;0.8613;0;T;True;2
1621241650000;11523513;0.86124;0.86136;0.8613;0;T;True;2
1621241651000;11523514;0.86124;0.86136;0.8613;0;T;True;2
1621241652000;11523516;0.86123;0.86135;0.86129;1;T;True;2
1621241653000;11523517;0.86123;0.86135;0.86129;0;T;True;2
1621241654000;11523518;0.86123;0.86135;0.86129;0;T;True;2
1621241655000;11523524;0.86122;0.86134;0.86128;5;T;True;2
1621241656000;11523527;0.86121;0.86133;0.86127;2;T;True;2
1621241657000;11523528;0.86121;0.86133;0.86127;0;T;True;2
1621241658000;11523529;0.86121;0.86133;0.86127;0;T;True;2
1621241659000;11523531;0.8612;0.86132;0.86126;1;T;True;2
1621241660000;11523532;0.8612;0.86132;0.86126;0;T;True;2
1621241661000;11523533;0.8612;0.86132;0.86126;0;T;True;2
1621241662000;11523536;0.86121;0.86133;0.86127;2;T;True;2
1621241663000;11523537;0.86121;0.86133;0.86127;0;T;True;2
1621241664000;11523538;0.86121;0.86133;0.86127;0;T;True;2
1621241665000;11523539;0.86121;0.86133;0.86127;0;T;True;2
1621241666000;11523540;0.86121;0.86133;0.86127;0;T;True;2
1621241667000;11523541;0.86121;0.86133;0.86127;0;T;True;2
1621241668000;11523542;0.86121;0.86133;0.86127;0;T;True;2
1621241669000;11523543;0.86121;0.86133;0.86127;0;T;True;2
1621241670000;11523544;0.86121;0.86133;0.86127;0;T;True;2
1621241671000;11523545;0.86121;0.86133;0.86127;0;T;True;2
1621241672000;11523546;0.86121;0.86133;0.86127;0;T;True;2
1621241673000;11523547;0.86121;0.86133;0.86127;0;T;True;2
1621241674000;11523549;0.86121;0.86133;0.86127;1;T;True;2
1621241675000;11523550;0.86121;0.86133;0.86127;0;T;True;2
1621241676000;11523552;0.86121;0.86133;0.86127;1;T;True;2
1621241677000;11523556;0.86121;0.86133;0.86127;3;T;True;2
1621241678000;11523557;0.86121;0.86133;0.86127;0;T;True;2
1621241679000;11523558;0.86121;0.86133;0.86127;0;T;True;2
1621241680000;11523559;0.86121;0.86133;0.86127;0;T;True;2
1621241681000;11523560;0.86121;0.86133;0.86127;0;T;True;2
1621241682000;11523562;0.86121;0.86133;0.86127;1;T;True;2
1621241683000;11523564;0.86121;0.86133;0.86127;1;T;True;2
1621241684000;11523565;0.86121;0.86133;0.86127;0;T;True;2
1621241685000;11523569;0.86123;0.86135;0.86129;3;T;True;2
1621241686000;11523570;0.86123;0.86135;0.86129;0;T;True;2
1621241687000;11523573;0.86123;0.86135;0.86129;2;T;True;2
1621241688000;11523574;0.86123;0.86135;0.86129;0;T;True;2
1621241689000;11523575;0.86123;0.86135;0.86129;0;T;True;2
1621241690000;11523576;0.86123;0.86135;0.86129;0;T;True;2
1621241691000;11523577;0.86123;0.86135;0.86129;0;T;True;2
1621241692000;11523579;0.86125;0.86137;0.86131;1;T;True;2
1621241693000;11523580;0.86125;0.86137;0.86131;0;T;True;2
1621241694000;11523581;0.86125;0.86137;0.86131;0;T;True;2
1621241695000;11523582;0.86125;0.86137;0.86131;0;T;True;2
1621241696000;11523583;0.86125;0.86137;0.86131;0;T;True;2
1621241697000;11523584;0.86125;0.86137;0.86131;0;T;True;2
1621241698000;11523585;0.86125;0.86137;0.86131;0;T;True;2
1621241699000;11523586;0.86125;0.86137;0.86131;0;T;True;2
1621241700000;11523587;0.86125;0.86137;0.86131;0;T;True;2
1621241701000;11523590;0.86124;0.86136;0.8613;2;T;True;2
1621241702000;11523591;0.86124;0.86136;0.8613;0;T;True;2
1621241703000;11523592;0.86124;0.86136;0.8613;0;T;True;2
1621241704000;11523593;0.86124;0.86136;0.8613;0;T;True;2
1621241705000;11523594;0.86124;0.86136;0.8613;0;T;True;2
1621241706000;11523595;0.86124;0.86136;0.8613;0;T;True;2
1621241707000;11523596;0.86124;0.86136;0.8613;0;T;True;2
1621241708000;11523597;0.86124;0.86136;0.8613;0;T;True;2
1621241709000;11523598;0.86124;0.86136;0.8613;0;T;True;2
1621241710000;11523602;0.86127;0.86139;0.86133;3;T;True;2
1621241711000;11523609;0.86127;0.86139;0.86133;6;T;True;2
1621241712000;11523613;0.86127;0.86139;0.86133;3;T;True;2
1621241713000;11523615;0.86127;0.86139;0.86133;1;T;True;2
1621241714000;11523616;0.86127;0.86139;0.86133;0;T;True;2
1621241715000;11523617;0.86127;0.86139;0.86133;0;T;True;2
1621241716000;11523618;0.86127;0.86139;0.86133;0;T;True;2
1621241717000;11523620;0.86126;0.86138;0.86132;1;T;True;2
1621241718000;11523621;0.86126;0.86138;0.86132;0;T;True;2
1621241719000;11523622;0.86126;0.86138;0.86132;0;T;True;2
1621241720000;11523627;0.86127;0.86139;0.86133;4;T;True;2
1621241721000;11523628;0.86127;0.86139;0.86133;0;T;True;2
1621241722000;11523629;0.86127;0.86139;0.86133;0;T;True;2
1621241723000;11523631;0.86127;0.86139;0.86133;1;T;True;2
1621241724000;11523634;0.86127;0.86139;0.86133;2;T;True;2
1621241725000;11523635;0.86127;0.86139;0.86133;0;T;True;2
1621241726000;11523636;0.86127;0.86139;0.86133;0;T;True;2
1621241727000;11523638;0.86127;0.86139;0.86133;1;T;True;2
1621241728000;11523639;0.86127;0.86139;0.86133;0;T;True;2
1621241729000;11523640;0.86127;0.86139;0.86133;0;T;True;2
1621241730000;11523641;0.86127;0.86139;0.86133;0;T;True;2
1621241731000;11523645;0.86129;0.86141;0.86135;3;T;True;2
1621241732000;11523648;0.86127;0.86139;0.86133;2;T;True;2
1621241733000;11523650;0.86127;0.86139;0.86133;1;T;True;2
1621241734000;11523651;0.86127;0.86139;0.86133;0;T;True;2
1621241735000;11523655;0.86125;0.86137;0.86131;3;T;True;2
1621241736000;11523656;0.86125;0.86137;0.86131;0;T;True;2
1621241737000;11523657;0.86125;0.86137;0.86131;0;T;True;2
1621241738000;11523658;0.86125;0.86137;0.86131;0;T;True;2
1621241739000;11523661;0.86125;0.86137;0.86131;2;T;True;2
1621241740000;11523673;0.86123;0.86135;0.86129;11;T;True;2
1621241741000;11523675;0.86123;0.86135;0.86129;1;T;True;2
1621241742000;11523676;0.86123;0.86135;0.86129;0;T;True;2
1621241743000;11523677;0.86123;0.86135;0.86129;0;T;True;2
1621241744000;11523678;0.86123;0.86135;0.86129;0;T;True;2
1621241745000;11523679;0.86123;0.86135;0.86129;0;T;True;2
1621241746000;11523680;0.86123;0.86135;0.86129;0;T;True;2
1621241747000;11523681;0.86123;0.86135;0.86129;0;T;True;2
1621241748000;11523683;0.86123;0.86135;0.86129;1;T;True;2
1621241749000;11523684;0.86123;0.86135;0.86129;0;T;True;2
1621241750000;11523686;0.86123;0.86135;0.86129;1;T;True;2
1621241751000;11523687;0.86123;0.86135;0.86129;0;T;True;2
1621241752000;11523688;0.86123;0.86135;0.86129;0;T;True;2
1621241753000;11523689;0.86123;0.86135;0.86129;0;T;True;2
1621241754000;11523691;0.86123;0.86135;0.86129;1;T;True;2
1621241755000;11523692;0.86123;0.86135;0.86129;0;T;True;2
1621241756000;11523695;0.86123;0.86135;0.86129;2;T;True;2
1621241757000;11523696;0.86123;0.86135;0.86129;0;T;True;2
1621241758000;11523697;0.86123;0.86135;0.86129;0;T;True;2
1621241759000;11523698;0.86123;0.86135;0.86129;0;T;True;2
1621241760000;11523699;0.86123;0.86135;0.86129;0;T;True;2
1621241761000;11523702;0.86122;0.86134;0.86128;2;T;True;2
1621241762000;11523703;0.86122;0.86134;0.86128;0;T;True;2
1621241763000;11523704;0.86122;0.86134;0.86128;0;T;True;2
1621241764000;11523705;0.86122;0.86134;0.86128;0;T;True;2
1621241765000;11523714;0.86115;0.86127;0.86121;8;T;True;2
1621241766000;11523717;0.86113;0.86125;0.86119;2;T;True;2
1621241767000;11523718;0.86113;0.86125;0.86119;0;T;True;2
1621241768000;11523719;0.86113;0.86125;0.86119;0;T;True;2
1621241769000;11523720;0.86113;0.86125;0.86119;0;T;True;2
1621241770000;11523721;0.86113;0.86125;0.86119;0;T;True;2
1621241771000;11523727;0.86117;0.86129;0.86123;5;T;True;2
1621241772000;11523731;0.86117;0.86129;0.86123;3;T;True;2
1621241773000;11523732;0.86117;0.86129;0.86123;0;T;True;2
1621241774000;11523733;0.86117;0.86129;0.86123;0;T;True;2
1621241775000;11523734;0.86117;0.86129;0.86123;0;T;True;2
1621241776000;11523735;0.86117;0.86129;0.86123;0;T;True;2
1621241777000;11523738;0.86119;0.86131;0.86125;2;T;True;2
1621241778000;11523739;0.86119;0.86131;0.86125;0;T;True;2
1621241779000;11523740;0.86119;0.86131;0.86125;0;T;True;2
1621241780000;11523743;0.86119;0.86131;0.86125;2;T;True;2
1621241781000;11523747;0.86121;0.86133;0.86127;3;T;True;2
1621241782000;11523749;0.86121;0.86133;0.86127;1;T;True;2
1621241783000;11523750;0.86121;0.86133;0.86127;0;T;True;2
1621241784000;11523754;0.86119;0.86131;0.86125;3;T;True;2
1621241785000;11523755;0.86119;0.86131;0.86125;0;T;True;2
1621241786000;11523758;0.86119;0.86131;0.86125;2;T;True;2
1621241787000;11523759;0.86119;0.86131;0.86125;0;T;True;2
