ts;n;bid;ask;value;volume;phase;round;active_id
1621220262000;11487013;0.86132;0.86144;0.86138;0;T;True;2
1621220263000;11487014;0.86132;0.86144;0.86138;0;T;True;2
1621220264000;11487015;0.86132;0.86144;0.86138;0;T;True;2
1621220265000;11487018;0.86132;0.86144;0.86138;2;T;True;2
1621220266000;11487020;0.86131;0.86143;0.86137;1;T;True;2
1621220267000;11487021;0.86131;0.86143;0.86137;0;T;True;2
1621220268000;11487022;0.86131;0.86143;0.86137;0;T;True;2
1621220269000;11487026;0.86131;0.86143;0.86137;3;T;True;2
1621220270000;11487027;0.86131;0.86143;0.86137;0;T;True;2
1621220271000;11487028;0.86131;0.86143;0.86137;0;T;True;2
1621220272000;11487029;0.86131;0.86143;0.86137;0;T;True;2
1621220273000;11487030;0.86131;0.86143;0.86137;0;T;True;2
1621220274000;11487032;0.86131;0.86143;0.86137;1;T;True;2
1621220275000;11487033;0.86131;0.86143;0.86137;0;T;True;2
1621220276000;11487034;0.86131;0.86143;0.86137;0;T;True;2
1621220277000;11487036;0.86131;0.86143;0.86137;1;T;True;2
1621220278000;11487037;0.86131;0.86143;0.86137;0;T;True;2
1621220279000;11487038;0.86131;0.86143;0.86137;0;T;True;2
1621220280000;11487039;0.86131;0.86143;0.86137;0;T;True;2
1621220281000;11487040;0.86131;0.86143;0.86137;0;T;True;2
1621220282000;11487041;0.86131;0.86143;0.86137;0;T;True;2
1621220283000;11487042;0.86131;0.86143;0.86137;0;T;True;2
1621220284000;11487043;0.86131;0.86143;0.86137;0;T;True;2
1621220285000;11487044;0.86131;0.86143;0.86137;0;T;True;2
1621220286000;11487046;0.86131;0.86143;0.86137;1;T;True;2
1621220287000;11487047;0.86131;0.86143;0.86137;0;T;True;2
1621220288000;11487052;0.86131;0.86143;0.86137;4;T;True;2
1621220289000;11487053;0.86131;0.86143;0.86137;0;T;True;2
1621220290000;11487054;0.86131;0.86143;0.86137;0;T;True;2
1621220291000;11487055;0.86131;0.86143;0.86137;0;T;True;2
1621220292000;11487056;0.86131;0.86143;0.86137;0;T;True;2
1621220293000;11487058;0.86131;0.86143;0.86137;1;T;True;2
1621220294000;11487059;0.86131;0.86143;0.86137;0;T;True;2
1621220295000;11487060;0.86131;0.86143;0.86137;0;T;True;2
1621220296000;11487061;0.86131;0.86143;0.86137;0;T;True;2
1621220297000;11487062;0.86131;0.86143;0.86137;0;T;True;2
1621220298000;11487063;0.86131;0.86143;0.86137;0;T;True;2
1621220299000;11487064;0.86131;0.86143;0.86137;0;T;True;2
1621220300000;11487065;0.86131;0.86143;0.86137;0;T;True;2
1621220301000;11487066;0.86131;0.86143;0.86137;0;T;True;2
1621220302000;11487067;0.86131;0.86143;0.86137;0;T;True;2
1621220303000;11487068;0.86131;0.86143;0.86137;0;T;True;2
1621220304000;11487069;0.86131;0.86143;0.86137;0;T;True;2
1621220305000;11487072;0.86131;0.86143;0.86137;2;T;True;2
1621220306000;11487073;0.86131;0.86143;0.86137;0;T;True;2
1621220307000;11487075;0.86131;0.86143;0.86137;1;T;True;2
1621220308000;11487076;0.86131;0.86143;0.86137;0;T;True;2
1621220309000;11487077;0.86131;0.86143;0.86137;0;T;True;2
1621220310000;11487078;0.86131;0.86143;0.86137;0;T;True;2
1621220311000;11487079;0.86131;0.86143;0.86137;0;T;True;2
1621220312000;11487080;0.86131;0.86143;0.86137;0;T;True;2
1621220313000;11487082;0.86131;0.86143;0.86137;1;T;True;2
1621220314000;11487083;0.86131;0.86143;0.86137;0;T;True;2
1621220315000;11487084;0.86131;0.86143;0.86137;0;T;True;2
1621220316000;11487086;0.86131;0.86143;0.86137;1;T;True;2
1621220317000;11487090;0.86131;0.86143;0.86137;3;T;True;2
1621220318000;11487091;0.86131;0.86143;0.86137;0;T;True;2
1621220319000;11487092;0.86131;0.86143;0.86137;0;T;True;2
1621220320000;11487093;0.86131;0.86143;0.86137;0;T;True;2
1621220321000;11487094;0.86131;0.86143;0.86137;0;T;True;2
1621220322000;11487095;0.86131;0.86143;0.86137;0;T;True;2
1621220323000;11487096;0.86131;0.86143;0.86137;0;T;True;2
1621220324000;11487097;0.86131;0.86143;0.86137;0;T;True;2
1621220325000;11487098;0.86131;0.86143;0.86137;0;T;True;2
1621220326000;11487099;0.86131;0.86143;0.86137;0;T;True;2
1621220327000;11487101;0.86131;0.86143;0.86137;1;T;True;2
1621220328000;11487104;0.86131;0.86143;0.86137;2;T;True;2
1621220329000;11487105;0.86131;0.86143;0.86137;0;T;True;2
1621220330000;11487106;0.86131;0.86143;0.86137;0;T;True;2
1621220331000;11487107;0.86131;0.86143;0.86137;0;T;True;2
1621220332000;11487108;0.86131;0.86143;0.86137;0;T;True;2
1621220333000;11487109;0.86131;0.86143;0.86137;0;T;True;2
1621220334000;11487110;0.86131;0.86143;0.86137;0;T;True;2
1621220335000;11487111;0.86131;0.86143;0.86137;0;T;True;2
1621220336000;11487112;0.86131;0.86143;0.86137;0;T;True;2
1621220337000;11487113;0.86131;0.86143;0.86137;0;T;True;2
1621220338000;11487114;0.86131;0.86143;0.86137;0;T;True;2
1621220339000;11487118;0.86131;0.86143;0.86137;3;T;True;2
1621220340000;11487119;0.86131;0.86143;0.86137;0;T;True;2
1621220341000;11487120;0.86131;0.86143;0.86137;0;T;True;2
1621220342000;11487124;0.86131;0.86143;0.86137;3;T;True;2
1621220343000;11487125;0.86131;0.86143;0.86137;0;T;True;2
1621220344000;11487126;0.86131;0.86143;0.86137;0;T;True;2
1621220345000;11487127;0.86131;0.86143;0.86137;0;T;True;2
1621220346000;11487128;0.86131;0.86143;0.86137;0;T;True;2
1621220347000;11487129;0.86131;0.86143;0.86137;0;T;True;2
1621220348000;11487130;0.86131;0.86143;0.86137;0;T;True;2
1621220349000;11487131;0.86131;0.86143;0.86137;0;T;True;2
1621220350000;11487132;0.86131;0.86143;0.86137;0;T;True;2
1621220351000;11487133;0.86131;0.86143;0.86137;0;T;True;2
1621220352000;11487137;0.86131;0.86143;0.86137;3;T;True;2
1621220353000;11487143;0.86132;0.86144;0.86138;5;T;True;2
1621220354000;11487144;0.86132;0.86144;0.86138;0;T;True;2
1621220355000;11487146;0.86131;0.86143;0.86137;1;T;True;2
1621220356000;11487147;0.86131;0.86143;0.86137;0;T;True;2
1621220357000;11487148;0.86131;0.86143;0.86137;0;T;True;2
1621220358000;11487149;0.86131;0.86143;0.86137;0;T;True;2
1621220359000;11487150;0.86131;0.86143;0.86137;0;T;True;2
1621220360000;11487151;0.86131;0.86143;0.86137;0;T;True;2
1621220361000;11487154;0.86132;0.86144;0.86138;2;T;True;2
1621220362000;11487156;0.86133;0.86145;0.86139;1;T;True;2
1621220363000;11487157;0.86133;0.86145;0.86139;0;T;True;2
1621220364000;11487158;0.86133;0.86145;0.86139;0;T;True;2
1621220365000;11487160;0.86133;0.86145;0.86139;1;T;True;2
1621220366000;11487161;0.86133;0.86145;0.86139;0;T;True;2
1621220367000;11487162;0.86133;0.86145;0.86139;0;T;True;2
1621220368000;11487163;0.86133;0.86145;0.86139;0;T;True;2
1621220369000;11487166;0.86132;0.86144;0.86138;2;T;True;2
1621220370000;11487174;0.86137;0.86149;0.86143;7;T;True;2
1621220371000;11487175;0.86137;0.86149;0.86143;0;T;True;2
1621220372000;11487177;0.86138;0.8615;0.86144;1;T;True;2
1621220373000;11487178;0.86138;0.8615;0.86144;0;T;True;2
1621220374000;11487179;0.86138;0.8615;0.86144;0;T;True;2
1621220375000;11487180;0.86138;0.8615;0.86144;0;T;True;2
1621220376000;11487183;0.86138;0.8615;0.86144;2;T;True;2
1621220377000;11487184;0.86138;0.8615;0.86144;0;T;True;2
1621220378000;11487186;0.86137;0.86149;0.86143;1;T;True;2
1621220379000;11487187;0.86137;0.86149;0.86143;0;T;True;2
1621220380000;11487188;0.86137;0.86149;0.86143;0;T;True;2
1621220381000;11487189;0.86137;0.86149;0.86143;0;T;True;2
1621220382000;11487190;0.86137;0.86149;0.86143;0;T;True;2
1621220383000;11487192;0.86137;0.86149;0.86143;1;T;True;2
1621220384000;11487197;0.86135;0.86147;0.86141;4;T;True;2
1621220385000;11487198;0.86135;0.86147;0.86141;0;T;True;2
1621220386000;11487199;0.86135;0.86147;0.86141;0;T;True;2
1621220387000;11487200;0.86135;0.86147;0.86141;0;T;True;2
1621220388000;11487204;0.86136;0.86148;0.86142;3;T;True;2
1621220389000;11487206;0.86135;0.86147;0.86141;1;T;True;2
1621220390000;11487207;0.86135;0.86147;0.86141;0;T;True;2
1621220391000;11487211;0.86137;0.86149;0.86143;3;T;True;2
1621220392000;11487213;0.86137;0.86149;0.86143;1;T;True;2
1621220393000;11487214;0.86137;0.86149;0.86143;0;T;True;2
1621220394000;11487215;0.86137;0.86149;0.86143;0;T;True;2
1621220395000;11487216;0.86137;0.86149;0.86143;0;T;True;2
1621220396000;11487217;0.86137;0.86149;0.86143;0;T;True;2
1621220397000;11487219;0.86138;0.8615;0.86144;1;T;True;2
1621220398000;11487223;0.86137;0.86149;0.86143;3;T;True;2
1621220399000;11487227;0.86137;0.86149;0.86143;3;T;True;2
1621220400000;11487229;0.86138;0.8615;0.86144;1;T;True;2
1621220401000;11487231;0.86137;0.86149;0.86143;1;T;True;2
1621220402000;11487232;0.86137;0.86149;0.86143;0;T;True;2
1621220403000;11487233;0.86137;0.86149;0.86143;0;T;True;2
1621220404000;11487234;0.86137;0.86149;0.86143;0;T;True;2
1621220405000;11487235;0.86137;0.86149;0.86143;0;T;True;2
1621220406000;11487241;0.86141;0.86153;0.86147;5;T;True;2
1621220407000;11487242;0.86141;0.86153;0.86147;0;T;True;2
1621220408000;11487243;0.86141;0.86153;0.86147;0;T;True;2
1621220409000;11487244;0.86141;0.86153;0.86147;0;T;True;2
1621220410000;11487245;0.86141;0.86153;0.86147;0;T;True;2
1621220411000;11487246;0.86141;0.86153;0.86147;0;T;True;2
1621220412000;11487247;0.86141;0.86153;0.86147;0;T;True;2
1621220413000;11487251;0.86142;0.86154;0.86148;3;T;True;2
1621220414000;11487253;0.86141;0.86153;0.86147;1;T;True;2
1621220415000;11487255;0.86139;0.86151;0.86145;1;T;True;2
1621220416000;11487257;0.8614;0.86152;0.86146;1;T;True;2
1621220417000;11487259;0.86141;0.86153;0.86147;1;T;True;2
1621220418000;11487260;0.86141;0.86153;0.86147;0;T;True;2
1621220419000;11487263;0.86139;0.86151;0.86145;2;T;True;2
1621220420000;11487264;0.86139;0.86151;0.86145;0;T;True;2
1621220421000;11487266;0.86138;0.8615;0.86144;1;T;True;2
1621220422000;11487267;0.86138;0.8615;0.86144;0;T;True;2
1621220423000;11487268;0.86138;0.8615;0.86144;0;T;True;2
1621220424000;11487269;0.86138;0.8615;0.86144;0;T;True;2
1621220425000;11487270;0.86138;0.8615;0.86144;0;T;True;2
1621220426000;11487271;0.86138;0.8615;0.86144;0;T;True;2
1621220427000;11487272;0.86138;0.8615;0.86144;0;T;True;2
1621220428000;11487273;0.86138;0.8615;0.86144;0;T;True;2
1621220429000;11487274;0.86138;0.8615;0.86144;0;T;True;2
1621220430000;11487275;0.86138;0.8615;0.86144;0;T;True;2
1621220431000;11487276;0.86138;0.8615;0.86144;0;T;True;2
1621220432000;11487277;0.86138;0.8615;0.86144;0;T;True;2
1621220433000;11487279;0.86137;0.86149;0.86143;1;T;True;2
1621220434000;11487280;0.86137;0.86149;0.86143;0;T;True;2
1621220435000;11487281;0.86137;0.86149;0.86143;0;T;True;2
1621220436000;11487282;0.86137;0.86149;0.86143;0;T;True;2
1621220437000;11487283;0.86137;0.86149;0.86143;0;T;True;2
1621220438000;11487284;0.86137;0.86149;0.86143;0;T;True;2
1621220439000;11487285;0.86137;0.86149;0.86143;0;T;True;2
1621220440000;11487286;0.86137;0.86149;0.86143;0;T;True;2
1621220441000;11487287;0.86137;0.86149;0.86143;0;T;True;2
1621220442000;11487288;0.86137;0.86149;0.86143;0;T;True;2
1621220443000;11487289;0.86137;0.86149;0.86143;0;T;True;2
1621220444000;11487290;0.86137;0.86149;0.86143;0;T;True;2
1621220445000;11487291;0.86137;0.86149;0.86143;0;T;True;2
1621220446000;11487292;0.86137;0.86149;0.86143;0;T;True;2
1621220447000;11487293;0.86137;0.86149;0.86143;0;T;True;2
1621220448000;11487294;0.86137;0.86149;0.86143;0;T;True;2
1621220449000;11487295;0.86137;0.86149;0.86143;0;T;True;2
1621220450000;11487296;0.86137;0.86149;0.86143;0;T;True;2
1621220451000;11487297;0.86137;0.86149;0.86143;0;T;True;2
1621220452000;11487298;0.86137;0.86149;0.86143;0;T;True;2
1621220453000;11487299;0.86137;0.86149;0.86143;0;T;True;2
1621220454000;11487300;0.86137;0.86149;0.86143;0;T;True;2
1621220455000;11487301;0.86137;0.86149;0.86143;0;T;True;2
1621220456000;11487302;0.86137;0.86149;0.86143;0;T;True;2
1621220457000;11487303;0.86137;0.86149;0.86143;0;T;True;2
1621220458000;11487304;0.86137;0.86149;0.86143;0;T;True;2
1621220459000;11487305;0.86137;0.86149;0.86143;0;T;True;2
1621220460000;11487306;0.86137;0.86149;0.86143;0;T;True;2
1621220461000;11487307;0.86137;0.86149;0.86143;0;T;True;2
1621220462000;11487308;0.86137;0.86149;0.86143;0;T;True;2
1621220463000;11487309;0.86137;0.86149;0.86143;0;T;True;2
1621220464000;11487310;0.86137;0.86149;0.86143;0;T;True;2
1621220465000;11487311;0.86137;0.86149;0.86143;0;T;True;2
1621220466000;11487312;0.86137;0.86149;0.86143;0;T;True;2
1621220467000;11487313;0.86137;0.86149;0.86143;0;T;True;2
1621220468000;11487314;0.86137;0.86149;0.86143;0;T;True;2
1621220469000;11487315;0.86137;0.86149;0.86143;0;T;True;2
1621220470000;11487316;0.86137;0.86149;0.86143;0;T;True;2
1621220471000;11487317;0.86137;0.86149;0.86143;0;T;True;2
1621220472000;11487318;0.86137;0.86149;0.86143;0;T;True;2
1621220473000;11487319;0.86137;0.86149;0.86143;0;T;True;2
1621220474000;11487320;0.86137;0.86149;0.86143;0;T;True;2
1621220475000;11487321;0.86137;0.86149;0.86143;0;T;True;2
1621220476000;11487322;0.86137;0.86149;0.86143;0;T;True;2
1621220477000;11487323;0.86137;0.86149;0.86143;0;T;True;2
1621220478000;11487324;0.86137;0.86149;0.86143;0;T;True;2
1621220479000;11487325;0.86137;0.86149;0.86143;0;T;True;2
1621220480000;11487326;0.86137;0.86149;0.86143;0;T;True;2
1621220481000;11487327;0.86137;0.86149;0.86143;0;T;True;2
1621220482000;11487328;0.86137;0.86149;0.86143;0;T;True;2
1621220483000;11487329;0.86137;0.86149;0.86143;0;T;True;2
1621220484000;11487330;0.86137;0.86149;0.86143;0;T;True;2
1621220485000;11487331;0.86137;0.86149;0.86143;0;T;True;2
1621220486000;11487336;0.86133;0.86145;0.86139;4;T;True;2
1621220487000;11487337;0.86133;0.86145;0.86139;0;T;True;2
1621220488000;11487338;0.86133;0.86145;0.86139;0;T;True;2
1621220489000;11487339;0.86133;0.86145;0.86139;0;T;True;2
1621220490000;11487340;0.86133;0.86145;0.86139;0;T;True;2
1621220491000;11487341;0.86133;0.86145;0.86139;0;T;True;2
1621220492000;11487342;0.86133;0.86145;0.86139;0;T;True;2
1621220493000;11487343;0.86133;0.86145;0.86139;0;T;True;2
1621220494000;11487344;0.86133;0.86145;0.86139;0;T;True;2
1621220495000;11487345;0.86133;0.86145;0.86139;0;T;True;2
1621220496000;11487346;0.86133;0.86145;0.86139;0;T;True;2
1621220497000;11487347;0.86133;0.86145;0.86139;0;T;True;2
1621220498000;11487348;0.86133;0.86145;0.86139;0;T;True;2
1621220499000;11487349;0.86133;0.86145;0.86139;0;T;True;2
1621220500000;11487350;0.86133;0.86145;0.86139;0;T;True;2
1621220501000;11487351;0.86133;0.86145;0.86139;0;T;True;2
1621220502000;11487352;0.86133;0.86145;0.86139;0;T;True;2
1621220503000;11487353;0.86133;0.86145;0.86139;0;T;True;2
1621220504000;11487354;0.86133;0.86145;0.86139;0;T;True;2
1621220505000;11487355;0.86133;0.86145;0.86139;0;T;True;2
1621220506000;11487357;0.86133;0.86145;0.86139;1;T;True;2
1621220507000;11487359;0.86132;0.86144;0.86138;1;T;True;2
1621220508000;11487360;0.86132;0.86144;0.86138;0;T;True;2
1621220509000;11487361;0.86132;0.86144;0.86138;0;T;True;2
1621220510000;11487362;0.86132;0.86144;0.86138;0;T;True;2
1621220511000;11487363;0.86132;0.86144;0.86138;0;T;True;2
1621220512000;11487364;0.86132;0.86144;0.86138;0;T;True;2
1621220513000;11487365;0.86132;0.86144;0.86138;0;T;True;2
1621220514000;11487366;0.86132;0.86144;0.86138;0;T;True;2
1621220515000;11487367;0.86132;0.86144;0.86138;0;T;True;2
1621220516000;11487368;0.86132;0.86144;0.86138;0;T;True;2
1621220517000;11487369;0.86132;0.86144;0.86138;0;T;True;2
1621220518000;11487370;0.86132;0.86144;0.86138;0;T;True;2
1621220519000;11487371;0.86132;0.86144;0.86138;0;T;True;2
1621220520000;11487372;0.86132;0.86144;0.86138;0;T;True;2
1621220521000;11487374;0.86133;0.86145;0.86139;1;T;True;2
1621220522000;11487375;0.86133;0.86145;0.86139;0;T;True;2
1621220523000;11487376;0.86133;0.86145;0.86139;0;T;True;2
1621220524000;11487377;0.86133;0.86145;0.86139;0;T;True;2
1621220525000;11487378;0.86133;0.86145;0.86139;0;T;True;2
1621220526000;11487379;0.86133;0.86145;0.86139;0;T;True;2
1621220527000;11487382;0.86133;0.86145;0.86139;2;T;True;2
1621220528000;11487383;0.86133;0.86145;0.86139;0;T;True;2
1621220529000;11487384;0.86133;0.86145;0.86139;0;T;True;2
1621220530000;11487385;0.86133;0.86145;0.86139;0;T;True;2
1621220531000;11487391;0.86134;0.86146;0.8614;5;T;True;2
1621220532000;11487392;0.86134;0.86146;0.8614;0;T;True;2
1621220533000;11487393;0.86134;0.86146;0.8614;0;T;True;2
1621220534000;11487394;0.86134;0.86146;0.8614;0;T;True;2
1621220535000;11487395;0.86134;0.86146;0.8614;0;T;True;2
1621220536000;11487396;0.86134;0.86146;0.8614;0;T;True;2
1621220537000;11487397;0.86134;0.86146;0.8614;0;T;True;2
1621220538000;11487401;0.86137;0.86149;0.86143;3;T;True;2
1621220539000;11487403;0.86137;0.86149;0.86143;1;T;True;2
1621220540000;11487404;0.86137;0.86149;0.86143;0;T;True;2
1621220541000;11487405;0.86137;0.86149;0.86143;0;T;True;2
1621220542000;11487406;0.86137;0.86149;0.86143;0;T;True;2
1621220543000;11487407;0.86137;0.86149;0.86143;0;T;True;2
1621220544000;11487408;0.86137;0.86149;0.86143;0;T;True;2
1621220545000;11487409;0.86137;0.86149;0.86143;0;T;True;2
1621220546000;11487410;0.86137;0.86149;0.86143;0;T;True;2
1621220547000;11487411;0.86137;0.86149;0.86143;0;T;True;2
1621220548000;11487412;0.86137;0.86149;0.86143;0;T;True;2
1621220549000;11487413;0.86137;0.86149;0.86143;0;T;True;2
1621220550000;11487414;0.86137;0.86149;0.86143;0;T;True;2
1621220551000;11487415;0.86137;0.86149;0.86143;0;T;True;2
1621220552000;11487416;0.86137;0.86149;0.86143;0;T;True;2
1621220553000;11487417;0.86137;0.86149;0.86143;0;T;True;2
1621220554000;11487418;0.86137;0.86149;0.86143;0;T;True;2
1621220555000;11487419;0.86137;0.86149;0.86143;0;T;True;2
1621220556000;11487420;0.86137;0.86149;0.86143;0;T;True;2
1621220557000;11487421;0.86137;0.86149;0.86143;0;T;True;2
1621220558000;11487422;0.86137;0.86149;0.86143;0;T;True;2
1621220559000;11487423;0.86137;0.86149;0.86143;0;T;True;2
1621220560000;11487424;0.86137;0.86149;0.86143;0;T;True;2
1621220561000;11487425;0.86137;0.86149;0.86143;0;T;True;2
1621220562000;11487426;0.86137;0.86149;0.86143;0;T;True;2
1621220563000;11487427;0.86137;0.86149;0.86143;0;T;True;2
1621220564000;11487428;0.86137;0.86149;0.86143;0;T;True;2
1621220565000;11487430;0.86136;0.86148;0.86142;1;T;True;2
1621220566000;11487435;0.86136;0.86148;0.86142;4;T;True;2
1621220567000;11487437;0.86135;0.86147;0.86141;1;T;True;2
1621220568000;11487438;0.86135;0.86147;0.86141;0;T;True;2
1621220569000;11487439;0.86135;0.86147;0.86141;0;T;True;2
1621220570000;11487440;0.86135;0.86147;0.86141;0;T;True;2
1621220571000;11487441;0.86135;0.86147;0.86141;0;T;True;2
1621220572000;11487442;0.86135;0.86147;0.86141;0;T;True;2
1621220573000;11487443;0.86135;0.86147;0.86141;0;T;True;2
1621220574000;11487444;0.86135;0.86147;0.86141;0;T;True;2
1621220575000;11487445;0.86135;0.86147;0.86141;0;T;True;2
1621220576000;11487446;0.86135;0.86147;0.86141;0;T;True;2
1621220577000;11487447;0.86135;0.86147;0.86141;0;T;True;2
1621220578000;11487448;0.86135;0.86147;0.86141;0;T;True;2
1621220579000;11487449;0.86135;0.86147;0.86141;0;T;True;2
1621220580000;11487450;0.86135;0.86147;0.86141;0;T;True;2
1621220581000;11487453;0.86136;0.86148;0.86142;2;T;True;2
1621220582000;11487454;0.86136;0.86148;0.86142;0;T;True;2
1621220583000;11487455;0.86136;0.86148;0.86142;0;T;True;2
1621220584000;11487457;0.86135;0.86147;0.86141;1;T;True;2
1621220585000;11487464;0.86133;0.86145;0.86139;6;T;True;2
1621220586000;11487466;0.86133;0.86145;0.86139;1;T;True;2
1621220587000;11487467;0.86133;0.86145;0.86139;0;T;True;2
1621220588000;11487470;0.86133;0.86145;0.86139;2;T;True;2
1621220589000;11487472;0.86133;0.86145;0.86139;1;T;True;2
1621220590000;11487474;0.86133;0.86145;0.86139;1;T;True;2
1621220591000;11487475;0.86133;0.86145;0.86139;0;T;True;2
1621220592000;11487476;0.86133;0.86145;0.86139;0;T;True;2
1621220593000;11487477;0.86133;0.86145;0.86139;0;T;True;2
1621220594000;11487479;0.86133;0.86145;0.86139;1;T;True;2
1621220595000;11487480;0.86133;0.86145;0.86139;0;T;True;2
1621220596000;11487481;0.86133;0.86145;0.86139;0;T;True;2
1621220597000;11487482;0.86133;0.86145;0.86139;0;T;True;2
1621220598000;11487486;0.8613;0.86142;0.86136;3;T;True;2
1621220599000;11487490;0.8613;0.86142;0.86136;3;T;True;2
1621220600000;11487491;0.8613;0.86142;0.86136;0;T;True;2
1621220601000;11487492;0.8613;0.86142;0.86136;0;T;True;2
1621220602000;11487493;0.8613;0.86142;0.86136;0;T;True;2
1621220603000;11487494;0.8613;0.86142;0.86136;0;T;True;2
1621220604000;11487495;0.8613;0.86142;0.86136;0;T;True;2
1621220605000;11487497;0.86129;0.86141;0.86135;1;T;True;2
1621220606000;11487498;0.86129;0.86141;0.86135;0;T;True;2
1621220607000;11487500;0.86129;0.86141;0.86135;1;T;True;2
1621220608000;11487501;0.86129;0.86141;0.86135;0;T;True;2
1621220609000;11487502;0.86129;0.86141;0.86135;0;T;True;2
1621220610000;11487503;0.86129;0.86141;0.86135;0;T;True;2
1621220611000;11487504;0.86129;0.86141;0.86135;0;T;True;2
1621220612000;11487506;0.86129;0.86141;0.86135;1;T;True;2
1621220613000;11487507;0.86129;0.86141;0.86135;0;T;True;2
1621220614000;11487508;0.86129;0.86141;0.86135;0;T;True;2
1621220615000;11487509;0.86129;0.86141;0.86135;0;T;True;2
1621220616000;11487511;0.86129;0.86141;0.86135;1;T;True;2
1621220617000;11487512;0.86129;0.86141;0.86135;0;T;True;2
1621220618000;11487513;0.86129;0.86141;0.86135;0;T;True;2
1621220619000;11487515;0.86129;0.86141;0.86135;1;T;True;2
1621220620000;11487516;0.86129;0.86141;0.86135;0;T;True;2
1621220621000;11487518;0.86129;0.86141;0.86135;1;T;True;2
1621220622000;11487519;0.86129;0.86141;0.86135;0;T;True;2
1621220623000;11487520;0.86129;0.86141;0.86135;0;T;True;2
1621220624000;11487521;0.86129;0.86141;0.86135;0;T;True;2
1621220625000;11487522;0.86129;0.86141;0.86135;0;T;True;2
1621220626000;11487523;0.86129;0.86141;0.86135;0;T;True;2
1621220627000;11487524;0.86129;0.86141;0.86135;0;T;True;2
1621220628000;11487525;0.86129;0.86141;0.86135;0;T;True;2
1621220629000;11487526;0.86129;0.86141;0.86135;0;T;True;2
1621220630000;11487527;0.86129;0.86141;0.86135;0;T;True;2
1621220631000;11487528;0.86129;0.86141;0.86135;0;T;True;2
1621220632000;11487529;0.86129;0.86141;0.86135;0;T;True;2
1621220633000;11487530;0.86129;0.86141;0.86135;0;T;True;2
1621220634000;11487531;0.86129;0.86141;0.86135;0;T;True;2
1621220635000;11487532;0.86129;0.86141;0.86135;0;T;True;2
1621220636000;11487533;0.86129;0.86141;0.86135;0;T;True;2
1621220637000;11487534;0.86129;0.86141;0.86135;0;T;True;2
1621220638000;11487535;0.86129;0.86141;0.86135;0;T;True;2
1621220639000;11487536;0.86129;0.86141;0.86135;0;T;True;2
1621220640000;11487537;0.86129;0.86141;0.86135;0;T;True;2
1621220641000;11487538;0.86129;0.86141;0.86135;0;T;True;2
1621220642000;11487539;0.86129;0.86141;0.86135;0;T;True;2
1621220643000;11487540;0.86129;0.86141;0.86135;0;T;True;2
1621220644000;11487541;0.86129;0.86141;0.86135;0;T;True;2
1621220645000;11487542;0.86129;0.86141;0.86135;0;T;True;2
1621220646000;11487543;0.86129;0.86141;0.86135;0;T;True;2
1621220647000;11487548;0.86131;0.86143;0.86137;4;T;True;2
1621220648000;11487550;0.8613;0.86142;0.86136;1;T;True;2
1621220649000;11487553;0.86129;0.86141;0.86135;2;T;True;2
1621220650000;11487554;0.86129;0.86141;0.86135;0;T;True;2
1621220651000;11487555;0.86129;0.86141;0.86135;0;T;True;2
1621220652000;11487556;0.86129;0.86141;0.86135;0;T;True;2
1621220653000;11487557;0.86129;0.86141;0.86135;0;T;True;2
1621220654000;11487558;0.86129;0.86141;0.86135;0;T;True;2
1621220655000;11487560;0.86128;0.8614;0.86134;1;T;True;2
1621220656000;11487561;0.86128;0.8614;0.86134;0;T;True;2
1621220657000;11487563;0.86127;0.86139;0.86133;1;T;True;2
1621220658000;11487564;0.86127;0.86139;0.86133;0;T;True;2
1621220659000;11487565;0.86127;0.86139;0.86133;0;T;True;2
1621220660000;11487566;0.86127;0.86139;0.86133;0;T;True;2
1621220661000;11487567;0.86127;0.86139;0.86133;0;T;True;2
1621220662000;11487568;0.86127;0.86139;0.86133;0;T;True;2
1621220663000;11487569;0.86127;0.86139;0.86133;0;T;True;2
1621220664000;11487570;0.86127;0.86139;0.86133;0;T;True;2
1621220665000;11487571;0.86127;0.86139;0.86133;0;T;True;2
1621220666000;11487572;0.86127;0.86139;0.86133;0;T;True;2
1621220667000;11487573;0.86127;0.86139;0.86133;0;T;True;2
1621220668000;11487575;0.86127;0.86139;0.86133;1;T;True;2
1621220669000;11487576;0.86127;0.86139;0.86133;0;T;True;2
1621220670000;11487577;0.86127;0.86139;0.86133;0;T;True;2
1621220671000;11487578;0.86127;0.86139;0.86133;0;T;True;2
1621220672000;11487579;0.86127;0.86139;0.86133;0;T;True;2
1621220673000;11487580;0.86127;0.86139;0.86133;0;T;True;2
1621220674000;11487581;0.86127;0.86139;0.86133;0;T;True;2
1621220675000;11487582;0.86127;0.86139;0.86133;0;T;True;2
1621220676000;11487583;0.86127;0.86139;0.86133;0;T;True;2
1621220677000;11487584;0.86127;0.86139;0.86133;0;T;True;2
1621220678000;11487585;0.86127;0.86139;0.86133;0;T;True;2
1621220679000;11487586;0.86127;0.86139;0.86133;0;T;True;2
1621220680000;11487587;0.86127;0.86139;0.86133;0;T;True;2
1621220681000;11487588;0.86127;0.86139;0.86133;0;T;True;2
1621220682000;11487589;0.86127;0.86139;0.86133;0;T;True;2
1621220683000;11487590;0.86127;0.86139;0.86133;0;T;True;2
1621220684000;11487591;0.86127;0.86139;0.86133;0;T;True;2
1621220685000;11487592;0.86127;0.86139;0.86133;0;T;True;2
1621220686000;11487593;0.86127;0.86139;0.86133;0;T;True;2
1621220687000;11487594;0.86127;0.86139;0.86133;0;T;True;2
1621220688000;11487595;0.86127;0.86139;0.86133;0;T;True;2
1621220689000;11487596;0.86127;0.86139;0.86133;0;T;True;2
1621220690000;11487597;0.86127;0.86139;0.86133;0;T;True;2
1621220691000;11487598;0.86127;0.86139;0.86133;0;T;True;2
1621220692000;11487599;0.86127;0.86139;0.86133;0;T;True;2
1621220693000;11487600;0.86127;0.86139;0.86133;0;T;True;2
1621220694000;11487601;0.86127;0.86139;0.86133;0;T;True;2
1621220695000;11487602;0.86127;0.86139;0.86133;0;T;True;2
1621220696000;11487603;0.86127;0.86139;0.86133;0;T;True;2
1621220697000;11487604;0.86127;0.86139;0.86133;0;T;True;2
1621220698000;11487605;0.86127;0.86139;0.86133;0;T;True;2
1621220699000;11487606;0.86127;0.86139;0.86133;0;T;True;2
1621220700000;11487607;0.86127;0.86139;0.86133;0;T;True;2
1621220701000;11487608;0.86127;0.86139;0.86133;0;T;True;2
1621220702000;11487609;0.86127;0.86139;0.86133;0;T;True;2
1621220703000;11487610;0.86127;0.86139;0.86133;0;T;True;2
1621220704000;11487611;0.86127;0.86139;0.86133;0;T;True;2
1621220705000;11487612;0.86127;0.86139;0.86133;0;T;True;2
1621220706000;11487613;0.86127;0.86139;0.86133;0;T;True;2
1621220707000;11487614;0.86127;0.86139;0.86133;0;T;True;2
1621220708000;11487615;0.86127;0.86139;0.86133;0;T;True;2
1621220709000;11487616;0.86127;0.86139;0.86133;0;T;True;2
1621220710000;11487617;0.86127;0.86139;0.86133;0;T;True;2
1621220711000;11487618;0.86127;0.86139;0.86133;0;T;True;2
1621220712000;11487619;0.86127;0.86139;0.86133;0;T;True;2
1621220713000;11487620;0.86127;0.86139;0.86133;0;T;True;2
1621220714000;11487621;0.86127;0.86139;0.86133;0;T;True;2
1621220715000;11487622;0.86127;0.86139;0.86133;0;T;True;2
1621220716000;11487624;0.86128;0.8614;0.86134;1;T;True;2
1621220717000;11487626;0.86129;0.86141;0.86135;1;T;True;2
1621220718000;11487627;0.86129;0.86141;0.86135;0;T;True;2
1621220719000;11487629;0.86128;0.8614;0.86134;1;T;True;2
1621220720000;11487630;0.86128;0.8614;0.86134;0;T;True;2
1621220721000;11487631;0.86128;0.8614;0.86134;0;T;True;2
1621220722000;11487632;0.86128;0.8614;0.86134;0;T;True;2
1621220723000;11487636;0.86127;0.86139;0.86133;3;T;True;2
1621220724000;11487638;0.86127;0.86139;0.86133;1;T;True;2
1621220725000;11487639;0.86127;0.86139;0.86133;0;T;True;2
1621220726000;11487640;0.86127;0.86139;0.86133;0;T;True;2
1621220727000;11487641;0.86127;0.86139;0.86133;0;T;True;2
1621220728000;11487642;0.86127;0.86139;0.86133;0;T;True;2
1621220729000;11487646;0.86127;0.86139;0.86133;3;T;True;2
1621220730000;11487647;0.86127;0.86139;0.86133;0;T;True;2
1621220731000;11487648;0.86127;0.86139;0.86133;0;T;True;2
1621220732000;11487653;0.86128;0.8614;0.86134;4;T;True;2
1621220733000;11487654;0.86128;0.8614;0.86134;0;T;True;2
1621220734000;11487655;0.86128;0.8614;0.86134;0;T;True;2
1621220735000;11487656;0.86128;0.8614;0.86134;0;T;True;2
1621220736000;11487658;0.86129;0.86141;0.86135;1;T;True;2
1621220737000;11487659;0.86129;0.86141;0.86135;0;T;True;2
1621220738000;11487660;0.86129;0.86141;0.86135;0;T;True;2
1621220739000;11487663;0.86127;0.86139;0.86133;2;T;True;2
1621220740000;11487664;0.86127;0.86139;0.86133;0;T;True;2
1621220741000;11487665;0.86127;0.86139;0.86133;0;T;True;2
1621220742000;11487666;0.86127;0.86139;0.86133;0;T;True;2
1621220743000;11487667;0.86127;0.86139;0.86133;0;T;True;2
1621220744000;11487669;0.86127;0.86139;0.86133;1;T;True;2
1621220745000;11487670;0.86127;0.86139;0.86133;0;T;True;2
1621220746000;11487671;0.86127;0.86139;0.86133;0;T;True;2
1621220747000;11487672;0.86127;0.86139;0.86133;0;T;True;2
1621220748000;11487674;0.86128;0.8614;0.86134;1;T;True;2
1621220749000;11487675;0.86128;0.8614;0.86134;0;T;True;2
1621220750000;11487676;0.86128;0.8614;0.86134;0;T;True;2
1621220751000;11487677;0.86128;0.8614;0.86134;0;T;True;2
1621220752000;11487678;0.86128;0.8614;0.86134;0;T;True;2
1621220753000;11487679;0.86128;0.8614;0.86134;0;T;True;2
1621220754000;11487680;0.86128;0.8614;0.86134;0;T;True;2
1621220755000;11487683;0.86128;0.8614;0.86134;2;T;True;2
1621220756000;11487684;0.86128;0.8614;0.86134;0;T;True;2
1621220757000;11487685;0.86128;0.8614;0.86134;0;T;True;2
1621220758000;11487686;0.86128;0.8614;0.86134;0;T;True;2
1621220759000;11487687;0.86128;0.8614;0.86134;0;T;True;2
1621220760000;11487688;0.86128;0.8614;0.86134;0;T;True;2
1621220761000;11487689;0.86128;0.8614;0.86134;0;T;True;2
1621220762000;11487690;0.86128;0.8614;0.86134;0;T;True;2
1621220763000;11487691;0.86128;0.8614;0.86134;0;T;True;2
1621220764000;11487692;0.86128;0.8614;0.86134;0;T;True;2
1621220765000;11487693;0.86128;0.8614;0.86134;0;T;True;2
1621220766000;11487696;0.86129;0.86141;0.86135;2;T;True;2
1621220767000;11487697;0.86129;0.86141;0.86135;0;T;True;2
1621220768000;11487698;0.86129;0.86141;0.86135;0;T;True;2
1621220769000;11487699;0.86129;0.86141;0.86135;0;T;True;2
1621220770000;11487700;0.86129;0.86141;0.86135;0;T;True;2
1621220771000;11487701;0.86129;0.86141;0.86135;0;T;True;2
1621220772000;11487702;0.86129;0.86141;0.86135;0;T;True;2
1621220773000;11487703;0.86129;0.86141;0.86135;0;T;True;2
1621220774000;11487704;0.86129;0.86141;0.86135;0;T;True;2
1621220775000;11487705;0.86129;0.86141;0.86135;0;T;True;2
1621220776000;11487706;0.86129;0.86141;0.86135;0;T;True;2
1621220777000;11487707;0.86129;0.86141;0.86135;0;T;True;2
1621220778000;11487708;0.86129;0.86141;0.86135;0;T;True;2
1621220779000;11487709;0.86129;0.86141;0.86135;0;T;True;2
1621220780000;11487710;0.86129;0.86141;0.86135;0;T;True;2
1621220781000;11487711;0.86129;0.86141;0.86135;0;T;True;2
1621220782000;11487712;0.86129;0.86141;0.86135;0;T;True;2
1621220783000;11487713;0.86129;0.86141;0.86135;0;T;True;2
1621220784000;11487714;0.86129;0.86141;0.86135;0;T;True;2
1621220785000;11487715;0.86129;0.86141;0.86135;0;T;True;2
1621220786000;11487716;0.86129;0.86141;0.86135;0;T;True;2
1621220787000;11487717;0.86129;0.86141;0.86135;0;T;True;2
1621220788000;11487718;0.86129;0.86141;0.86135;0;T;True;2
1621220789000;11487719;0.86129;0.86141;0.86135;0;T;True;2
1621220790000;11487720;0.86129;0.86141;0.86135;0;T;True;2
1621220791000;11487721;0.86129;0.86141;0.86135;0;T;True;2
1621220792000;11487722;0.86129;0.86141;0.86135;0;T;True;2
1621220793000;11487723;0.86129;0.86141;0.86135;0;T;True;2
1621220794000;11487724;0.86129;0.86141;0.86135;0;T;True;2
1621220795000;11487725;0.86129;0.86141;0.86135;0;T;True;2
1621220796000;11487726;0.86129;0.86141;0.86135;0;T;True;2
1621220797000;11487727;0.86129;0.86141;0.86135;0;T;True;2
1621220798000;11487728;0.86129;0.86141;0.86135;0;T;True;2
1621220799000;11487729;0.86129;0.86141;0.86135;0;T;True;2
1621220800000;11487730;0.86129;0.86141;0.86135;0;T;True;2
1621220801000;11487732;0.86129;0.86141;0.86135;1;T;True;2
1621220802000;11487733;0.86129;0.86141;0.86135;0;T;True;2
1621220803000;11487735;0.86129;0.86141;0.86135;1;T;True;2
1621220804000;11487736;0.86129;0.86141;0.86135;0;T;True;2
1621220805000;11487737;0.86129;0.86141;0.86135;0;T;True;2
1621220806000;11487738;0.86129;0.86141;0.86135;0;T;True;2
1621220807000;11487739;0.86129;0.86141;0.86135;0;T;True;2
1621220808000;11487741;0.86129;0.86141;0.86135;1;T;True;2
1621220809000;11487742;0.86129;0.86141;0.86135;0;T;True;2
1621220810000;11487744;0.86129;0.86141;0.86135;1;T;True;2
1621220811000;11487745;0.86129;0.86141;0.86135;0;T;True;2
1621220812000;11487746;0.86129;0.86141;0.86135;0;T;True;2
1621220813000;11487750;0.86127;0.86139;0.86133;3;T;True;2
1621220814000;11487751;0.86127;0.86139;0.86133;0;T;True;2
1621220815000;11487755;0.86129;0.86141;0.86135;3;T;True;2
1621220816000;11487757;0.86129;0.86141;0.86135;1;T;True;2
1621220817000;11487758;0.86129;0.86141;0.86135;0;T;True;2
1621220818000;11487759;0.86129;0.86141;0.86135;0;T;True;2
1621220819000;11487760;0.86129;0.86141;0.86135;0;T;True;2
1621220820000;11487763;0.86128;0.8614;0.86134;2;T;True;2
1621220821000;11487764;0.86128;0.8614;0.86134;0;T;True;2
1621220822000;11487765;0.86128;0.8614;0.86134;0;T;True;2
1621220823000;11487767;0.86128;0.8614;0.86134;1;T;True;2
1621220824000;11487768;0.86128;0.8614;0.86134;0;T;True;2
1621220825000;11487769;0.86128;0.8614;0.86134;0;T;True;2
1621220826000;11487770;0.86128;0.8614;0.86134;0;T;True;2
1621220827000;11487773;0.86128;0.8614;0.86134;2;T;True;2
1621220828000;11487774;0.86128;0.8614;0.86134;0;T;True;2
1621220829000;11487777;0.86128;0.8614;0.86134;2;T;True;2
1621220830000;11487778;0.86128;0.8614;0.86134;0;T;True;2
1621220831000;11487779;0.86128;0.8614;0.86134;0;T;True;2
1621220832000;11487780;0.86128;0.8614;0.86134;0;T;True;2
1621220833000;11487781;0.86128;0.8614;0.86134;0;T;True;2
1621220834000;11487782;0.86128;0.8614;0.86134;0;T;True;2
1621220835000;11487785;0.86129;0.86141;0.86135;2;T;True;2
1621220836000;11487786;0.86129;0.86141;0.86135;0;T;True;2
1621220837000;11487787;0.86129;0.86141;0.86135;0;T;True;2
1621220838000;11487788;0.86129;0.86141;0.86135;0;T;True;2
1621220839000;11487789;0.86129;0.86141;0.86135;0;T;True;2
1621220840000;11487790;0.86129;0.86141;0.86135;0;T;True;2
1621220841000;11487791;0.86129;0.86141;0.86135;0;T;True;2
1621220842000;11487792;0.86129;0.86141;0.86135;0;T;True;2
1621220843000;11487793;0.86129;0.86141;0.86135;0;T;True;2
1621220844000;11487794;0.86129;0.86141;0.86135;0;T;True;2
1621220845000;11487795;0.86129;0.86141;0.86135;0;T;True;2
1621220846000;11487796;0.86129;0.86141;0.86135;0;T;True;2
1621220847000;11487797;0.86129;0.86141;0.86135;0;T;True;2
1621220848000;11487798;0.86129;0.86141;0.86135;0;T;True;2
1621220849000;11487799;0.86129;0.86141;0.86135;0;T;True;2
1621220850000;11487800;0.86129;0.86141;0.86135;0;T;True;2
1621220851000;11487801;0.86129;0.86141;0.86135;0;T;True;2
1621220852000;11487802;0.86129;0.86141;0.86135;0;T;True;2
1621220853000;11487803;0.86129;0.86141;0.86135;0;T;True;2
1621220854000;11487804;0.86129;0.86141;0.86135;0;T;True;2
1621220855000;11487805;0.86129;0.86141;0.86135;0;T;True;2
1621220856000;11487807;0.8613;0.86142;0.86136;1;T;True;2
1621220857000;11487808;0.8613;0.86142;0.86136;0;T;True;2
1621220858000;11487810;0.86129;0.86141;0.86135;1;T;True;2
1621220859000;11487811;0.86129;0.86141;0.86135;0;T;True;2
1621220860000;11487813;0.8613;0.86142;0.86136;1;T;True;2
1621220861000;11487817;0.8613;0.86142;0.86136;3;T;True;2
1621220862000;11487818;0.8613;0.86142;0.86136;0;T;True;2
1621220863000;11487819;0.8613;0.86142;0.86136;0;T;True;2
1621220864000;11487820;0.8613;0.86142;0.86136;0;T;True;2
1621220865000;11487822;0.8613;0.86142;0.86136;1;T;True;2
1621220866000;11487823;0.8613;0.86142;0.86136;0;T;True;2
1621220867000;11487824;0.8613;0.86142;0.86136;0;T;True;2
1621220868000;11487825;0.8613;0.86142;0.86136;0;T;True;2
1621220869000;11487826;0.8613;0.86142;0.86136;0;T;True;2
1621220870000;11487827;0.8613;0.86142;0.86136;0;T;True;2
1621220871000;11487828;0.8613;0.86142;0.86136;0;T;True;2
1621220872000;11487829;0.8613;0.86142;0.86136;0;T;True;2
1621220873000;11487830;0.8613;0.86142;0.86136;0;T;True;2
1621220874000;11487831;0.8613;0.86142;0.86136;0;T;True;2
1621220875000;11487835;0.86131;0.86143;0.86137;3;T;True;2
1621220876000;11487836;0.86131;0.86143;0.86137;0;T;True;2
1621220877000;11487837;0.86131;0.86143;0.86137;0;T;True;2
1621220878000;11487838;0.86131;0.86143;0.86137;0;T;True;2
1621220879000;11487839;0.86131;0.86143;0.86137;0;T;True;2
1621220880000;11487840;0.86131;0.86143;0.86137;0;T;True;2
1621220881000;11487845;0.86129;0.86141;0.86135;4;T;True;2
1621220882000;11487846;0.86129;0.86141;0.86135;0;T;True;2
1621220883000;11487847;0.86129;0.86141;0.86135;0;T;True;2
1621220884000;11487848;0.86129;0.86141;0.86135;0;T;True;2
1621220885000;11487855;0.86125;0.86137;0.86131;6;T;True;2
1621220886000;11487857;0.86125;0.86137;0.86131;1;T;True;2
1621220887000;11487859;0.86125;0.86137;0.86131;1;T;True;2
1621220888000;11487860;0.86125;0.86137;0.86131;0;T;True;2
1621220889000;11487864;0.86129;0.86141;0.86135;3;T;True;2
1621220890000;11487865;0.86129;0.86141;0.86135;0;T;True;2
1621220891000;11487866;0.86129;0.86141;0.86135;0;T;True;2
1621220892000;11487867;0.86129;0.86141;0.86135;0;T;True;2
1621220893000;11487870;0.86129;0.86141;0.86135;2;T;True;2
1621220894000;11487872;0.86129;0.86141;0.86135;1;T;True;2
1621220895000;11487877;0.86127;0.86139;0.86133;4;T;True;2
1621220896000;11487880;0.86125;0.86137;0.86131;2;T;True;2
1621220897000;11487881;0.86125;0.86137;0.86131;0;T;True;2
1621220898000;11487882;0.86125;0.86137;0.86131;0;T;True;2
1621220899000;11487883;0.86125;0.86137;0.86131;0;T;True;2
1621220900000;11487884;0.86125;0.86137;0.86131;0;T;True;2
1621220901000;11487885;0.86125;0.86137;0.86131;0;T;True;2
1621220902000;11487886;0.86125;0.86137;0.86131;0;T;True;2
1621220903000;11487894;0.86127;0.86139;0.86133;7;T;True;2
1621220904000;11487895;0.86127;0.86139;0.86133;0;T;True;2
1621220905000;11487896;0.86127;0.86139;0.86133;0;T;True;2
1621220906000;11487897;0.86127;0.86139;0.86133;0;T;True;2
1621220907000;11487899;0.86127;0.86139;0.86133;1;T;True;2
1621220908000;11487900;0.86127;0.86139;0.86133;0;T;True;2
1621220909000;11487901;0.86127;0.86139;0.86133;0;T;True;2
1621220910000;11487902;0.86127;0.86139;0.86133;0;T;True;2
1621220911000;11487903;0.86127;0.86139;0.86133;0;T;True;2
1621220912000;11487904;0.86127;0.86139;0.86133;0;T;True;2
1621220913000;11487906;0.86127;0.86139;0.86133;1;T;True;2
1621220914000;11487908;0.86127;0.86139;0.86133;1;T;True;2
1621220915000;11487910;0.86127;0.86139;0.86133;1;T;True;2
1621220916000;11487912;0.86127;0.86139;0.86133;1;T;True;2
1621220917000;11487914;0.86127;0.86139;0.86133;1;T;True;2
1621220918000;11487915;0.86127;0.86139;0.86133;0;T;True;2
1621220919000;11487918;0.86127;0.86139;0.86133;2;T;True;2
1621220920000;11487927;0.86128;0.8614;0.86134;8;T;True;2
1621220921000;11487931;0.8613;0.86142;0.86136;3;T;True;2
1621220922000;11487933;0.86131;0.86143;0.86137;1;T;True;2
1621220923000;11487937;0.86129;0.86141;0.86135;3;T;True;2
1621220924000;11487938;0.86129;0.86141;0.86135;0;T;True;2
1621220925000;11487939;0.86129;0.86141;0.86135;0;T;True;2
1621220926000;11487942;0.86128;0.8614;0.86134;2;T;True;2
1621220927000;11487944;0.86128;0.8614;0.86134;1;T;True;2
1621220928000;11487945;0.86128;0.8614;0.86134;0;T;True;2
1621220929000;11487946;0.86128;0.8614;0.86134;0;T;True;2
1621220930000;11487948;0.86129;0.86141;0.86135;1;T;True;2
1621220931000;11487951;0.86129;0.86141;0.86135;2;T;True;2
1621220932000;11487952;0.86129;0.86141;0.86135;0;T;True;2
1621220933000;11487953;0.86129;0.86141;0.86135;0;T;True;2
1621220934000;11487954;0.86129;0.86141;0.86135;0;T;True;2
1621220935000;11487958;0.86128;0.8614;0.86134;3;T;True;2
1621220936000;11487961;0.86127;0.86139;0.86133;2;T;True;2
1621220937000;11487964;0.86127;0.86139;0.86133;2;T;True;2
1621220938000;11487966;0.86129;0.86141;0.86135;1;T;True;2
1621220939000;11487967;0.86129;0.86141;0.86135;0;T;True;2
1621220940000;11487968;0.86129;0.86141;0.86135;0;T;True;2
1621220941000;11487969;0.86129;0.86141;0.86135;0;T;True;2
1621220942000;11487970;0.86129;0.86141;0.86135;0;T;True;2
1621220943000;11487971;0.86129;0.86141;0.86135;0;T;True;2
1621220944000;11487974;0.86127;0.86139;0.86133;2;T;True;2
1621220945000;11487975;0.86127;0.86139;0.86133;0;T;True;2
1621220946000;11487977;0.86127;0.86139;0.86133;1;T;True;2
1621220947000;11487978;0.86127;0.86139;0.86133;0;T;True;2
1621220948000;11487983;0.86117;0.86129;0.86123;4;T;True;2
1621220949000;11487988;0.86117;0.86129;0.86123;4;T;True;2
1621220950000;11487991;0.86119;0.86131;0.86125;2;T;True;2
1621220951000;11487992;0.86119;0.86131;0.86125;0;T;True;2
1621220952000;11487993;0.86119;0.86131;0.86125;0;T;True;2
1621220953000;11487994;0.86119;0.86131;0.86125;0;T;True;2
1621220954000;11487995;0.86119;0.86131;0.86125;0;T;True;2
1621220955000;11487997;0.86118;0.8613;0.86124;1;T;True;2
1621220956000;11487998;0.86118;0.8613;0.86124;0;T;True;2
1621220957000;11488000;0.86118;0.8613;0.86124;1;T;True;2
1621220958000;11488002;0.86118;0.8613;0.86124;1;T;True;2
1621220959000;11488003;0.86118;0.8613;0.86124;0;T;True;2
1621220960000;11488007;0.86118;0.8613;0.86124;3;T;True;2
1621220961000;11488008;0.86118;0.8613;0.86124;0;T;True;2
1621220962000;11488009;0.86118;0.8613;0.86124;0;T;True;2
1621220963000;11488010;0.86118;0.8613;0.86124;0;T;True;2
1621220964000;11488011;0.86118;0.8613;0.86124;0;T;True;2
1621220965000;11488013;0.86119;0.86131;0.86125;1;T;True;2
1621220966000;11488015;0.86118;0.8613;0.86124;1;T;True;2
1621220967000;11488016;0.86118;0.8613;0.86124;0;T;True;2
1621220968000;11488017;0.86118;0.8613;0.86124;0;T;True;2
1621220969000;11488019;0.86117;0.86129;0.86123;1;T;True;2
1621220970000;11488020;0.86117;0.86129;0.86123;0;T;True;2
1621220971000;11488021;0.86117;0.86129;0.86123;0;T;True;2
1621220972000;11488022;0.86117;0.86129;0.86123;0;T;True;2
1621220973000;11488025;0.86117;0.86129;0.86123;2;T;True;2
1621220974000;11488028;0.86117;0.86129;0.86123;2;T;True;2
1621220975000;11488029;0.86117;0.86129;0.86123;0;T;True;2
1621220976000;11488033;0.86116;0.86128;0.86122;3;T;True;2
1621220977000;11488035;0.86115;0.86127;0.86121;1;T;True;2
1621220978000;11488036;0.86115;0.86127;0.86121;0;T;True;2
1621220979000;11488037;0.86115;0.86127;0.86121;0;T;True;2
1621220980000;11488041;0.86115;0.86127;0.86121;3;T;True;2
1621220981000;11488049;0.86117;0.86129;0.86123;7;T;True;2
1621220982000;11488051;0.86117;0.86129;0.86123;1;T;True;2
1621220983000;11488053;0.86117;0.86129;0.86123;1;T;True;2
1621220984000;11488056;0.86117;0.86129;0.86123;2;T;True;2
1621220985000;11488058;0.86116;0.86128;0.86122;1;T;True;2
1621220986000;11488060;0.86115;0.86127;0.86121;1;T;True;2
1621220987000;11488065;0.86117;0.86129;0.86123;4;T;True;2
1621220988000;11488066;0.86117;0.86129;0.86123;0;T;True;2
1621220989000;11488067;0.86117;0.86129;0.86123;0;T;True;2
1621220990000;11488068;0.86117;0.86129;0.86123;0;T;True;2
1621220991000;11488070;0.86117;0.86129;0.86123;1;T;True;2
1621220992000;11488071;0.86117;0.86129;0.86123;0;T;True;2
1621220993000;11488072;0.86117;0.86129;0.86123;0;T;True;2
1621220994000;11488073;0.86117;0.86129;0.86123;0;T;True;2
1621220995000;11488074;0.86117;0.86129;0.86123;0;T;True;2
1621220996000;11488075;0.86117;0.86129;0.86123;0;T;True;2
1621220997000;11488076;0.86117;0.86129;0.86123;0;T;True;2
1621220998000;11488077;0.86117;0.86129;0.86123;0;T;True;2
1621220999000;11488079;0.86118;0.8613;0.86124;1;T;True;2
1621221000000;11488080;0.86118;0.8613;0.86124;0;T;True;2
1621221001000;11488081;0.86118;0.8613;0.86124;0;T;True;2
1621221002000;11488083;0.86118;0.8613;0.86124;1;T;True;2
1621221003000;11488084;0.86118;0.8613;0.86124;0;T;True;2
1621221004000;11488085;0.86118;0.8613;0.86124;0;T;True;2
1621221005000;11488086;0.86118;0.8613;0.86124;0;T;True;2
1621221006000;11488087;0.86118;0.8613;0.86124;0;T;True;2
1621221007000;11488088;0.86118;0.8613;0.86124;0;T;True;2
1621221008000;11488089;0.86118;0.8613;0.86124;0;T;True;2
1621221009000;11488090;0.86118;0.8613;0.86124;0;T;True;2
1621221010000;11488091;0.86118;0.8613;0.86124;0;T;True;2
1621221011000;11488092;0.86118;0.8613;0.86124;0;T;True;2
1621221012000;11488093;0.86118;0.8613;0.86124;0;T;True;2
1621221013000;11488094;0.86118;0.8613;0.86124;0;T;True;2
1621221014000;11488095;0.86118;0.8613;0.86124;0;T;True;2
1621221015000;11488096;0.86118;0.8613;0.86124;0;T;True;2
1621221016000;11488100;0.8612;0.86132;0.86126;3;T;True;2
1621221017000;11488102;0.8612;0.86132;0.86126;1;T;True;2
1621221018000;11488103;0.8612;0.86132;0.86126;0;T;True;2
1621221019000;11488104;0.8612;0.86132;0.86126;0;T;True;2
1621221020000;11488106;0.86121;0.86133;0.86127;1;T;True;2
1621221021000;11488107;0.86121;0.86133;0.86127;0;T;True;2
1621221022000;11488108;0.86121;0.86133;0.86127;0;T;True;2
1621221023000;11488109;0.86121;0.86133;0.86127;0;T;True;2
1621221024000;11488110;0.86121;0.86133;0.86127;0;T;True;2
1621221025000;11488111;0.86121;0.86133;0.86127;0;T;True;2
1621221026000;11488112;0.86121;0.86133;0.86127;0;T;True;2
1621221027000;11488113;0.86121;0.86133;0.86127;0;T;True;2
1621221028000;11488114;0.86121;0.86133;0.86127;0;T;True;2
1621221029000;11488119;0.86123;0.86135;0.86129;4;T;True;2
1621221030000;11488120;0.86123;0.86135;0.86129;0;T;True;2
1621221031000;11488121;0.86123;0.86135;0.86129;0;T;True;2
1621221032000;11488122;0.86123;0.86135;0.86129;0;T;True;2
1621221033000;11488123;0.86123;0.86135;0.86129;0;T;True;2
1621221034000;11488124;0.86123;0.86135;0.86129;0;T;True;2
1621221035000;11488125;0.86123;0.86135;0.86129;0;T;True;2
1621221036000;11488126;0.86123;0.86135;0.86129;0;T;True;2
1621221037000;11488127;0.86123;0.86135;0.86129;0;T;True;2
1621221038000;11488128;0.86123;0.86135;0.86129;0;T;True;2
1621221039000;11488131;0.86121;0.86133;0.86127;2;T;True;2
1621221040000;11488132;0.86121;0.86133;0.86127;0;T;True;2
1621221041000;11488135;0.8612;0.86132;0.86126;2;T;True;2
1621221042000;11488137;0.8612;0.86132;0.86126;1;T;True;2
1621221043000;11488138;0.8612;0.86132;0.86126;0;T;True;2
1621221044000;11488139;0.8612;0.86132;0.86126;0;T;True;2
1621221045000;11488140;0.8612;0.86132;0.86126;0;T;True;2
1621221046000;11488142;0.86119;0.86131;0.86125;1;T;True;2
1621221047000;11488143;0.86119;0.86131;0.86125;0;T;True;2
1621221048000;11488144;0.86119;0.86131;0.86125;0;T;True;2
1621221049000;11488145;0.86119;0.86131;0.86125;0;T;True;2
1621221050000;11488146;0.86119;0.86131;0.86125;0;T;True;2
1621221051000;11488147;0.86119;0.86131;0.86125;0;T;True;2
1621221052000;11488148;0.86119;0.86131;0.86125;0;T;True;2
1621221053000;11488149;0.86119;0.86131;0.86125;0;T;True;2
1621221054000;11488150;0.86119;0.86131;0.86125;0;T;True;2
1621221055000;11488151;0.86119;0.86131;0.86125;0;T;True;2
1621221056000;11488152;0.86119;0.86131;0.86125;0;T;True;2
1621221057000;11488154;0.86119;0.86131;0.86125;1;T;True;2
1621221058000;11488155;0.86119;0.86131;0.86125;0;T;True;2
1621221059000;11488156;0.86119;0.86131;0.86125;0;T;True;2
1621221060000;11488158;0.8612;0.86132;0.86126;1;T;True;2
1621221061000;11488159;0.8612;0.86132;0.86126;0;T;True;2
1621221062000;11488160;0.8612;0.86132;0.86126;0;T;True;2
1621221063000;11488161;0.8612;0.86132;0.86126;0;T;True;2
1621221064000;11488165;0.86119;0.86131;0.86125;3;T;True;2
1621221065000;11488166;0.86119;0.86131;0.86125;0;T;True;2
1621221066000;11488169;0.86119;0.86131;0.86125;2;T;True;2
1621221067000;11488171;0.86118;0.8613;0.86124;1;T;True;2
1621221068000;11488173;0.86117;0.86129;0.86123;1;T;True;2
1621221069000;11488174;0.86117;0.86129;0.86123;0;T;True;2
1621221070000;11488176;0.86118;0.8613;0.86124;1;T;True;2
1621221071000;11488179;0.86118;0.8613;0.86124;2;T;True;2
1621221072000;11488180;0.86118;0.8613;0.86124;0;T;True;2
1621221073000;11488181;0.86118;0.8613;0.86124;0;T;True;2
1621221074000;11488182;0.86118;0.8613;0.86124;0;T;True;2
1621221075000;11488183;0.86118;0.8613;0.86124;0;T;True;2
1621221076000;11488185;0.86117;0.86129;0.86123;1;T;True;2
1621221077000;11488186;0.86117;0.86129;0.86123;0;T;True;2
1621221078000;11488187;0.86117;0.86129;0.86123;0;T;True;2
1621221079000;11488189;0.86117;0.86129;0.86123;1;T;True;2
1621221080000;11488190;0.86117;0.86129;0.86123;0;T;True;2
1621221081000;11488191;0.86117;0.86129;0.86123;0;T;True;2
1621221082000;11488192;0.86117;0.86129;0.86123;0;T;True;2
1621221083000;11488193;0.86117;0.86129;0.86123;0;T;True;2
1621221084000;11488194;0.86117;0.86129;0.86123;0;T;True;2
1621221085000;11488195;0.86117;0.86129;0.86123;0;T;True;2
1621221086000;11488196;0.86117;0.86129;0.86123;0;T;True;2
1621221087000;11488197;0.86117;0.86129;0.86123;0;T;True;2
1621221088000;11488198;0.86117;0.86129;0.86123;0;T;True;2
1621221089000;11488199;0.86117;0.86129;0.86123;0;T;True;2
1621221090000;11488200;0.86117;0.86129;0.86123;0;T;True;2
1621221091000;11488201;0.86117;0.86129;0.86123;0;T;True;2
1621221092000;11488203;0.86118;0.8613;0.86124;1;T;True;2
1621221093000;11488204;0.86118;0.8613;0.86124;0;T;True;2
1621221094000;11488205;0.86118;0.8613;0.86124;0;T;True;2
1621221095000;11488207;0.86119;0.86131;0.86125;1;T;True;2
1621221096000;11488208;0.86119;0.86131;0.86125;0;T;True;2
1621221097000;11488209;0.86119;0.86131;0.86125;0;T;True;2
1621221098000;11488210;0.86119;0.86131;0.86125;0;T;True;2
1621221099000;11488211;0.86119;0.86131;0.86125;0;T;True;2
1621221100000;11488212;0.86119;0.86131;0.86125;0;T;True;2
1621221101000;11488213;0.86119;0.86131;0.86125;0;T;True;2
1621221102000;11488214;0.86119;0.86131;0.86125;0;T;True;2
1621221103000;11488215;0.86119;0.86131;0.86125;0;T;True;2
1621221104000;11488216;0.86119;0.86131;0.86125;0;T;True;2
1621221105000;11488217;0.86119;0.86131;0.86125;0;T;True;2
1621221106000;11488218;0.86119;0.86131;0.86125;0;T;True;2
1621221107000;11488219;0.86119;0.86131;0.86125;0;T;True;2
1621221108000;11488220;0.86119;0.86131;0.86125;0;T;True;2
1621221109000;11488221;0.86119;0.86131;0.86125;0;T;True;2
1621221110000;11488222;0.86119;0.86131;0.86125;0;T;True;2
1621221111000;11488223;0.86119;0.86131;0.86125;0;T;True;2
1621221112000;11488224;0.86119;0.86131;0.86125;0;T;True;2
1621221113000;11488225;0.86119;0.86131;0.86125;0;T;True;2
1621221114000;11488226;0.86119;0.86131;0.86125;0;T;True;2
1621221115000;11488227;0.86119;0.86131;0.86125;0;T;True;2
1621221116000;11488228;0.86119;0.86131;0.86125;0;T;True;2
1621221117000;11488229;0.86119;0.86131;0.86125;0;T;True;2
1621221118000;11488230;0.86119;0.86131;0.86125;0;T;True;2
1621221119000;11488232;0.86118;0.8613;0.86124;1;T;True;2
1621221120000;11488233;0.86118;0.8613;0.86124;0;T;True;2
1621221121000;11488237;0.8612;0.86132;0.86126;3;T;True;2
1621221122000;11488238;0.8612;0.86132;0.86126;0;T;True;2
1621221123000;11488239;0.8612;0.86132;0.86126;0;T;True;2
1621221124000;11488240;0.8612;0.86132;0.86126;0;T;True;2
1621221125000;11488241;0.8612;0.86132;0.86126;0;T;True;2
1621221126000;11488242;0.8612;0.86132;0.86126;0;T;True;2
1621221127000;11488243;0.8612;0.86132;0.86126;0;T;True;2
1621221128000;11488244;0.8612;0.86132;0.86126;0;T;True;2
1621221129000;11488245;0.8612;0.86132;0.86126;0;T;True;2
1621221130000;11488246;0.8612;0.86132;0.86126;0;T;True;2
1621221131000;11488247;0.8612;0.86132;0.86126;0;T;True;2
1621221132000;11488248;0.8612;0.86132;0.86126;0;T;True;2
1621221133000;11488249;0.8612;0.86132;0.86126;0;T;True;2
1621221134000;11488250;0.8612;0.86132;0.86126;0;T;True;2
1621221135000;11488251;0.8612;0.86132;0.86126;0;T;True;2
1621221136000;11488252;0.8612;0.86132;0.86126;0;T;True;2
1621221137000;11488254;0.86119;0.86131;0.86125;1;T;True;2
1621221138000;11488255;0.86119;0.86131;0.86125;0;T;True;2
1621221139000;11488256;0.86119;0.86131;0.86125;0;T;True;2
1621221140000;11488257;0.86119;0.86131;0.86125;0;T;True;2
1621221141000;11488258;0.86119;0.86131;0.86125;0;T;True;2
1621221142000;11488259;0.86119;0.86131;0.86125;0;T;True;2
1621221143000;11488260;0.86119;0.86131;0.86125;0;T;True;2
1621221144000;11488261;0.86119;0.86131;0.86125;0;T;True;2
1621221145000;11488262;0.86119;0.86131;0.86125;0;T;True;2
1621221146000;11488263;0.86119;0.86131;0.86125;0;T;True;2
1621221147000;11488264;0.86119;0.86131;0.86125;0;T;True;2
1621221148000;11488265;0.86119;0.86131;0.86125;0;T;True;2
1621221149000;11488266;0.86119;0.86131;0.86125;0;T;True;2
1621221150000;11488267;0.86119;0.86131;0.86125;0;T;True;2
1621221151000;11488268;0.86119;0.86131;0.86125;0;T;True;2
1621221152000;11488269;0.86119;0.86131;0.86125;0;T;True;2
1621221153000;11488271;0.8612;0.86132;0.86126;1;T;True;2
1621221154000;11488272;0.8612;0.86132;0.86126;0;T;True;2
1621221155000;11488274;0.86121;0.86133;0.86127;1;T;True;2
1621221156000;11488275;0.86121;0.86133;0.86127;0;T;True;2
1621221157000;11488277;0.86123;0.86135;0.86129;1;T;True;2
1621221158000;11488278;0.86123;0.86135;0.86129;0;T;True;2
1621221159000;11488279;0.86123;0.86135;0.86129;0;T;True;2
1621221160000;11488280;0.86123;0.86135;0.86129;0;T;True;2
1621221161000;11488281;0.86123;0.86135;0.86129;0;T;True;2
1621221162000;11488283;0.86121;0.86133;0.86127;1;T;True;2
1621221163000;11488286;0.86121;0.86133;0.86127;2;T;True;2
1621221164000;11488287;0.86121;0.86133;0.86127;0;T;True;2
1621221165000;11488290;0.86123;0.86135;0.86129;2;T;True;2
1621221166000;11488291;0.86123;0.86135;0.86129;0;T;True;2
1621221167000;11488292;0.86123;0.86135;0.86129;0;T;True;2
1621221168000;11488293;0.86123;0.86135;0.86129;0;T;True;2
1621221169000;11488294;0.86123;0.86135;0.86129;0;T;True;2
1621221170000;11488295;0.86123;0.86135;0.86129;0;T;True;2
1621221171000;11488296;0.86123;0.86135;0.86129;0;T;True;2
1621221172000;11488297;0.86123;0.86135;0.86129;0;T;True;2
1621221173000;11488299;0.86122;0.86134;0.86128;1;T;True;2
1621221174000;11488300;0.86122;0.86134;0.86128;0;T;True;2
1621221175000;11488301;0.86122;0.86134;0.86128;0;T;True;2
1621221176000;11488304;0.86119;0.86131;0.86125;2;T;True;2
1621221177000;11488305;0.86119;0.86131;0.86125;0;T;True;2
1621221178000;11488306;0.86119;0.86131;0.86125;0;T;True;2
1621221179000;11488309;0.8612;0.86132;0.86126;2;T;True;2
1621221180000;11488310;0.8612;0.86132;0.86126;0;T;True;2
1621221181000;11488311;0.8612;0.86132;0.86126;0;T;True;2
1621221182000;11488313;0.8612;0.86132;0.86126;1;T;True;2
1621221183000;11488315;0.8612;0.86132;0.86126;1;T;True;2
1621221184000;11488316;0.8612;0.86132;0.86126;0;T;True;2
1621221185000;11488317;0.8612;0.86132;0.86126;0;T;True;2
1621221186000;11488318;0.8612;0.86132;0.86126;0;T;True;2
1621221187000;11488319;0.8612;0.86132;0.86126;0;T;True;2
1621221188000;11488320;0.8612;0.86132;0.86126;0;T;True;2
1621221189000;11488321;0.8612;0.86132;0.86126;0;T;True;2
1621221190000;11488323;0.8612;0.86132;0.86126;1;T;True;2
1621221191000;11488324;0.8612;0.86132;0.86126;0;T;True;2
1621221192000;11488326;0.86121;0.86133;0.86127;1;T;True;2
1621221193000;11488328;0.86121;0.86133;0.86127;1;T;True;2
1621221194000;11488329;0.86121;0.86133;0.86127;0;T;True;2
1621221195000;11488330;0.86121;0.86133;0.86127;0;T;True;2
1621221196000;11488331;0.86121;0.86133;0.86127;0;T;True;2
1621221197000;11488332;0.86121;0.86133;0.86127;0;T;True;2
1621221198000;11488333;0.86121;0.86133;0.86127;0;T;True;2
1621221199000;11488336;0.86119;0.86131;0.86125;2;T;True;2
1621221200000;11488337;0.86119;0.86131;0.86125;0;T;True;2
1621221201000;11488338;0.86119;0.86131;0.86125;0;T;True;2
1621221202000;11488339;0.86119;0.86131;0.86125;0;T;True;2
1621221203000;11488341;0.86119;0.86131;0.86125;1;T;True;2
1621221204000;11488342;0.86119;0.86131;0.86125;0;T;True;2
1621221205000;11488345;0.86119;0.86131;0.86125;2;T;True;2
1621221206000;11488346;0.86119;0.86131;0.86125;0;T;True;2
1621221207000;11488347;0.86119;0.86131;0.86125;0;T;True;2
1621221208000;11488348;0.86119;0.86131;0.86125;0;T;True;2
1621221209000;11488349;0.86119;0.86131;0.86125;0;T;True;2
1621221210000;11488354;0.86119;0.86131;0.86125;4;T;True;2
1621221211000;11488360;0.86119;0.86131;0.86125;5;T;True;2
1621221212000;11488362;0.86119;0.86131;0.86125;1;T;True;2
1621221213000;11488363;0.86119;0.86131;0.86125;0;T;True;2
1621221214000;11488364;0.86119;0.86131;0.86125;0;T;True;2
1621221215000;11488365;0.86119;0.86131;0.86125;0;T;True;2
1621221216000;11488367;0.86118;0.8613;0.86124;1;T;True;2
1621221217000;11488368;0.86118;0.8613;0.86124;0;T;True;2
1621221218000;11488369;0.86118;0.8613;0.86124;0;T;True;2
1621221219000;11488370;0.86118;0.8613;0.86124;0;T;True;2
1621221220000;11488372;0.86117;0.86129;0.86123;1;T;True;2
1621221221000;11488373;0.86117;0.86129;0.86123;0;T;True;2
1621221222000;11488374;0.86117;0.86129;0.86123;0;T;True;2
1621221223000;11488375;0.86117;0.86129;0.86123;0;T;True;2
1621221224000;11488376;0.86117;0.86129;0.86123;0;T;True;2
1621221225000;11488377;0.86117;0.86129;0.86123;0;T;True;2
1621221226000;11488378;0.86117;0.86129;0.86123;0;T;True;2
1621221227000;11488379;0.86117;0.86129;0.86123;0;T;True;2
1621221228000;11488380;0.86117;0.86129;0.86123;0;T;True;2
1621221229000;11488382;0.86117;0.86129;0.86123;1;T;True;2
1621221230000;11488384;0.86117;0.86129;0.86123;1;T;True;2
1621221231000;11488385;0.86117;0.86129;0.86123;0;T;True;2
1621221232000;11488387;0.86117;0.86129;0.86123;1;T;True;2
1621221233000;11488389;0.86117;0.86129;0.86123;1;T;True;2
1621221234000;11488392;0.86119;0.86131;0.86125;2;T;True;2
1621221235000;11488393;0.86119;0.86131;0.86125;0;T;True;2
1621221236000;11488394;0.86119;0.86131;0.86125;0;T;True;2
1621221237000;11488396;0.86121;0.86133;0.86127;1;T;True;2
1621221238000;11488397;0.86121;0.86133;0.86127;0;T;True;2
1621221239000;11488398;0.86121;0.86133;0.86127;0;T;True;2
1621221240000;11488399;0.86121;0.86133;0.86127;0;T;True;2
1621221241000;11488400;0.86121;0.86133;0.86127;0;T;True;2
1621221242000;11488401;0.86121;0.86133;0.86127;0;T;True;2
1621221243000;11488402;0.86121;0.86133;0.86127;0;T;True;2
1621221244000;11488403;0.86121;0.86133;0.86127;0;T;True;2
1621221245000;11488404;0.86121;0.86133;0.86127;0;T;True;2
1621221246000;11488406;0.86122;0.86134;0.86128;1;T;True;2
1621221247000;11488407;0.86122;0.86134;0.86128;0;T;True;2
1621221248000;11488408;0.86122;0.86134;0.86128;0;T;True;2
1621221249000;11488409;0.86122;0.86134;0.86128;0;T;True;2
1621221250000;11488410;0.86122;0.86134;0.86128;0;T;True;2
1621221251000;11488412;0.86121;0.86133;0.86127;1;T;True;2
1621221252000;11488414;0.86122;0.86134;0.86128;1;T;True;2
1621221253000;11488415;0.86122;0.86134;0.86128;0;T;True;2
1621221254000;11488416;0.86122;0.86134;0.86128;0;T;True;2
1621221255000;11488418;0.86121;0.86133;0.86127;1;T;True;2
1621221256000;11488419;0.86121;0.86133;0.86127;0;T;True;2
1621221257000;11488420;0.86121;0.86133;0.86127;0;T;True;2
1621221258000;11488424;0.86121;0.86133;0.86127;3;T;True;2
1621221259000;11488425;0.86121;0.86133;0.86127;0;T;True;2
1621221260000;11488427;0.86122;0.86134;0.86128;1;T;True;2
1621221261000;11488428;0.86122;0.86134;0.86128;0;T;True;2
1621221262000;11488429;0.86122;0.86134;0.86128;0;T;True;2
1621221263000;11488430;0.86122;0.86134;0.86128;0;T;True;2
1621221264000;11488431;0.86122;0.86134;0.86128;0;T;True;2
1621221265000;11488432;0.86122;0.86134;0.86128;0;T;True;2
1621221266000;11488433;0.86122;0.86134;0.86128;0;T;True;2
1621221267000;11488434;0.86122;0.86134;0.86128;0;T;True;2
1621221268000;11488436;0.86121;0.86133;0.86127;1;T;True;2
1621221269000;11488437;0.86121;0.86133;0.86127;0;T;True;2
1621221270000;11488438;0.86121;0.86133;0.86127;0;T;True;2
1621221271000;11488439;0.86121;0.86133;0.86127;0;T;True;2
1621221272000;11488443;0.86121;0.86133;0.86127;3;T;True;2
1621221273000;11488444;0.86121;0.86133;0.86127;0;T;True;2
1621221274000;11488445;0.86121;0.86133;0.86127;0;T;True;2
1621221275000;11488446;0.86121;0.86133;0.86127;0;T;True;2
1621221276000;11488447;0.86121;0.86133;0.86127;0;T;True;2
1621221277000;11488448;0.86121;0.86133;0.86127;0;T;True;2
1621221278000;11488451;0.86121;0.86133;0.86127;2;T;True;2
1621221279000;11488452;0.86121;0.86133;0.86127;0;T;True;2
1621221280000;11488453;0.86121;0.86133;0.86127;0;T;True;2
1621221281000;11488454;0.86121;0.86133;0.86127;0;T;True;2
1621221282000;11488455;0.86121;0.86133;0.86127;0;T;True;2
1621221283000;11488458;0.86121;0.86133;0.86127;2;T;True;2
1621221284000;11488460;0.86119;0.86131;0.86125;1;T;True;2
1621221285000;11488461;0.86119;0.86131;0.86125;0;T;True;2
1621221286000;11488462;0.86119;0.86131;0.86125;0;T;True;2
1621221287000;11488463;0.86119;0.86131;0.86125;0;T;True;2
1621221288000;11488464;0.86119;0.86131;0.86125;0;T;True;2
1621221289000;11488466;0.8612;0.86132;0.86126;1;T;True;2
1621221290000;11488467;0.8612;0.86132;0.86126;0;T;True;2
1621221291000;11488469;0.86121;0.86133;0.86127;1;T;True;2
1621221292000;11488470;0.86121;0.86133;0.86127;0;T;True;2
1621221293000;11488473;0.86121;0.86133;0.86127;2;T;True;2
1621221294000;11488475;0.86121;0.86133;0.86127;1;T;True;2
1621221295000;11488477;0.86121;0.86133;0.86127;1;T;True;2
1621221296000;11488479;0.86121;0.86133;0.86127;1;T;True;2
1621221297000;11488481;0.86122;0.86134;0.86128;1;T;True;2
1621221298000;11488482;0.86122;0.86134;0.86128;0;T;True;2
1621221299000;11488484;0.86122;0.86134;0.86128;1;T;True;2
1621221300000;11488486;0.86122;0.86134;0.86128;1;T;True;2
1621221301000;11488487;0.86122;0.86134;0.86128;0;T;True;2
1621221302000;11488488;0.86122;0.86134;0.86128;0;T;True;2
1621221303000;11488489;0.86122;0.86134;0.86128;0;T;True;2
1621221304000;11488490;0.86122;0.86134;0.86128;0;T;True;2
1621221305000;11488493;0.86122;0.86134;0.86128;2;T;True;2
1621221306000;11488494;0.86122;0.86134;0.86128;0;T;True;2
1621221307000;11488495;0.86122;0.86134;0.86128;0;T;True;2
1621221308000;11488496;0.86122;0.86134;0.86128;0;T;True;2
1621221309000;11488497;0.86122;0.86134;0.86128;0;T;True;2
1621221310000;11488498;0.86122;0.86134;0.86128;0;T;True;2
1621221311000;11488499;0.86122;0.86134;0.86128;0;T;True;2
1621221312000;11488500;0.86122;0.86134;0.86128;0;T;True;2
1621221313000;11488501;0.86122;0.86134;0.86128;0;T;True;2
1621221314000;11488502;0.86122;0.86134;0.86128;0;T;True;2
1621221315000;11488503;0.86122;0.86134;0.86128;0;T;True;2
1621221316000;11488504;0.86122;0.86134;0.86128;0;T;True;2
1621221317000;11488505;0.86122;0.86134;0.86128;0;T;True;2
1621221318000;11488506;0.86122;0.86134;0.86128;0;T;True;2
1621221319000;11488507;0.86122;0.86134;0.86128;0;T;True;2
1621221320000;11488508;0.86122;0.86134;0.86128;0;T;True;2
1621221321000;11488509;0.86122;0.86134;0.86128;0;T;True;2
1621221322000;11488510;0.86122;0.86134;0.86128;0;T;True;2
1621221323000;11488511;0.86122;0.86134;0.86128;0;T;True;2
1621221324000;11488512;0.86122;0.86134;0.86128;0;T;True;2
1621221325000;11488513;0.86122;0.86134;0.86128;0;T;True;2
1621221326000;11488514;0.86122;0.86134;0.86128;0;T;True;2
1621221327000;11488515;0.86122;0.86134;0.86128;0;T;True;2
1621221328000;11488516;0.86122;0.86134;0.86128;0;T;True;2
1621221329000;11488517;0.86122;0.86134;0.86128;0;T;True;2
1621221330000;11488518;0.86122;0.86134;0.86128;0;T;True;2
1621221331000;11488519;0.86122;0.86134;0.86128;0;T;True;2
1621221332000;11488520;0.86122;0.86134;0.86128;0;T;True;2
1621221333000;11488521;0.86122;0.86134;0.86128;0;T;True;2
1621221334000;11488522;0.86122;0.86134;0.86128;0;T;True;2
1621221335000;11488523;0.86122;0.86134;0.86128;0;T;True;2
1621221336000;11488524;0.86122;0.86134;0.86128;0;T;True;2
1621221337000;11488525;0.86122;0.86134;0.86128;0;T;True;2
1621221338000;11488526;0.86122;0.86134;0.86128;0;T;True;2
1621221339000;11488528;0.86122;0.86134;0.86128;1;T;True;2
1621221340000;11488529;0.86122;0.86134;0.86128;0;T;True;2
1621221341000;11488530;0.86122;0.86134;0.86128;0;T;True;2
1621221342000;11488531;0.86122;0.86134;0.86128;0;T;True;2
1621221343000;11488533;0.86122;0.86134;0.86128;1;T;True;2
1621221344000;11488534;0.86122;0.86134;0.86128;0;T;True;2
1621221345000;11488537;0.86122;0.86134;0.86128;2;T;True;2
1621221346000;11488538;0.86122;0.86134;0.86128;0;T;True;2
1621221347000;11488539;0.86122;0.86134;0.86128;0;T;True;2
1621221348000;11488540;0.86122;0.86134;0.86128;0;T;True;2
1621221349000;11488541;0.86122;0.86134;0.86128;0;T;True;2
1621221350000;11488542;0.86122;0.86134;0.86128;0;T;True;2
1621221351000;11488543;0.86122;0.86134;0.86128;0;T;True;2
1621221352000;11488545;0.86121;0.86133;0.86127;1;T;True;2
1621221353000;11488546;0.86121;0.86133;0.86127;0;T;True;2
1621221354000;11488547;0.86121;0.86133;0.86127;0;T;True;2
1621221355000;11488548;0.86121;0.86133;0.86127;0;T;True;2
1621221356000;11488549;0.86121;0.86133;0.86127;0;T;True;2
1621221357000;11488550;0.86121;0.86133;0.86127;0;T;True;2
1621221358000;11488551;0.86121;0.86133;0.86127;0;T;True;2
1621221359000;11488552;0.86121;0.86133;0.86127;0;T;True;2
1621221360000;11488553;0.86121;0.86133;0.86127;0;T;True;2
1621221361000;11488554;0.86121;0.86133;0.86127;0;T;True;2
1621221362000;11488555;0.86121;0.86133;0.86127;0;T;True;2
1621221363000;11488556;0.86121;0.86133;0.86127;0;T;True;2
1621221364000;11488557;0.86121;0.86133;0.86127;0;T;True;2
1621221365000;11488558;0.86121;0.86133;0.86127;0;T;True;2
1621221366000;11488559;0.86121;0.86133;0.86127;0;T;True;2
1621221367000;11488560;0.86121;0.86133;0.86127;0;T;True;2
1621221368000;11488561;0.86121;0.86133;0.86127;0;T;True;2
1621221369000;11488562;0.86121;0.86133;0.86127;0;T;True;2
1621221370000;11488563;0.86121;0.86133;0.86127;0;T;True;2
1621221371000;11488564;0.86121;0.86133;0.86127;0;T;True;2
1621221372000;11488565;0.86121;0.86133;0.86127;0;T;True;2
1621221373000;11488566;0.86121;0.86133;0.86127;0;T;True;2
1621221374000;11488567;0.86121;0.86133;0.86127;0;T;True;2
1621221375000;11488568;0.86121;0.86133;0.86127;0;T;True;2
1621221376000;11488569;0.86121;0.86133;0.86127;0;T;True;2
1621221377000;11488570;0.86121;0.86133;0.86127;0;T;True;2
1621221378000;11488571;0.86121;0.86133;0.86127;0;T;True;2
1621221379000;11488572;0.86121;0.86133;0.86127;0;T;True;2
1621221380000;11488573;0.86121;0.86133;0.86127;0;T;True;2
1621221381000;11488574;0.86121;0.86133;0.86127;0;T;True;2
1621221382000;11488575;0.86121;0.86133;0.86127;0;T;True;2
1621221383000;11488577;0.86122;0.86134;0.86128;1;T;True;2
1621221384000;11488579;0.86121;0.86133;0.86127;1;T;True;2
1621221385000;11488580;0.86121;0.86133;0.86127;0;T;True;2
1621221386000;11488581;0.86121;0.86133;0.86127;0;T;True;2
1621221387000;11488582;0.86121;0.86133;0.86127;0;T;True;2
1621221388000;11488583;0.86121;0.86133;0.86127;0;T;True;2
1621221389000;11488585;0.86121;0.86133;0.86127;1;T;True;2
1621221390000;11488586;0.86121;0.86133;0.86127;0;T;True;2
1621221391000;11488587;0.86121;0.86133;0.86127;0;T;True;2
1621221392000;11488588;0.86121;0.86133;0.86127;0;T;True;2
1621221393000;11488589;0.86121;0.86133;0.86127;0;T;True;2
1621221394000;11488590;0.86121;0.86133;0.86127;0;T;True;2
1621221395000;11488591;0.86121;0.86133;0.86127;0;T;True;2
1621221396000;11488592;0.86121;0.86133;0.86127;0;T;True;2
1621221397000;11488593;0.86121;0.86133;0.86127;0;T;True;2
1621221398000;11488596;0.86122;0.86134;0.86128;2;T;True;2
1621221399000;11488597;0.86122;0.86134;0.86128;0;T;True;2
1621221400000;11488598;0.86122;0.86134;0.86128;0;T;True;2
1621221401000;11488599;0.86122;0.86134;0.86128;0;T;True;2
1621221402000;11488601;0.86121;0.86133;0.86127;1;T;True;2
1621221403000;11488603;0.86122;0.86134;0.86128;1;T;True;2
1621221404000;11488604;0.86122;0.86134;0.86128;0;T;True;2
1621221405000;11488606;0.86121;0.86133;0.86127;1;T;True;2
1621221406000;11488607;0.86121;0.86133;0.86127;0;T;True;2
1621221407000;11488608;0.86121;0.86133;0.86127;0;T;True;2
1621221408000;11488609;0.86121;0.86133;0.86127;0;T;True;2
1621221409000;11488610;0.86121;0.86133;0.86127;0;T;True;2
1621221410000;11488611;0.86121;0.86133;0.86127;0;T;True;2
1621221411000;11488612;0.86121;0.86133;0.86127;0;T;True;2
1621221412000;11488613;0.86121;0.86133;0.86127;0;T;True;2
1621221413000;11488614;0.86121;0.86133;0.86127;0;T;True;2
1621221414000;11488615;0.86121;0.86133;0.86127;0;T;True;2
1621221415000;11488616;0.86121;0.86133;0.86127;0;T;True;2
1621221416000;11488617;0.86121;0.86133;0.86127;0;T;True;2
1621221417000;11488621;0.86119;0.86131;0.86125;3;T;True;2
1621221418000;11488632;0.86122;0.86134;0.86128;10;T;True;2
1621221419000;11488633;0.86122;0.86134;0.86128;0;T;True;2
1621221420000;11488634;0.86122;0.86134;0.86128;0;T;True;2
1621221421000;11488636;0.86121;0.86133;0.86127;1;T;True;2
1621221422000;11488637;0.86121;0.86133;0.86127;0;T;True;2
1621221423000;11488638;0.86121;0.86133;0.86127;0;T;True;2
1621221424000;11488639;0.86121;0.86133;0.86127;0;T;True;2
1621221425000;11488641;0.86122;0.86134;0.86128;1;T;True;2
1621221426000;11488642;0.86122;0.86134;0.86128;0;T;True;2
1621221427000;11488645;0.86121;0.86133;0.86127;2;T;True;2
1621221428000;11488652;0.86119;0.86131;0.86125;6;T;True;2
1621221429000;11488653;0.86119;0.86131;0.86125;0;T;True;2
1621221430000;11488654;0.86119;0.86131;0.86125;0;T;True;2
1621221431000;11488656;0.86121;0.86133;0.86127;1;T;True;2
1621221432000;11488657;0.86121;0.86133;0.86127;0;T;True;2
1621221433000;11488659;0.86119;0.86131;0.86125;1;T;True;2
1621221434000;11488660;0.86119;0.86131;0.86125;0;T;True;2
1621221435000;11488661;0.86119;0.86131;0.86125;0;T;True;2
1621221436000;11488663;0.86119;0.86131;0.86125;1;T;True;2
1621221437000;11488664;0.86119;0.86131;0.86125;0;T;True;2
1621221438000;11488665;0.86119;0.86131;0.86125;0;T;True;2
1621221439000;11488666;0.86119;0.86131;0.86125;0;T;True;2
1621221440000;11488667;0.86119;0.86131;0.86125;0;T;True;2
1621221441000;11488668;0.86119;0.86131;0.86125;0;T;True;2
1621221442000;11488669;0.86119;0.86131;0.86125;0;T;True;2
1621221443000;11488670;0.86119;0.86131;0.86125;0;T;True;2
1621221444000;11488673;0.86121;0.86133;0.86127;2;T;True;2
1621221445000;11488674;0.86121;0.86133;0.86127;0;T;True;2
1621221446000;11488675;0.86121;0.86133;0.86127;0;T;True;2
1621221447000;11488676;0.86121;0.86133;0.86127;0;T;True;2
1621221448000;11488677;0.86121;0.86133;0.86127;0;T;True;2
1621221449000;11488678;0.86121;0.86133;0.86127;0;T;True;2
1621221450000;11488679;0.86121;0.86133;0.86127;0;T;True;2
1621221451000;11488683;0.8612;0.86132;0.86126;3;T;True;2
1621221452000;11488687;0.86119;0.86131;0.86125;3;T;True;2
1621221453000;11488688;0.86119;0.86131;0.86125;0;T;True;2
1621221454000;11488690;0.86119;0.86131;0.86125;1;T;True;2
1621221455000;11488691;0.86119;0.86131;0.86125;0;T;True;2
1621221456000;11488692;0.86119;0.86131;0.86125;0;T;True;2
1621221457000;11488694;0.86119;0.86131;0.86125;1;T;True;2
1621221458000;11488695;0.86119;0.86131;0.86125;0;T;True;2
1621221459000;11488696;0.86119;0.86131;0.86125;0;T;True;2
1621221460000;11488697;0.86119;0.86131;0.86125;0;T;True;2
1621221461000;11488698;0.86119;0.86131;0.86125;0;T;True;2
1621221462000;11488699;0.86119;0.86131;0.86125;0;T;True;2
1621221463000;11488700;0.86119;0.86131;0.86125;0;T;True;2
1621221464000;11488703;0.86121;0.86133;0.86127;2;T;True;2
1621221465000;11488705;0.86121;0.86133;0.86127;1;T;True;2
1621221466000;11488706;0.86121;0.86133;0.86127;0;T;True;2
1621221467000;11488707;0.86121;0.86133;0.86127;0;T;True;2
1621221468000;11488710;0.86122;0.86134;0.86128;2;T;True;2
1621221469000;11488711;0.86122;0.86134;0.86128;0;T;True;2
1621221470000;11488712;0.86122;0.86134;0.86128;0;T;True;2
1621221471000;11488715;0.86121;0.86133;0.86127;2;T;True;2
1621221472000;11488716;0.86121;0.86133;0.86127;0;T;True;2
1621221473000;11488717;0.86121;0.86133;0.86127;0;T;True;2
1621221474000;11488720;0.86121;0.86133;0.86127;2;T;True;2
1621221475000;11488721;0.86121;0.86133;0.86127;0;T;True;2
1621221476000;11488722;0.86121;0.86133;0.86127;0;T;True;2
1621221477000;11488723;0.86121;0.86133;0.86127;0;T;True;2
1621221478000;11488724;0.86121;0.86133;0.86127;0;T;True;2
1621221479000;11488726;0.86121;0.86133;0.86127;1;T;True;2
1621221480000;11488728;0.86121;0.86133;0.86127;1;T;True;2
1621221481000;11488729;0.86121;0.86133;0.86127;0;T;True;2
1621221482000;11488733;0.86121;0.86133;0.86127;3;T;True;2
1621221483000;11488739;0.86121;0.86133;0.86127;5;T;True;2
1621221484000;11488741;0.86121;0.86133;0.86127;1;T;True;2
1621221485000;11488743;0.86119;0.86131;0.86125;1;T;True;2
1621221486000;11488744;0.86119;0.86131;0.86125;0;T;True;2
1621221487000;11488745;0.86119;0.86131;0.86125;0;T;True;2
1621221488000;11488746;0.86119;0.86131;0.86125;0;T;True;2
1621221489000;11488747;0.86119;0.86131;0.86125;0;T;True;2
1621221490000;11488749;0.86119;0.86131;0.86125;1;T;True;2
1621221491000;11488750;0.86119;0.86131;0.86125;0;T;True;2
1621221492000;11488751;0.86119;0.86131;0.86125;0;T;True;2
1621221493000;11488756;0.86121;0.86133;0.86127;4;T;True;2
1621221494000;11488757;0.86121;0.86133;0.86127;0;T;True;2
1621221495000;11488758;0.86121;0.86133;0.86127;0;T;True;2
1621221496000;11488759;0.86121;0.86133;0.86127;0;T;True;2
1621221497000;11488760;0.86121;0.86133;0.86127;0;T;True;2
1621221498000;11488762;0.86121;0.86133;0.86127;1;T;True;2
1621221499000;11488763;0.86121;0.86133;0.86127;0;T;True;2
1621221500000;11488764;0.86121;0.86133;0.86127;0;T;True;2
1621221501000;11488766;0.86121;0.86133;0.86127;1;T;True;2
1621221502000;11488770;0.86121;0.86133;0.86127;3;T;True;2
1621221503000;11488772;0.86121;0.86133;0.86127;1;T;True;2
1621221504000;11488773;0.86121;0.86133;0.86127;0;T;True;2
1621221505000;11488774;0.86121;0.86133;0.86127;0;T;True;2
1621221506000;11488775;0.86121;0.86133;0.86127;0;T;True;2
1621221507000;11488778;0.86122;0.86134;0.86128;2;T;True;2
1621221508000;11488780;0.86122;0.86134;0.86128;1;T;True;2
1621221509000;11488781;0.86122;0.86134;0.86128;0;T;True;2
1621221510000;11488784;0.86121;0.86133;0.86127;2;T;True;2
1621221511000;11488785;0.86121;0.86133;0.86127;0;T;True;2
1621221512000;11488786;0.86121;0.86133;0.86127;0;T;True;2
1621221513000;11488787;0.86121;0.86133;0.86127;0;T;True;2
1621221514000;11488791;0.86123;0.86135;0.86129;3;T;True;2
1621221515000;11488792;0.86123;0.86135;0.86129;0;T;True;2
1621221516000;11488793;0.86123;0.86135;0.86129;0;T;True;2
1621221517000;11488795;0.86123;0.86135;0.86129;1;T;True;2
1621221518000;11488797;0.86123;0.86135;0.86129;1;T;True;2
1621221519000;11488798;0.86123;0.86135;0.86129;0;T;True;2
1621221520000;11488800;0.86123;0.86135;0.86129;1;T;True;2
1621221521000;11488802;0.86123;0.86135;0.86129;1;T;True;2
1621221522000;11488803;0.86123;0.86135;0.86129;0;T;True;2
1621221523000;11488804;0.86123;0.86135;0.86129;0;T;True;2
1621221524000;11488805;0.86123;0.86135;0.86129;0;T;True;2
1621221525000;11488806;0.86123;0.86135;0.86129;0;T;True;2
1621221526000;11488807;0.86123;0.86135;0.86129;0;T;True;2
1621221527000;11488808;0.86123;0.86135;0.86129;0;T;True;2
1621221528000;11488809;0.86123;0.86135;0.86129;0;T;True;2
1621221529000;11488810;0.86123;0.86135;0.86129;0;T;True;2
1621221530000;11488811;0.86123;0.86135;0.86129;0;T;True;2
1621221531000;11488813;0.86122;0.86134;0.86128;1;T;True;2
1621221532000;11488814;0.86122;0.86134;0.86128;0;T;True;2
1621221533000;11488815;0.86122;0.86134;0.86128;0;T;True;2
1621221534000;11488819;0.86123;0.86135;0.86129;3;T;True;2
1621221535000;11488823;0.86125;0.86137;0.86131;3;T;True;2
1621221536000;11488825;0.86125;0.86137;0.86131;1;T;True;2
1621221537000;11488827;0.86125;0.86137;0.86131;1;T;True;2
1621221538000;11488832;0.86121;0.86133;0.86127;4;T;True;2
1621221539000;11488833;0.86121;0.86133;0.86127;0;T;True;2
1621221540000;11488836;0.86121;0.86133;0.86127;2;T;True;2
1621221541000;11488837;0.86121;0.86133;0.86127;0;T;True;2
1621221542000;11488839;0.86122;0.86134;0.86128;1;T;True;2
1621221543000;11488840;0.86122;0.86134;0.86128;0;T;True;2
1621221544000;11488841;0.86122;0.86134;0.86128;0;T;True;2
1621221545000;11488842;0.86122;0.86134;0.86128;0;T;True;2
1621221546000;11488844;0.86123;0.86135;0.86129;1;T;True;2
1621221547000;11488845;0.86123;0.86135;0.86129;0;T;True;2
1621221548000;11488847;0.86123;0.86135;0.86129;1;T;True;2
1621221549000;11488848;0.86123;0.86135;0.86129;0;T;True;2
1621221550000;11488849;0.86123;0.86135;0.86129;0;T;True;2
1621221551000;11488850;0.86123;0.86135;0.86129;0;T;True;2
1621221552000;11488851;0.86123;0.86135;0.86129;0;T;True;2
1621221553000;11488852;0.86123;0.86135;0.86129;0;T;True;2
1621221554000;11488853;0.86123;0.86135;0.86129;0;T;True;2
1621221555000;11488854;0.86123;0.86135;0.86129;0;T;True;2
1621221556000;11488855;0.86123;0.86135;0.86129;0;T;True;2
1621221557000;11488858;0.86125;0.86137;0.86131;2;T;True;2
1621221558000;11488861;0.86125;0.86137;0.86131;2;T;True;2
1621221559000;11488862;0.86125;0.86137;0.86131;0;T;True;2
1621221560000;11488863;0.86125;0.86137;0.86131;0;T;True;2
1621221561000;11488864;0.86125;0.86137;0.86131;0;T;True;2
1621221562000;11488865;0.86125;0.86137;0.86131;0;T;True;2
1621221563000;11488869;0.86129;0.86141;0.86135;3;T;True;2
1621221564000;11488872;0.86129;0.86141;0.86135;2;T;True;2
1621221565000;11488873;0.86129;0.86141;0.86135;0;T;True;2
1621221566000;11488876;0.86131;0.86143;0.86137;2;T;True;2
1621221567000;11488877;0.86131;0.86143;0.86137;0;T;True;2
1621221568000;11488878;0.86131;0.86143;0.86137;0;T;True;2
1621221569000;11488879;0.86131;0.86143;0.86137;0;T;True;2
1621221570000;11488880;0.86131;0.86143;0.86137;0;T;True;2
1621221571000;11488881;0.86131;0.86143;0.86137;0;T;True;2
1621221572000;11488882;0.86131;0.86143;0.86137;0;T;True;2
1621221573000;11488883;0.86131;0.86143;0.86137;0;T;True;2
1621221574000;11488884;0.86131;0.86143;0.86137;0;T;True;2
1621221575000;11488885;0.86131;0.86143;0.86137;0;T;True;2
1621221576000;11488886;0.86131;0.86143;0.86137;0;T;True;2
1621221577000;11488887;0.86131;0.86143;0.86137;0;T;True;2
1621221578000;11488889;0.86131;0.86143;0.86137;1;T;True;2
1621221579000;11488891;0.86132;0.86144;0.86138;1;T;True;2
1621221580000;11488894;0.86132;0.86144;0.86138;2;T;True;2
1621221581000;11488897;0.86132;0.86144;0.86138;2;T;True;2
1621221582000;11488898;0.86132;0.86144;0.86138;0;T;True;2
1621221583000;11488899;0.86132;0.86144;0.86138;0;T;True;2
1621221584000;11488900;0.86132;0.86144;0.86138;0;T;True;2
1621221585000;11488901;0.86132;0.86144;0.86138;0;T;True;2
1621221586000;11488902;0.86132;0.86144;0.86138;0;T;True;2
1621221587000;11488903;0.86132;0.86144;0.86138;0;T;True;2
1621221588000;11488904;0.86132;0.86144;0.86138;0;T;True;2
1621221589000;11488905;0.86132;0.86144;0.86138;0;T;True;2
1621221590000;11488907;0.86131;0.86143;0.86137;1;T;True;2
1621221591000;11488909;0.86132;0.86144;0.86138;1;T;True;2
1621221592000;11488911;0.86131;0.86143;0.86137;1;T;True;2
1621221593000;11488912;0.86131;0.86143;0.86137;0;T;True;2
1621221594000;11488913;0.86131;0.86143;0.86137;0;T;True;2
1621221595000;11488914;0.86131;0.86143;0.86137;0;T;True;2
1621221596000;11488915;0.86131;0.86143;0.86137;0;T;True;2
1621221597000;11488916;0.86131;0.86143;0.86137;0;T;True;2
1621221598000;11488917;0.86131;0.86143;0.86137;0;T;True;2
1621221599000;11488918;0.86131;0.86143;0.86137;0;T;True;2
1621221600000;11488919;0.86131;0.86143;0.86137;0;T;True;2
1621221601000;11488920;0.86131;0.86143;0.86137;0;T;True;2
1621221602000;11488921;0.86131;0.86143;0.86137;0;T;True;2
1621221603000;11488922;0.86131;0.86143;0.86137;0;T;True;2
1621221604000;11488923;0.86131;0.86143;0.86137;0;T;True;2
1621221605000;11488924;0.86131;0.86143;0.86137;0;T;True;2
1621221606000;11488926;0.86132;0.86144;0.86138;1;T;True;2
1621221607000;11488928;0.86133;0.86145;0.86139;1;T;True;2
1621221608000;11488929;0.86133;0.86145;0.86139;0;T;True;2
1621221609000;11488930;0.86133;0.86145;0.86139;0;T;True;2
1621221610000;11488931;0.86133;0.86145;0.86139;0;T;True;2
1621221611000;11488932;0.86133;0.86145;0.86139;0;T;True;2
1621221612000;11488933;0.86133;0.86145;0.86139;0;T;True;2
1621221613000;11488934;0.86133;0.86145;0.86139;0;T;True;2
1621221614000;11488935;0.86133;0.86145;0.86139;0;T;True;2
1621221615000;11488937;0.86132;0.86144;0.86138;1;T;True;2
1621221616000;11488938;0.86132;0.86144;0.86138;0;T;True;2
1621221617000;11488939;0.86132;0.86144;0.86138;0;T;True;2
1621221618000;11488940;0.86132;0.86144;0.86138;0;T;True;2
1621221619000;11488941;0.86132;0.86144;0.86138;0;T;True;2
1621221620000;11488942;0.86132;0.86144;0.86138;0;T;True;2
1621221621000;11488943;0.86132;0.86144;0.86138;0;T;True;2
1621221622000;11488944;0.86132;0.86144;0.86138;0;T;True;2
1621221623000;11488945;0.86132;0.86144;0.86138;0;T;True;2
1621221624000;11488946;0.86132;0.86144;0.86138;0;T;True;2
1621221625000;11488947;0.86132;0.86144;0.86138;0;T;True;2
1621221626000;11488948;0.86132;0.86144;0.86138;0;T;True;2
1621221627000;11488949;0.86132;0.86144;0.86138;0;T;True;2
1621221628000;11488950;0.86132;0.86144;0.86138;0;T;True;2
1621221629000;11488951;0.86132;0.86144;0.86138;0;T;True;2
1621221630000;11488952;0.86132;0.86144;0.86138;0;T;True;2
1621221631000;11488953;0.86132;0.86144;0.86138;0;T;True;2
1621221632000;11488955;0.86131;0.86143;0.86137;1;T;True;2
1621221633000;11488956;0.86131;0.86143;0.86137;0;T;True;2
1621221634000;11488957;0.86131;0.86143;0.86137;0;T;True;2
1621221635000;11488958;0.86131;0.86143;0.86137;0;T;True;2
1621221636000;11488959;0.86131;0.86143;0.86137;0;T;True;2
1621221637000;11488960;0.86131;0.86143;0.86137;0;T;True;2
1621221638000;11488961;0.86131;0.86143;0.86137;0;T;True;2
1621221639000;11488962;0.86131;0.86143;0.86137;0;T;True;2
1621221640000;11488963;0.86131;0.86143;0.86137;0;T;True;2
1621221641000;11488964;0.86131;0.86143;0.86137;0;T;True;2
1621221642000;11488965;0.86131;0.86143;0.86137;0;T;True;2
1621221643000;11488966;0.86131;0.86143;0.86137;0;T;True;2
1621221644000;11488967;0.86131;0.86143;0.86137;0;T;True;2
1621221645000;11488968;0.86131;0.86143;0.86137;0;T;True;2
1621221646000;11488969;0.86131;0.86143;0.86137;0;T;True;2
1621221647000;11488970;0.86131;0.86143;0.86137;0;T;True;2
1621221648000;11488972;0.86133;0.86145;0.86139;1;T;True;2
1621221649000;11488973;0.86133;0.86145;0.86139;0;T;True;2
1621221650000;11488974;0.86133;0.86145;0.86139;0;T;True;2
1621221651000;11488975;0.86133;0.86145;0.86139;0;T;True;2
1621221652000;11488976;0.86133;0.86145;0.86139;0;T;True;2
1621221653000;11488977;0.86133;0.86145;0.86139;0;T;True;2
1621221654000;11488978;0.86133;0.86145;0.86139;0;T;True;2
1621221655000;11488982;0.86135;0.86147;0.86141;3;T;True;2
1621221656000;11488983;0.86135;0.86147;0.86141;0;T;True;2
1621221657000;11488986;0.86135;0.86147;0.86141;2;T;True;2
1621221658000;11488987;0.86135;0.86147;0.86141;0;T;True;2
1621221659000;11488988;0.86135;0.86147;0.86141;0;T;True;2
1621221660000;11488989;0.86135;0.86147;0.86141;0;T;True;2
1621221661000;11488990;0.86135;0.86147;0.86141;0;T;True;2
1621221662000;11488992;0.86135;0.86147;0.86141;1;T;True;2
1621221663000;11488993;0.86135;0.86147;0.86141;0;T;True;2
1621221664000;11488995;0.86135;0.86147;0.86141;1;T;True;2
1621221665000;11488996;0.86135;0.86147;0.86141;0;T;True;2
1621221666000;11488998;0.86135;0.86147;0.86141;1;T;True;2
1621221667000;11488999;0.86135;0.86147;0.86141;0;T;True;2
1621221668000;11489000;0.86135;0.86147;0.86141;0;T;True;2
1621221669000;11489001;0.86135;0.86147;0.86141;0;T;True;2
1621221670000;11489002;0.86135;0.86147;0.86141;0;T;True;2
1621221671000;11489004;0.86135;0.86147;0.86141;1;T;True;2
1621221672000;11489005;0.86135;0.86147;0.86141;0;T;True;2
1621221673000;11489006;0.86135;0.86147;0.86141;0;T;True;2
1621221674000;11489007;0.86135;0.86147;0.86141;0;T;True;2
1621221675000;11489008;0.86135;0.86147;0.86141;0;T;True;2
1621221676000;11489009;0.86135;0.86147;0.86141;0;T;True;2
1621221677000;11489010;0.86135;0.86147;0.86141;0;T;True;2
1621221678000;11489011;0.86135;0.86147;0.86141;0;T;True;2
1621221679000;11489012;0.86135;0.86147;0.86141;0;T;True;2
1621221680000;11489013;0.86135;0.86147;0.86141;0;T;True;2
1621221681000;11489014;0.86135;0.86147;0.86141;0;T;True;2
1621221682000;11489015;0.86135;0.86147;0.86141;0;T;True;2
1621221683000;11489016;0.86135;0.86147;0.86141;0;T;True;2
1621221684000;11489017;0.86135;0.86147;0.86141;0;T;True;2
1621221685000;11489018;0.86135;0.86147;0.86141;0;T;True;2
1621221686000;11489019;0.86135;0.86147;0.86141;0;T;True;2
1621221687000;11489020;0.86135;0.86147;0.86141;0;T;True;2
1621221688000;11489021;0.86135;0.86147;0.86141;0;T;True;2
1621221689000;11489022;0.86135;0.86147;0.86141;0;T;True;2
1621221690000;11489023;0.86135;0.86147;0.86141;0;T;True;2
1621221691000;11489024;0.86135;0.86147;0.86141;0;T;True;2
1621221692000;11489025;0.86135;0.86147;0.86141;0;T;True;2
1621221693000;11489028;0.86137;0.86149;0.86143;2;T;True;2
1621221694000;11489029;0.86137;0.86149;0.86143;0;T;True;2
1621221695000;11489030;0.86137;0.86149;0.86143;0;T;True;2
1621221696000;11489033;0.86137;0.86149;0.86143;2;T;True;2
1621221697000;11489034;0.86137;0.86149;0.86143;0;T;True;2
1621221698000;11489035;0.86137;0.86149;0.86143;0;T;True;2
1621221699000;11489036;0.86137;0.86149;0.86143;0;T;True;2
1621221700000;11489038;0.86137;0.86149;0.86143;1;T;True;2
1621221701000;11489039;0.86137;0.86149;0.86143;0;T;True;2
1621221702000;11489040;0.86137;0.86149;0.86143;0;T;True;2
1621221703000;11489041;0.86137;0.86149;0.86143;0;T;True;2
1621221704000;11489042;0.86137;0.86149;0.86143;0;T;True;2
1621221705000;11489043;0.86137;0.86149;0.86143;0;T;True;2
1621221706000;11489044;0.86137;0.86149;0.86143;0;T;True;2
1621221707000;11489045;0.86137;0.86149;0.86143;0;T;True;2
1621221708000;11489047;0.86137;0.86149;0.86143;1;T;True;2
1621221709000;11489049;0.86137;0.86149;0.86143;1;T;True;2
1621221710000;11489050;0.86137;0.86149;0.86143;0;T;True;2
1621221711000;11489051;0.86137;0.86149;0.86143;0;T;True;2
1621221712000;11489052;0.86137;0.86149;0.86143;0;T;True;2
1621221713000;11489053;0.86137;0.86149;0.86143;0;T;True;2
1621221714000;11489054;0.86137;0.86149;0.86143;0;T;True;2
1621221715000;11489055;0.86137;0.86149;0.86143;0;T;True;2
1621221716000;11489059;0.86137;0.86149;0.86143;3;T;True;2
1621221717000;11489060;0.86137;0.86149;0.86143;0;T;True;2
1621221718000;11489061;0.86137;0.86149;0.86143;0;T;True;2
1621221719000;11489062;0.86137;0.86149;0.86143;0;T;True;2
1621221720000;11489064;0.86137;0.86149;0.86143;1;T;True;2
1621221721000;11489068;0.86135;0.86147;0.86141;3;T;True;2
1621221722000;11489069;0.86135;0.86147;0.86141;0;T;True;2
1621221723000;11489071;0.86137;0.86149;0.86143;1;T;True;2
1621221724000;11489072;0.86137;0.86149;0.86143;0;T;True;2
1621221725000;11489073;0.86137;0.86149;0.86143;0;T;True;2
1621221726000;11489074;0.86137;0.86149;0.86143;0;T;True;2
1621221727000;11489075;0.86137;0.86149;0.86143;0;T;True;2
1621221728000;11489076;0.86137;0.86149;0.86143;0;T;True;2
1621221729000;11489077;0.86137;0.86149;0.86143;0;T;True;2
1621221730000;11489078;0.86137;0.86149;0.86143;0;T;True;2
1621221731000;11489079;0.86137;0.86149;0.86143;0;T;True;2
1621221732000;11489080;0.86137;0.86149;0.86143;0;T;True;2
1621221733000;11489082;0.86138;0.8615;0.86144;1;T;True;2
1621221734000;11489083;0.86138;0.8615;0.86144;0;T;True;2
1621221735000;11489084;0.86138;0.8615;0.86144;0;T;True;2
1621221736000;11489085;0.86138;0.8615;0.86144;0;T;True;2
1621221737000;11489086;0.86138;0.8615;0.86144;0;T;True;2
1621221738000;11489087;0.86138;0.8615;0.86144;0;T;True;2
1621221739000;11489088;0.86138;0.8615;0.86144;0;T;True;2
1621221740000;11489089;0.86138;0.8615;0.86144;0;T;True;2
1621221741000;11489090;0.86138;0.8615;0.86144;0;T;True;2
1621221742000;11489092;0.86137;0.86149;0.86143;1;T;True;2
1621221743000;11489093;0.86137;0.86149;0.86143;0;T;True;2
1621221744000;11489094;0.86137;0.86149;0.86143;0;T;True;2
1621221745000;11489095;0.86137;0.86149;0.86143;0;T;True;2
1621221746000;11489096;0.86137;0.86149;0.86143;0;T;True;2
1621221747000;11489097;0.86137;0.86149;0.86143;0;T;True;2
1621221748000;11489102;0.86136;0.86148;0.86142;4;T;True;2
1621221749000;11489103;0.86136;0.86148;0.86142;0;T;True;2
1621221750000;11489104;0.86136;0.86148;0.86142;0;T;True;2
1621221751000;11489105;0.86136;0.86148;0.86142;0;T;True;2
1621221752000;11489106;0.86136;0.86148;0.86142;0;T;True;2
1621221753000;11489107;0.86136;0.86148;0.86142;0;T;True;2
1621221754000;11489109;0.86137;0.86149;0.86143;1;T;True;2
1621221755000;11489112;0.86137;0.86149;0.86143;2;T;True;2
1621221756000;11489115;0.86137;0.86149;0.86143;2;T;True;2
1621221757000;11489116;0.86137;0.86149;0.86143;0;T;True;2
1621221758000;11489117;0.86137;0.86149;0.86143;0;T;True;2
1621221759000;11489119;0.86138;0.8615;0.86144;1;T;True;2
1621221760000;11489120;0.86138;0.8615;0.86144;0;T;True;2
1621221761000;11489121;0.86138;0.8615;0.86144;0;T;True;2
1621221762000;11489122;0.86138;0.8615;0.86144;0;T;True;2
1621221763000;11489123;0.86138;0.8615;0.86144;0;T;True;2
1621221764000;11489124;0.86138;0.8615;0.86144;0;T;True;2
1621221765000;11489126;0.86137;0.86149;0.86143;1;T;True;2
1621221766000;11489127;0.86137;0.86149;0.86143;0;T;True;2
1621221767000;11489128;0.86137;0.86149;0.86143;0;T;True;2
1621221768000;11489129;0.86137;0.86149;0.86143;0;T;True;2
1621221769000;11489130;0.86137;0.86149;0.86143;0;T;True;2
1621221770000;11489131;0.86137;0.86149;0.86143;0;T;True;2
1621221771000;11489132;0.86137;0.86149;0.86143;0;T;True;2
1621221772000;11489133;0.86137;0.86149;0.86143;0;T;True;2
1621221773000;11489134;0.86137;0.86149;0.86143;0;T;True;2
1621221774000;11489135;0.86137;0.86149;0.86143;0;T;True;2
1621221775000;11489136;0.86137;0.86149;0.86143;0;T;True;2
1621221776000;11489137;0.86137;0.86149;0.86143;0;T;True;2
1621221777000;11489138;0.86137;0.86149;0.86143;0;T;True;2
1621221778000;11489139;0.86137;0.86149;0.86143;0;T;True;2
1621221779000;11489143;0.86141;0.86153;0.86147;3;T;True;2
1621221780000;11489144;0.86141;0.86153;0.86147;0;T;True;2
1621221781000;11489145;0.86141;0.86153;0.86147;0;T;True;2
1621221782000;11489146;0.86141;0.86153;0.86147;0;T;True;2
1621221783000;11489147;0.86141;0.86153;0.86147;0;T;True;2
1621221784000;11489148;0.86141;0.86153;0.86147;0;T;True;2
1621221785000;11489149;0.86141;0.86153;0.86147;0;T;True;2
1621221786000;11489150;0.86141;0.86153;0.86147;0;T;True;2
1621221787000;11489151;0.86141;0.86153;0.86147;0;T;True;2
1621221788000;11489155;0.86142;0.86154;0.86148;3;T;True;2
1621221789000;11489158;0.86144;0.86156;0.8615;2;T;True;2
1621221790000;11489159;0.86144;0.86156;0.8615;0;T;True;2
1621221791000;11489160;0.86144;0.86156;0.8615;0;T;True;2
1621221792000;11489161;0.86144;0.86156;0.8615;0;T;True;2
1621221793000;11489164;0.86143;0.86155;0.86149;2;T;True;2
1621221794000;11489169;0.8614;0.86152;0.86146;4;T;True;2
1621221795000;11489171;0.86141;0.86153;0.86147;1;T;True;2
1621221796000;11489172;0.86141;0.86153;0.86147;0;T;True;2
1621221797000;11489173;0.86141;0.86153;0.86147;0;T;True;2
1621221798000;11489174;0.86141;0.86153;0.86147;0;T;True;2
1621221799000;11489175;0.86141;0.86153;0.86147;0;T;True;2
1621221800000;11489176;0.86141;0.86153;0.86147;0;T;True;2
1621221801000;11489177;0.86141;0.86153;0.86147;0;T;True;2
1621221802000;11489178;0.86141;0.86153;0.86147;0;T;True;2
1621221803000;11489179;0.86141;0.86153;0.86147;0;T;True;2
1621221804000;11489181;0.86143;0.86155;0.86149;1;T;True;2
1621221805000;11489182;0.86143;0.86155;0.86149;0;T;True;2
1621221806000;11489183;0.86143;0.86155;0.86149;0;T;True;2
1621221807000;11489184;0.86143;0.86155;0.86149;0;T;True;2
1621221808000;11489185;0.86143;0.86155;0.86149;0;T;True;2
1621221809000;11489186;0.86143;0.86155;0.86149;0;T;True;2
1621221810000;11489187;0.86143;0.86155;0.86149;0;T;True;2
1621221811000;11489188;0.86143;0.86155;0.86149;0;T;True;2
1621221812000;11489189;0.86143;0.86155;0.86149;0;T;True;2
1621221813000;11489190;0.86143;0.86155;0.86149;0;T;True;2
1621221814000;11489192;0.86141;0.86153;0.86147;1;T;True;2
1621221815000;11489193;0.86141;0.86153;0.86147;0;T;True;2
1621221816000;11489194;0.86141;0.86153;0.86147;0;T;True;2
1621221817000;11489195;0.86141;0.86153;0.86147;0;T;True;2
1621221818000;11489196;0.86141;0.86153;0.86147;0;T;True;2
1621221819000;11489197;0.86141;0.86153;0.86147;0;T;True;2
1621221820000;11489198;0.86141;0.86153;0.86147;0;T;True;2
1621221821000;11489200;0.86142;0.86154;0.86148;1;T;True;2
1621221822000;11489203;0.86143;0.86155;0.86149;2;T;True;2
1621221823000;11489204;0.86143;0.86155;0.86149;0;T;True;2
1621221824000;11489205;0.86143;0.86155;0.86149;0;T;True;2
1621221825000;11489206;0.86143;0.86155;0.86149;0;T;True;2
1621221826000;11489207;0.86143;0.86155;0.86149;0;T;True;2
1621221827000;11489208;0.86143;0.86155;0.86149;0;T;True;2
1621221828000;11489209;0.86143;0.86155;0.86149;0;T;True;2
1621221829000;11489211;0.86141;0.86153;0.86147;1;T;True;2
1621221830000;11489212;0.86141;0.86153;0.86147;0;T;True;2
1621221831000;11489213;0.86141;0.86153;0.86147;0;T;True;2
1621221832000;11489215;0.86142;0.86154;0.86148;1;T;True;2
1621221833000;11489220;0.86141;0.86153;0.86147;4;T;True;2
1621221834000;11489221;0.86141;0.86153;0.86147;0;T;True;2
1621221835000;11489223;0.8614;0.86152;0.86146;1;T;True;2
1621221836000;11489227;0.86141;0.86153;0.86147;3;T;True;2
1621221837000;11489229;0.86141;0.86153;0.86147;1;T;True;2
1621221838000;11489232;0.86143;0.86155;0.86149;2;T;True;2
1621221839000;11489233;0.86143;0.86155;0.86149;0;T;True;2
1621221840000;11489236;0.8614;0.86152;0.86146;2;T;True;2
1621221841000;11489239;0.8614;0.86152;0.86146;2;T;True;2
1621221842000;11489240;0.8614;0.86152;0.86146;0;T;True;2
1621221843000;11489243;0.8614;0.86152;0.86146;2;T;True;2
1621221844000;11489244;0.8614;0.86152;0.86146;0;T;True;2
1621221845000;11489245;0.8614;0.86152;0.86146;0;T;True;2
1621221846000;11489248;0.86139;0.86151;0.86145;2;T;True;2
1621221847000;11489251;0.86139;0.86151;0.86145;2;T;True;2
1621221848000;11489253;0.86139;0.86151;0.86145;1;T;True;2
1621221849000;11489255;0.8614;0.86152;0.86146;1;T;True;2
1621221850000;11489258;0.8614;0.86152;0.86146;2;T;True;2
1621221851000;11489259;0.8614;0.86152;0.86146;0;T;True;2
1621221852000;11489260;0.8614;0.86152;0.86146;0;T;True;2
1621221853000;11489261;0.8614;0.86152;0.86146;0;T;True;2
1621221854000;11489262;0.8614;0.86152;0.86146;0;T;True;2
1621221855000;11489263;0.8614;0.86152;0.86146;0;T;True;2
1621221856000;11489265;0.8614;0.86152;0.86146;1;T;True;2
1621221857000;11489273;0.86137;0.86149;0.86143;7;T;True;2
1621221858000;11489276;0.86136;0.86148;0.86142;2;T;True;2
1621221859000;11489278;0.86137;0.86149;0.86143;1;T;True;2
1621221860000;11489279;0.86137;0.86149;0.86143;0;T;True;2
1621221861000;11489280;0.86137;0.86149;0.86143;0;T;True;2
1621221862000;11489281;0.86137;0.86149;0.86143;0;T;True;2
1621221863000;11489282;0.86137;0.86149;0.86143;0;T;True;2
1621221864000;11489287;0.86134;0.86146;0.8614;4;T;True;2
1621221865000;11489290;0.86134;0.86146;0.8614;2;T;True;2
1621221866000;11489296;0.86134;0.86146;0.8614;5;T;True;2
1621221867000;11489297;0.86134;0.86146;0.8614;0;T;True;2
1621221868000;11489299;0.86134;0.86146;0.8614;1;T;True;2
1621221869000;11489305;0.86135;0.86147;0.86141;5;T;True;2
1621221870000;11489306;0.86135;0.86147;0.86141;0;T;True;2
1621221871000;11489307;0.86135;0.86147;0.86141;0;T;True;2
1621221872000;11489308;0.86135;0.86147;0.86141;0;T;True;2
1621221873000;11489309;0.86135;0.86147;0.86141;0;T;True;2
1621221874000;11489317;0.86131;0.86143;0.86137;7;T;True;2
1621221875000;11489320;0.86132;0.86144;0.86138;2;T;True;2
1621221876000;11489322;0.86131;0.86143;0.86137;1;T;True;2
1621221877000;11489323;0.86131;0.86143;0.86137;0;T;True;2
1621221878000;11489324;0.86131;0.86143;0.86137;0;T;True;2
1621221879000;11489325;0.86131;0.86143;0.86137;0;T;True;2
1621221880000;11489327;0.8613;0.86142;0.86136;1;T;True;2
1621221881000;11489328;0.8613;0.86142;0.86136;0;T;True;2
1621221882000;11489329;0.8613;0.86142;0.86136;0;T;True;2
1621221883000;11489332;0.86133;0.86145;0.86139;2;T;True;2
1621221884000;11489333;0.86133;0.86145;0.86139;0;T;True;2
1621221885000;11489334;0.86133;0.86145;0.86139;0;T;True;2
1621221886000;11489335;0.86133;0.86145;0.86139;0;T;True;2
1621221887000;11489336;0.86133;0.86145;0.86139;0;T;True;2
1621221888000;11489337;0.86133;0.86145;0.86139;0;T;True;2
1621221889000;11489339;0.86132;0.86144;0.86138;1;T;True;2
1621221890000;11489342;0.86132;0.86144;0.86138;2;T;True;2
1621221891000;11489344;0.86132;0.86144;0.86138;1;T;True;2
1621221892000;11489345;0.86132;0.86144;0.86138;0;T;True;2
1621221893000;11489348;0.86131;0.86143;0.86137;2;T;True;2
1621221894000;11489349;0.86131;0.86143;0.86137;0;T;True;2
1621221895000;11489350;0.86131;0.86143;0.86137;0;T;True;2
1621221896000;11489353;0.86129;0.86141;0.86135;2;T;True;2
1621221897000;11489354;0.86129;0.86141;0.86135;0;T;True;2
1621221898000;11489355;0.86129;0.86141;0.86135;0;T;True;2
1621221899000;11489357;0.86129;0.86141;0.86135;1;T;True;2
1621221900000;11489358;0.86129;0.86141;0.86135;0;T;True;2
1621221901000;11489359;0.86129;0.86141;0.86135;0;T;True;2
1621221902000;11489360;0.86129;0.86141;0.86135;0;T;True;2
1621221903000;11489362;0.8613;0.86142;0.86136;1;T;True;2
1621221904000;11489364;0.86131;0.86143;0.86137;1;T;True;2
1621221905000;11489365;0.86131;0.86143;0.86137;0;T;True;2
1621221906000;11489367;0.86131;0.86143;0.86137;1;T;True;2
1621221907000;11489368;0.86131;0.86143;0.86137;0;T;True;2
1621221908000;11489372;0.86131;0.86143;0.86137;3;T;True;2
1621221909000;11489373;0.86131;0.86143;0.86137;0;T;True;2
1621221910000;11489374;0.86131;0.86143;0.86137;0;T;True;2
1621221911000;11489375;0.86131;0.86143;0.86137;0;T;True;2
1621221912000;11489376;0.86131;0.86143;0.86137;0;T;True;2
1621221913000;11489377;0.86131;0.86143;0.86137;0;T;True;2
1621221914000;11489378;0.86131;0.86143;0.86137;0;T;True;2
1621221915000;11489379;0.86131;0.86143;0.86137;0;T;True;2
1621221916000;11489380;0.86131;0.86143;0.86137;0;T;True;2
1621221917000;11489381;0.86131;0.86143;0.86137;0;T;True;2
1621221918000;11489382;0.86131;0.86143;0.86137;0;T;True;2
1621221919000;11489386;0.86129;0.86141;0.86135;3;T;True;2
1621221920000;11489389;0.86129;0.86141;0.86135;2;T;True;2
1621221921000;11489392;0.86129;0.86141;0.86135;2;T;True;2
1621221922000;11489393;0.86129;0.86141;0.86135;0;T;True;2
1621221923000;11489395;0.8613;0.86142;0.86136;1;T;True;2
1621221924000;11489396;0.8613;0.86142;0.86136;0;T;True;2
1621221925000;11489397;0.8613;0.86142;0.86136;0;T;True;2
1621221926000;11489398;0.8613;0.86142;0.86136;0;T;True;2
1621221927000;11489402;0.86125;0.86137;0.86131;3;T;True;2
1621221928000;11489408;0.86123;0.86135;0.86129;5;T;True;2
1621221929000;11489409;0.86123;0.86135;0.86129;0;T;True;2
1621221930000;11489414;0.86125;0.86137;0.86131;4;T;True;2
1621221931000;11489416;0.86125;0.86137;0.86131;1;T;True;2
1621221932000;11489417;0.86125;0.86137;0.86131;0;T;True;2
1621221933000;11489418;0.86125;0.86137;0.86131;0;T;True;2
1621221934000;11489419;0.86125;0.86137;0.86131;0;T;True;2
1621221935000;11489420;0.86125;0.86137;0.86131;0;T;True;2
1621221936000;11489421;0.86125;0.86137;0.86131;0;T;True;2
1621221937000;11489422;0.86125;0.86137;0.86131;0;T;True;2
1621221938000;11489423;0.86125;0.86137;0.86131;0;T;True;2
1621221939000;11489424;0.86125;0.86137;0.86131;0;T;True;2
1621221940000;11489425;0.86125;0.86137;0.86131;0;T;True;2
1621221941000;11489427;0.86125;0.86137;0.86131;1;T;True;2
1621221942000;11489428;0.86125;0.86137;0.86131;0;T;True;2
1621221943000;11489429;0.86125;0.86137;0.86131;0;T;True;2
1621221944000;11489430;0.86125;0.86137;0.86131;0;T;True;2
1621221945000;11489431;0.86125;0.86137;0.86131;0;T;True;2
1621221946000;11489432;0.86125;0.86137;0.86131;0;T;True;2
1621221947000;11489433;0.86125;0.86137;0.86131;0;T;True;2
1621221948000;11489434;0.86125;0.86137;0.86131;0;T;True;2
1621221949000;11489443;0.86125;0.86137;0.86131;8;T;True;2
1621221950000;11489446;0.86125;0.86137;0.86131;2;T;True;2
1621221951000;11489447;0.86125;0.86137;0.86131;0;T;True;2
1621221952000;11489456;0.86129;0.86141;0.86135;8;T;True;2
1621221953000;11489459;0.86129;0.86141;0.86135;2;T;True;2
1621221954000;11489460;0.86129;0.86141;0.86135;0;T;True;2
1621221955000;11489464;0.86129;0.86141;0.86135;3;T;True;2
1621221956000;11489467;0.86129;0.86141;0.86135;2;T;True;2
1621221957000;11489470;0.86129;0.86141;0.86135;2;T;True;2
1621221958000;11489474;0.86126;0.86138;0.86132;3;T;True;2
1621221959000;11489478;0.86127;0.86139;0.86133;3;T;True;2
1621221960000;11489479;0.86127;0.86139;0.86133;0;T;True;2
1621221961000;11489483;0.86124;0.86136;0.8613;3;T;True;2
1621221962000;11489485;0.86123;0.86135;0.86129;1;T;True;2
1621221963000;11489486;0.86123;0.86135;0.86129;0;T;True;2
1621221964000;11489489;0.86121;0.86133;0.86127;2;T;True;2
1621221965000;11489491;0.86121;0.86133;0.86127;1;T;True;2
1621221966000;11489495;0.86121;0.86133;0.86127;3;T;True;2
1621221967000;11489496;0.86121;0.86133;0.86127;0;T;True;2
1621221968000;11489497;0.86121;0.86133;0.86127;0;T;True;2
1621221969000;11489501;0.86122;0.86134;0.86128;3;T;True;2
1621221970000;11489502;0.86122;0.86134;0.86128;0;T;True;2
1621221971000;11489503;0.86122;0.86134;0.86128;0;T;True;2
1621221972000;11489504;0.86122;0.86134;0.86128;0;T;True;2
1621221973000;11489505;0.86122;0.86134;0.86128;0;T;True;2
1621221974000;11489507;0.86123;0.86135;0.86129;1;T;True;2
1621221975000;11489508;0.86123;0.86135;0.86129;0;T;True;2
1621221976000;11489511;0.86124;0.86136;0.8613;2;T;True;2
1621221977000;11489512;0.86124;0.86136;0.8613;0;T;True;2
1621221978000;11489513;0.86124;0.86136;0.8613;0;T;True;2
1621221979000;11489522;0.86127;0.86139;0.86133;8;T;True;2
1621221980000;11489527;0.86127;0.86139;0.86133;4;T;True;2
1621221981000;11489528;0.86127;0.86139;0.86133;0;T;True;2
1621221982000;11489531;0.86129;0.86141;0.86135;2;T;True;2
1621221983000;11489534;0.8613;0.86142;0.86136;2;T;True;2
1621221984000;11489535;0.8613;0.86142;0.86136;0;T;True;2
1621221985000;11489536;0.8613;0.86142;0.86136;0;T;True;2
1621221986000;11489539;0.8613;0.86142;0.86136;2;T;True;2
1621221987000;11489540;0.8613;0.86142;0.86136;0;T;True;2
1621221988000;11489541;0.8613;0.86142;0.86136;0;T;True;2
