ts;n;bid;ask;value;volume;phase;round;active_id
1621231062000;11501775;0.86096;0.86108;0.86102;0;T;True;2
1621231063000;11501776;0.86096;0.86108;0.86102;0;T;True;2
1621231064000;11501777;0.86096;0.86108;0.86102;0;T;True;2
1621231065000;11501778;0.86096;0.86108;0.86102;0;T;True;2
1621231066000;11501779;0.86096;0.86108;0.86102;0;T;True;2
1621231067000;11501780;0.86096;0.86108;0.86102;0;T;True;2
1621231068000;11501781;0.86096;0.86108;0.86102;0;T;True;2
1621231069000;11501782;0.86096;0.86108;0.86102;0;T;True;2
1621231070000;11501783;0.86096;0.86108;0.86102;0;T;True;2
1621231071000;11501784;0.86096;0.86108;0.86102;0;T;True;2
1621231072000;11501785;0.86096;0.86108;0.86102;0;T;True;2
1621231073000;11501786;0.86096;0.86108;0.86102;0;T;True;2
1621231074000;11501787;0.86096;0.86108;0.86102;0;T;True;2
1621231075000;11501788;0.86096;0.86108;0.86102;0;T;True;2
1621231076000;11501789;0.86096;0.86108;0.86102;0;T;True;2
1621231077000;11501790;0.86096;0.86108;0.86102;0;T;True;2
1621231078000;11501791;0.86096;0.86108;0.86102;0;T;True;2
1621231079000;11501792;0.86096;0.86108;0.86102;0;T;True;2
1621231080000;11501793;0.86096;0.86108;0.86102;0;T;True;2
1621231081000;11501794;0.86096;0.86108;0.86102;0;T;True;2
1621231082000;11501799;0.86098;0.8611;0.86104;4;T;True;2
1621231083000;11501800;0.86098;0.8611;0.86104;0;T;True;2
1621231084000;11501801;0.86098;0.8611;0.86104;0;T;True;2
1621231085000;11501804;0.86098;0.8611;0.86104;2;T;True;2
1621231086000;11501806;0.86098;0.8611;0.86104;1;T;True;2
1621231087000;11501807;0.86098;0.8611;0.86104;0;T;True;2
1621231088000;11501808;0.86098;0.8611;0.86104;0;T;True;2
1621231089000;11501809;0.86098;0.8611;0.86104;0;T;True;2
1621231090000;11501812;0.86098;0.8611;0.86104;2;T;True;2
1621231091000;11501813;0.86098;0.8611;0.86104;0;T;True;2
1621231092000;11501814;0.86098;0.8611;0.86104;0;T;True;2
1621231093000;11501815;0.86098;0.8611;0.86104;0;T;True;2
1621231094000;11501816;0.86098;0.8611;0.86104;0;T;True;2
1621231095000;11501818;0.86099;0.86111;0.86105;1;T;True;2
1621231096000;11501819;0.86099;0.86111;0.86105;0;T;True;2
1621231097000;11501820;0.86099;0.86111;0.86105;0;T;True;2
1621231098000;11501821;0.86099;0.86111;0.86105;0;T;True;2
1621231099000;11501822;0.86099;0.86111;0.86105;0;T;True;2
1621231100000;11501823;0.86099;0.86111;0.86105;0;T;True;2
1621231101000;11501824;0.86099;0.86111;0.86105;0;T;True;2
1621231102000;11501827;0.86099;0.86111;0.86105;2;T;True;2
1621231103000;11501829;0.86099;0.86111;0.86105;1;T;True;2
1621231104000;11501833;0.86102;0.86114;0.86108;3;T;True;2
1621231105000;11501835;0.86103;0.86115;0.86109;1;T;True;2
1621231106000;11501836;0.86103;0.86115;0.86109;0;T;True;2
1621231107000;11501837;0.86103;0.86115;0.86109;0;T;True;2
1621231108000;11501838;0.86103;0.86115;0.86109;0;T;True;2
1621231109000;11501839;0.86103;0.86115;0.86109;0;T;True;2
1621231110000;11501840;0.86103;0.86115;0.86109;0;T;True;2
1621231111000;11501841;0.86103;0.86115;0.86109;0;T;True;2
1621231112000;11501847;0.86099;0.86111;0.86105;5;T;True;2
1621231113000;11501848;0.86099;0.86111;0.86105;0;T;True;2
1621231114000;11501849;0.86099;0.86111;0.86105;0;T;True;2
1621231115000;11501850;0.86099;0.86111;0.86105;0;T;True;2
1621231116000;11501851;0.86099;0.86111;0.86105;0;T;True;2
1621231117000;11501852;0.86099;0.86111;0.86105;0;T;True;2
1621231118000;11501854;0.86099;0.86111;0.86105;1;T;True;2
1621231119000;11501855;0.86099;0.86111;0.86105;0;T;True;2
1621231120000;11501856;0.86099;0.86111;0.86105;0;T;True;2
1621231121000;11501857;0.86099;0.86111;0.86105;0;T;True;2
1621231122000;11501858;0.86099;0.86111;0.86105;0;T;True;2
1621231123000;11501861;0.86099;0.86111;0.86105;2;T;True;2
1621231124000;11501867;0.861;0.86112;0.86106;5;T;True;2
1621231125000;11501868;0.861;0.86112;0.86106;0;T;True;2
1621231126000;11501869;0.861;0.86112;0.86106;0;T;True;2
1621231127000;11501870;0.861;0.86112;0.86106;0;T;True;2
1621231128000;11501871;0.861;0.86112;0.86106;0;T;True;2
1621231129000;11501872;0.861;0.86112;0.86106;0;T;True;2
1621231130000;11501873;0.861;0.86112;0.86106;0;T;True;2
1621231131000;11501874;0.861;0.86112;0.86106;0;T;True;2
1621231132000;11501876;0.861;0.86112;0.86106;1;T;True;2
1621231133000;11501878;0.86101;0.86113;0.86107;1;T;True;2
1621231134000;11501879;0.86101;0.86113;0.86107;0;T;True;2
1621231135000;11501880;0.86101;0.86113;0.86107;0;T;True;2
1621231136000;11501881;0.86101;0.86113;0.86107;0;T;True;2
1621231137000;11501882;0.86101;0.86113;0.86107;0;T;True;2
1621231138000;11501883;0.86101;0.86113;0.86107;0;T;True;2
1621231139000;11501885;0.86101;0.86113;0.86107;1;T;True;2
1621231140000;11501886;0.86101;0.86113;0.86107;0;T;True;2
1621231141000;11501887;0.86101;0.86113;0.86107;0;T;True;2
1621231142000;11501889;0.86101;0.86113;0.86107;1;T;True;2
1621231143000;11501890;0.86101;0.86113;0.86107;0;T;True;2
1621231144000;11501892;0.86099;0.86111;0.86105;1;T;True;2
1621231145000;11501893;0.86099;0.86111;0.86105;0;T;True;2
1621231146000;11501894;0.86099;0.86111;0.86105;0;T;True;2
1621231147000;11501895;0.86099;0.86111;0.86105;0;T;True;2
1621231148000;11501897;0.861;0.86112;0.86106;1;T;True;2
1621231149000;11501898;0.861;0.86112;0.86106;0;T;True;2
1621231150000;11501899;0.861;0.86112;0.86106;0;T;True;2
1621231151000;11501904;0.86096;0.86108;0.86102;4;T;True;2
1621231152000;11501906;0.86095;0.86107;0.86101;1;T;True;2
1621231153000;11501911;0.86092;0.86104;0.86098;4;T;True;2
1621231154000;11501913;0.86093;0.86105;0.86099;1;T;True;2
1621231155000;11501914;0.86093;0.86105;0.86099;0;T;True;2
1621231156000;11501916;0.86092;0.86104;0.86098;1;T;True;2
1621231157000;11501917;0.86092;0.86104;0.86098;0;T;True;2
1621231158000;11501918;0.86092;0.86104;0.86098;0;T;True;2
1621231159000;11501919;0.86092;0.86104;0.86098;0;T;True;2
1621231160000;11501920;0.86092;0.86104;0.86098;0;T;True;2
1621231161000;11501923;0.86091;0.86103;0.86097;2;T;True;2
1621231162000;11501924;0.86091;0.86103;0.86097;0;T;True;2
1621231163000;11501925;0.86091;0.86103;0.86097;0;T;True;2
1621231164000;11501926;0.86091;0.86103;0.86097;0;T;True;2
1621231165000;11501927;0.86091;0.86103;0.86097;0;T;True;2
1621231166000;11501928;0.86091;0.86103;0.86097;0;T;True;2
1621231167000;11501929;0.86091;0.86103;0.86097;0;T;True;2
1621231168000;11501930;0.86091;0.86103;0.86097;0;T;True;2
1621231169000;11501933;0.86089;0.86101;0.86095;2;T;True;2
1621231170000;11501934;0.86089;0.86101;0.86095;0;T;True;2
1621231171000;11501936;0.86089;0.86101;0.86095;1;T;True;2
1621231172000;11501938;0.86089;0.86101;0.86095;1;T;True;2
1621231173000;11501941;0.86091;0.86103;0.86097;2;T;True;2
1621231174000;11501942;0.86091;0.86103;0.86097;0;T;True;2
1621231175000;11501943;0.86091;0.86103;0.86097;0;T;True;2
1621231176000;11501944;0.86091;0.86103;0.86097;0;T;True;2
1621231177000;11501946;0.86091;0.86103;0.86097;1;T;True;2
1621231178000;11501947;0.86091;0.86103;0.86097;0;T;True;2
1621231179000;11501948;0.86091;0.86103;0.86097;0;T;True;2
1621231180000;11501949;0.86091;0.86103;0.86097;0;T;True;2
1621231181000;11501950;0.86091;0.86103;0.86097;0;T;True;2
1621231182000;11501951;0.86091;0.86103;0.86097;0;T;True;2
1621231183000;11501954;0.86091;0.86103;0.86097;2;T;True;2
1621231184000;11501955;0.86091;0.86103;0.86097;0;T;True;2
1621231185000;11501956;0.86091;0.86103;0.86097;0;T;True;2
1621231186000;11501957;0.86091;0.86103;0.86097;0;T;True;2
1621231187000;11501958;0.86091;0.86103;0.86097;0;T;True;2
1621231188000;11501960;0.8609;0.86102;0.86096;1;T;True;2
1621231189000;11501961;0.8609;0.86102;0.86096;0;T;True;2
1621231190000;11501962;0.8609;0.86102;0.86096;0;T;True;2
1621231191000;11501964;0.86091;0.86103;0.86097;1;T;True;2
1621231192000;11501965;0.86091;0.86103;0.86097;0;T;True;2
1621231193000;11501971;0.86091;0.86103;0.86097;5;T;True;2
1621231194000;11501974;0.86091;0.86103;0.86097;2;T;True;2
1621231195000;11501975;0.86091;0.86103;0.86097;0;T;True;2
1621231196000;11501976;0.86091;0.86103;0.86097;0;T;True;2
1621231197000;11501978;0.86091;0.86103;0.86097;1;T;True;2
1621231198000;11501980;0.86091;0.86103;0.86097;1;T;True;2
1621231199000;11501981;0.86091;0.86103;0.86097;0;T;True;2
1621231200000;11501982;0.86091;0.86103;0.86097;0;T;True;2
1621231201000;11501988;0.86091;0.86103;0.86097;5;T;True;2
1621231202000;11501994;0.86095;0.86107;0.86101;5;T;True;2
1621231203000;11501999;0.86097;0.86109;0.86103;4;T;True;2
1621231204000;11502005;0.86095;0.86107;0.86101;5;T;True;2
1621231205000;11502010;0.86095;0.86107;0.86101;4;T;True;2
1621231206000;11502011;0.86095;0.86107;0.86101;0;T;True;2
1621231207000;11502015;0.86094;0.86106;0.861;3;T;True;2
1621231208000;11502016;0.86094;0.86106;0.861;0;T;True;2
1621231209000;11502017;0.86094;0.86106;0.861;0;T;True;2
1621231210000;11502018;0.86094;0.86106;0.861;0;T;True;2
1621231211000;11502019;0.86094;0.86106;0.861;0;T;True;2
1621231212000;11502020;0.86094;0.86106;0.861;0;T;True;2
1621231213000;11502021;0.86094;0.86106;0.861;0;T;True;2
1621231214000;11502022;0.86094;0.86106;0.861;0;T;True;2
1621231215000;11502025;0.86091;0.86103;0.86097;2;T;True;2
1621231216000;11502028;0.86091;0.86103;0.86097;2;T;True;2
1621231217000;11502031;0.86095;0.86107;0.86101;2;T;True;2
1621231218000;11502032;0.86095;0.86107;0.86101;0;T;True;2
1621231219000;11502034;0.86095;0.86107;0.86101;1;T;True;2
1621231220000;11502035;0.86095;0.86107;0.86101;0;T;True;2
1621231221000;11502036;0.86095;0.86107;0.86101;0;T;True;2
1621231222000;11502037;0.86095;0.86107;0.86101;0;T;True;2
1621231223000;11502038;0.86095;0.86107;0.86101;0;T;True;2
1621231224000;11502039;0.86095;0.86107;0.86101;0;T;True;2
1621231225000;11502040;0.86095;0.86107;0.86101;0;T;True;2
1621231226000;11502041;0.86095;0.86107;0.86101;0;T;True;2
1621231227000;11502042;0.86095;0.86107;0.86101;0;T;True;2
1621231228000;11502044;0.86095;0.86107;0.86101;1;T;True;2
1621231229000;11502045;0.86095;0.86107;0.86101;0;T;True;2
1621231230000;11502051;0.86099;0.86111;0.86105;5;T;True;2
1621231231000;11502055;0.86098;0.8611;0.86104;3;T;True;2
1621231232000;11502056;0.86098;0.8611;0.86104;0;T;True;2
1621231233000;11502057;0.86098;0.8611;0.86104;0;T;True;2
1621231234000;11502062;0.86099;0.86111;0.86105;4;T;True;2
1621231235000;11502063;0.86099;0.86111;0.86105;0;T;True;2
1621231236000;11502067;0.86099;0.86111;0.86105;3;T;True;2
1621231237000;11502068;0.86099;0.86111;0.86105;0;T;True;2
1621231238000;11502070;0.86099;0.86111;0.86105;1;T;True;2
1621231239000;11502071;0.86099;0.86111;0.86105;0;T;True;2
1621231240000;11502072;0.86099;0.86111;0.86105;0;T;True;2
1621231241000;11502074;0.86099;0.86111;0.86105;1;T;True;2
1621231242000;11502075;0.86099;0.86111;0.86105;0;T;True;2
1621231243000;11502076;0.86099;0.86111;0.86105;0;T;True;2
1621231244000;11502077;0.86099;0.86111;0.86105;0;T;True;2
1621231245000;11502078;0.86099;0.86111;0.86105;0;T;True;2
1621231246000;11502079;0.86099;0.86111;0.86105;0;T;True;2
1621231247000;11502084;0.86097;0.86109;0.86103;4;T;True;2
1621231248000;11502085;0.86097;0.86109;0.86103;0;T;True;2
1621231249000;11502087;0.86097;0.86109;0.86103;1;T;True;2
1621231250000;11502088;0.86097;0.86109;0.86103;0;T;True;2
1621231251000;11502089;0.86097;0.86109;0.86103;0;T;True;2
1621231252000;11502094;0.86097;0.86109;0.86103;4;T;True;2
1621231253000;11502096;0.86097;0.86109;0.86103;1;T;True;2
1621231254000;11502098;0.86097;0.86109;0.86103;1;T;True;2
1621231255000;11502100;0.86099;0.86111;0.86105;1;T;True;2
1621231256000;11502103;0.86101;0.86113;0.86107;2;T;True;2
1621231257000;11502104;0.86101;0.86113;0.86107;0;T;True;2
1621231258000;11502105;0.86101;0.86113;0.86107;0;T;True;2
1621231259000;11502106;0.86101;0.86113;0.86107;0;T;True;2
1621231260000;11502107;0.86101;0.86113;0.86107;0;T;True;2
1621231261000;11502108;0.86101;0.86113;0.86107;0;T;True;2
1621231262000;11502112;0.861;0.86112;0.86106;3;T;True;2
1621231263000;11502114;0.86099;0.86111;0.86105;1;T;True;2
1621231264000;11502117;0.86098;0.8611;0.86104;2;T;True;2
1621231265000;11502119;0.86097;0.86109;0.86103;1;T;True;2
1621231266000;11502120;0.86097;0.86109;0.86103;0;T;True;2
1621231267000;11502121;0.86097;0.86109;0.86103;0;T;True;2
1621231268000;11502126;0.86099;0.86111;0.86105;4;T;True;2
1621231269000;11502130;0.86098;0.8611;0.86104;3;T;True;2
1621231270000;11502131;0.86098;0.8611;0.86104;0;T;True;2
1621231271000;11502134;0.861;0.86112;0.86106;2;T;True;2
1621231272000;11502135;0.861;0.86112;0.86106;0;T;True;2
1621231273000;11502136;0.861;0.86112;0.86106;0;T;True;2
1621231274000;11502137;0.861;0.86112;0.86106;0;T;True;2
1621231275000;11502139;0.86099;0.86111;0.86105;1;T;True;2
1621231276000;11502141;0.86098;0.8611;0.86104;1;T;True;2
1621231277000;11502142;0.86098;0.8611;0.86104;0;T;True;2
1621231278000;11502143;0.86098;0.8611;0.86104;0;T;True;2
1621231279000;11502147;0.86097;0.86109;0.86103;3;T;True;2
1621231280000;11502148;0.86097;0.86109;0.86103;0;T;True;2
1621231281000;11502151;0.86097;0.86109;0.86103;2;T;True;2
1621231282000;11502152;0.86097;0.86109;0.86103;0;T;True;2
1621231283000;11502153;0.86097;0.86109;0.86103;0;T;True;2
1621231284000;11502156;0.86099;0.86111;0.86105;2;T;True;2
1621231285000;11502157;0.86099;0.86111;0.86105;0;T;True;2
1621231286000;11502159;0.86098;0.8611;0.86104;1;T;True;2
1621231287000;11502160;0.86098;0.8611;0.86104;0;T;True;2
1621231288000;11502165;0.86101;0.86113;0.86107;4;T;True;2
1621231289000;11502167;0.86101;0.86113;0.86107;1;T;True;2
1621231290000;11502168;0.86101;0.86113;0.86107;0;T;True;2
1621231291000;11502169;0.86101;0.86113;0.86107;0;T;True;2
1621231292000;11502170;0.86101;0.86113;0.86107;0;T;True;2
1621231293000;11502171;0.86101;0.86113;0.86107;0;T;True;2
1621231294000;11502172;0.86101;0.86113;0.86107;0;T;True;2
1621231295000;11502176;0.86102;0.86114;0.86108;3;T;True;2
1621231296000;11502177;0.86102;0.86114;0.86108;0;T;True;2
1621231297000;11502179;0.86102;0.86114;0.86108;1;T;True;2
1621231298000;11502181;0.86103;0.86115;0.86109;1;T;True;2
1621231299000;11502183;0.86105;0.86117;0.86111;1;T;True;2
1621231300000;11502184;0.86105;0.86117;0.86111;0;T;True;2
1621231301000;11502186;0.86105;0.86117;0.86111;1;T;True;2
1621231302000;11502187;0.86105;0.86117;0.86111;0;T;True;2
1621231303000;11502188;0.86105;0.86117;0.86111;0;T;True;2
1621231304000;11502189;0.86105;0.86117;0.86111;0;T;True;2
1621231305000;11502190;0.86105;0.86117;0.86111;0;T;True;2
1621231306000;11502191;0.86105;0.86117;0.86111;0;T;True;2
1621231307000;11502192;0.86105;0.86117;0.86111;0;T;True;2
1621231308000;11502193;0.86105;0.86117;0.86111;0;T;True;2
1621231309000;11502194;0.86105;0.86117;0.86111;0;T;True;2
1621231310000;11502195;0.86105;0.86117;0.86111;0;T;True;2
1621231311000;11502196;0.86105;0.86117;0.86111;0;T;True;2
1621231312000;11502197;0.86105;0.86117;0.86111;0;T;True;2
1621231313000;11502198;0.86105;0.86117;0.86111;0;T;True;2
1621231314000;11502199;0.86105;0.86117;0.86111;0;T;True;2
1621231315000;11502200;0.86105;0.86117;0.86111;0;T;True;2
1621231316000;11502203;0.86105;0.86117;0.86111;2;T;True;2
1621231317000;11502204;0.86105;0.86117;0.86111;0;T;True;2
1621231318000;11502205;0.86105;0.86117;0.86111;0;T;True;2
1621231319000;11502206;0.86105;0.86117;0.86111;0;T;True;2
1621231320000;11502208;0.86104;0.86116;0.8611;1;T;True;2
1621231321000;11502211;0.86103;0.86115;0.86109;2;T;True;2
1621231322000;11502212;0.86103;0.86115;0.86109;0;T;True;2
1621231323000;11502213;0.86103;0.86115;0.86109;0;T;True;2
1621231324000;11502216;0.861;0.86112;0.86106;2;T;True;2
1621231325000;11502218;0.86099;0.86111;0.86105;1;T;True;2
1621231326000;11502220;0.861;0.86112;0.86106;1;T;True;2
1621231327000;11502221;0.861;0.86112;0.86106;0;T;True;2
1621231328000;11502222;0.861;0.86112;0.86106;0;T;True;2
1621231329000;11502224;0.86099;0.86111;0.86105;1;T;True;2
1621231330000;11502226;0.861;0.86112;0.86106;1;T;True;2
1621231331000;11502227;0.861;0.86112;0.86106;0;T;True;2
1621231332000;11502230;0.86101;0.86113;0.86107;2;T;True;2
1621231333000;11502233;0.86101;0.86113;0.86107;2;T;True;2
1621231334000;11502234;0.86101;0.86113;0.86107;0;T;True;2
1621231335000;11502235;0.86101;0.86113;0.86107;0;T;True;2
1621231336000;11502236;0.86101;0.86113;0.86107;0;T;True;2
1621231337000;11502237;0.86101;0.86113;0.86107;0;T;True;2
1621231338000;11502239;0.86102;0.86114;0.86108;1;T;True;2
1621231339000;11502243;0.86104;0.86116;0.8611;3;T;True;2
1621231340000;11502244;0.86104;0.86116;0.8611;0;T;True;2
1621231341000;11502245;0.86104;0.86116;0.8611;0;T;True;2
1621231342000;11502247;0.86105;0.86117;0.86111;1;T;True;2
1621231343000;11502249;0.86104;0.86116;0.8611;1;T;True;2
1621231344000;11502250;0.86104;0.86116;0.8611;0;T;True;2
1621231345000;11502251;0.86104;0.86116;0.8611;0;T;True;2
1621231346000;11502252;0.86104;0.86116;0.8611;0;T;True;2
1621231347000;11502253;0.86104;0.86116;0.8611;0;T;True;2
1621231348000;11502254;0.86104;0.86116;0.8611;0;T;True;2
1621231349000;11502255;0.86104;0.86116;0.8611;0;T;True;2
1621231350000;11502256;0.86104;0.86116;0.8611;0;T;True;2
1621231351000;11502257;0.86104;0.86116;0.8611;0;T;True;2
1621231352000;11502258;0.86104;0.86116;0.8611;0;T;True;2
1621231353000;11502259;0.86104;0.86116;0.8611;0;T;True;2
1621231354000;11502260;0.86104;0.86116;0.8611;0;T;True;2
1621231355000;11502261;0.86104;0.86116;0.8611;0;T;True;2
1621231356000;11502262;0.86104;0.86116;0.8611;0;T;True;2
1621231357000;11502263;0.86104;0.86116;0.8611;0;T;True;2
1621231358000;11502264;0.86104;0.86116;0.8611;0;T;True;2
1621231359000;11502266;0.86103;0.86115;0.86109;1;T;True;2
1621231360000;11502267;0.86103;0.86115;0.86109;0;T;True;2
1621231361000;11502268;0.86103;0.86115;0.86109;0;T;True;2
1621231362000;11502269;0.86103;0.86115;0.86109;0;T;True;2
1621231363000;11502270;0.86103;0.86115;0.86109;0;T;True;2
1621231364000;11502271;0.86103;0.86115;0.86109;0;T;True;2
1621231365000;11502272;0.86103;0.86115;0.86109;0;T;True;2
1621231366000;11502273;0.86103;0.86115;0.86109;0;T;True;2
1621231367000;11502274;0.86103;0.86115;0.86109;0;T;True;2
1621231368000;11502275;0.86103;0.86115;0.86109;0;T;True;2
1621231369000;11502276;0.86103;0.86115;0.86109;0;T;True;2
1621231370000;11502277;0.86103;0.86115;0.86109;0;T;True;2
1621231371000;11502278;0.86103;0.86115;0.86109;0;T;True;2
1621231372000;11502279;0.86103;0.86115;0.86109;0;T;True;2
1621231373000;11502280;0.86103;0.86115;0.86109;0;T;True;2
1621231374000;11502281;0.86103;0.86115;0.86109;0;T;True;2
1621231375000;11502282;0.86103;0.86115;0.86109;0;T;True;2
1621231376000;11502284;0.86101;0.86113;0.86107;1;T;True;2
1621231377000;11502290;0.86096;0.86108;0.86102;5;T;True;2
1621231378000;11502291;0.86096;0.86108;0.86102;0;T;True;2
1621231379000;11502293;0.86095;0.86107;0.86101;1;T;True;2
1621231380000;11502294;0.86095;0.86107;0.86101;0;T;True;2
1621231381000;11502295;0.86095;0.86107;0.86101;0;T;True;2
1621231382000;11502297;0.86095;0.86107;0.86101;1;T;True;2
1621231383000;11502298;0.86095;0.86107;0.86101;0;T;True;2
1621231384000;11502299;0.86095;0.86107;0.86101;0;T;True;2
1621231385000;11502302;0.86097;0.86109;0.86103;2;T;True;2
1621231386000;11502303;0.86097;0.86109;0.86103;0;T;True;2
1621231387000;11502304;0.86097;0.86109;0.86103;0;T;True;2
1621231388000;11502305;0.86097;0.86109;0.86103;0;T;True;2
1621231389000;11502307;0.86096;0.86108;0.86102;1;T;True;2
1621231390000;11502308;0.86096;0.86108;0.86102;0;T;True;2
1621231391000;11502309;0.86096;0.86108;0.86102;0;T;True;2
1621231392000;11502310;0.86096;0.86108;0.86102;0;T;True;2
1621231393000;11502311;0.86096;0.86108;0.86102;0;T;True;2
1621231394000;11502312;0.86096;0.86108;0.86102;0;T;True;2
1621231395000;11502315;0.86097;0.86109;0.86103;2;T;True;2
1621231396000;11502316;0.86097;0.86109;0.86103;0;T;True;2
1621231397000;11502317;0.86097;0.86109;0.86103;0;T;True;2
1621231398000;11502318;0.86097;0.86109;0.86103;0;T;True;2
1621231399000;11502320;0.86098;0.8611;0.86104;1;T;True;2
1621231400000;11502321;0.86098;0.8611;0.86104;0;T;True;2
1621231401000;11502322;0.86098;0.8611;0.86104;0;T;True;2
1621231402000;11502324;0.86097;0.86109;0.86103;1;T;True;2
1621231403000;11502325;0.86097;0.86109;0.86103;0;T;True;2
1621231404000;11502326;0.86097;0.86109;0.86103;0;T;True;2
1621231405000;11502328;0.86096;0.86108;0.86102;1;T;True;2
1621231406000;11502329;0.86096;0.86108;0.86102;0;T;True;2
1621231407000;11502330;0.86096;0.86108;0.86102;0;T;True;2
1621231408000;11502331;0.86096;0.86108;0.86102;0;T;True;2
1621231409000;11502332;0.86096;0.86108;0.86102;0;T;True;2
1621231410000;11502333;0.86096;0.86108;0.86102;0;T;True;2
1621231411000;11502334;0.86096;0.86108;0.86102;0;T;True;2
1621231412000;11502335;0.86096;0.86108;0.86102;0;T;True;2
1621231413000;11502336;0.86096;0.86108;0.86102;0;T;True;2
1621231414000;11502337;0.86096;0.86108;0.86102;0;T;True;2
1621231415000;11502338;0.86096;0.86108;0.86102;0;T;True;2
1621231416000;11502339;0.86096;0.86108;0.86102;0;T;True;2
1621231417000;11502340;0.86096;0.86108;0.86102;0;T;True;2
1621231418000;11502341;0.86096;0.86108;0.86102;0;T;True;2
1621231419000;11502342;0.86096;0.86108;0.86102;0;T;True;2
1621231420000;11502343;0.86096;0.86108;0.86102;0;T;True;2
1621231421000;11502344;0.86096;0.86108;0.86102;0;T;True;2
1621231422000;11502345;0.86096;0.86108;0.86102;0;T;True;2
1621231423000;11502347;0.86097;0.86109;0.86103;1;T;True;2
1621231424000;11502350;0.86098;0.8611;0.86104;2;T;True;2
1621231425000;11502351;0.86098;0.8611;0.86104;0;T;True;2
1621231426000;11502352;0.86098;0.8611;0.86104;0;T;True;2
1621231427000;11502353;0.86098;0.8611;0.86104;0;T;True;2
1621231428000;11502354;0.86098;0.8611;0.86104;0;T;True;2
1621231429000;11502356;0.86099;0.86111;0.86105;1;T;True;2
1621231430000;11502357;0.86099;0.86111;0.86105;0;T;True;2
1621231431000;11502360;0.861;0.86112;0.86106;2;T;True;2
1621231432000;11502361;0.861;0.86112;0.86106;0;T;True;2
1621231433000;11502362;0.861;0.86112;0.86106;0;T;True;2
1621231434000;11502363;0.861;0.86112;0.86106;0;T;True;2
1621231435000;11502364;0.861;0.86112;0.86106;0;T;True;2
1621231436000;11502365;0.861;0.86112;0.86106;0;T;True;2
1621231437000;11502366;0.861;0.86112;0.86106;0;T;True;2
1621231438000;11502367;0.861;0.86112;0.86106;0;T;True;2
1621231439000;11502368;0.861;0.86112;0.86106;0;T;True;2
1621231440000;11502369;0.861;0.86112;0.86106;0;T;True;2
1621231441000;11502371;0.86101;0.86113;0.86107;1;T;True;2
1621231442000;11502372;0.86101;0.86113;0.86107;0;T;True;2
1621231443000;11502373;0.86101;0.86113;0.86107;0;T;True;2
1621231444000;11502374;0.86101;0.86113;0.86107;0;T;True;2
1621231445000;11502375;0.86101;0.86113;0.86107;0;T;True;2
1621231446000;11502377;0.861;0.86112;0.86106;1;T;True;2
1621231447000;11502378;0.861;0.86112;0.86106;0;T;True;2
1621231448000;11502379;0.861;0.86112;0.86106;0;T;True;2
1621231449000;11502380;0.861;0.86112;0.86106;0;T;True;2
1621231450000;11502381;0.861;0.86112;0.86106;0;T;True;2
1621231451000;11502382;0.861;0.86112;0.86106;0;T;True;2
1621231452000;11502386;0.86101;0.86113;0.86107;3;T;True;2
1621231453000;11502387;0.86101;0.86113;0.86107;0;T;True;2
1621231454000;11502388;0.86101;0.86113;0.86107;0;T;True;2
1621231455000;11502389;0.86101;0.86113;0.86107;0;T;True;2
1621231456000;11502390;0.86101;0.86113;0.86107;0;T;True;2
1621231457000;11502391;0.86101;0.86113;0.86107;0;T;True;2
1621231458000;11502392;0.86101;0.86113;0.86107;0;T;True;2
1621231459000;11502393;0.86101;0.86113;0.86107;0;T;True;2
1621231460000;11502394;0.86101;0.86113;0.86107;0;T;True;2
1621231461000;11502395;0.86101;0.86113;0.86107;0;T;True;2
1621231462000;11502396;0.86101;0.86113;0.86107;0;T;True;2
1621231463000;11502397;0.86101;0.86113;0.86107;0;T;True;2
1621231464000;11502398;0.86101;0.86113;0.86107;0;T;True;2
1621231465000;11502399;0.86101;0.86113;0.86107;0;T;True;2
1621231466000;11502400;0.86101;0.86113;0.86107;0;T;True;2
1621231467000;11502401;0.86101;0.86113;0.86107;0;T;True;2
1621231468000;11502402;0.86101;0.86113;0.86107;0;T;True;2
1621231469000;11502403;0.86101;0.86113;0.86107;0;T;True;2
1621231470000;11502404;0.86101;0.86113;0.86107;0;T;True;2
1621231471000;11502408;0.861;0.86112;0.86106;3;T;True;2
1621231472000;11502411;0.86099;0.86111;0.86105;2;T;True;2
1621231473000;11502414;0.861;0.86112;0.86106;2;T;True;2
1621231474000;11502415;0.861;0.86112;0.86106;0;T;True;2
1621231475000;11502421;0.86099;0.86111;0.86105;5;T;True;2
1621231476000;11502422;0.86099;0.86111;0.86105;0;T;True;2
1621231477000;11502423;0.86099;0.86111;0.86105;0;T;True;2
1621231478000;11502424;0.86099;0.86111;0.86105;0;T;True;2
1621231479000;11502430;0.86099;0.86111;0.86105;5;T;True;2
1621231480000;11502431;0.86099;0.86111;0.86105;0;T;True;2
1621231481000;11502432;0.86099;0.86111;0.86105;0;T;True;2
1621231482000;11502434;0.86098;0.8611;0.86104;1;T;True;2
1621231483000;11502435;0.86098;0.8611;0.86104;0;T;True;2
1621231484000;11502436;0.86098;0.8611;0.86104;0;T;True;2
1621231485000;11502437;0.86098;0.8611;0.86104;0;T;True;2
1621231486000;11502438;0.86098;0.8611;0.86104;0;T;True;2
1621231487000;11502439;0.86098;0.8611;0.86104;0;T;True;2
1621231488000;11502440;0.86098;0.8611;0.86104;0;T;True;2
1621231489000;11502441;0.86098;0.8611;0.86104;0;T;True;2
1621231490000;11502442;0.86098;0.8611;0.86104;0;T;True;2
1621231491000;11502443;0.86098;0.8611;0.86104;0;T;True;2
1621231492000;11502446;0.86096;0.86108;0.86102;2;T;True;2
1621231493000;11502447;0.86096;0.86108;0.86102;0;T;True;2
1621231494000;11502448;0.86096;0.86108;0.86102;0;T;True;2
1621231495000;11502449;0.86096;0.86108;0.86102;0;T;True;2
1621231496000;11502450;0.86096;0.86108;0.86102;0;T;True;2
1621231497000;11502451;0.86096;0.86108;0.86102;0;T;True;2
1621231498000;11502452;0.86096;0.86108;0.86102;0;T;True;2
1621231499000;11502453;0.86096;0.86108;0.86102;0;T;True;2
1621231500000;11502454;0.86096;0.86108;0.86102;0;T;True;2
1621231501000;11502455;0.86096;0.86108;0.86102;0;T;True;2
1621231502000;11502456;0.86096;0.86108;0.86102;0;T;True;2
1621231503000;11502457;0.86096;0.86108;0.86102;0;T;True;2
1621231504000;11502458;0.86096;0.86108;0.86102;0;T;True;2
1621231505000;11502461;0.86095;0.86107;0.86101;2;T;True;2
1621231506000;11502463;0.86095;0.86107;0.86101;1;T;True;2
1621231507000;11502466;0.86095;0.86107;0.86101;2;T;True;2
1621231508000;11502467;0.86095;0.86107;0.86101;0;T;True;2
1621231509000;11502468;0.86095;0.86107;0.86101;0;T;True;2
1621231510000;11502469;0.86095;0.86107;0.86101;0;T;True;2
1621231511000;11502470;0.86095;0.86107;0.86101;0;T;True;2
1621231512000;11502471;0.86095;0.86107;0.86101;0;T;True;2
1621231513000;11502472;0.86095;0.86107;0.86101;0;T;True;2
1621231514000;11502473;0.86095;0.86107;0.86101;0;T;True;2
1621231515000;11502474;0.86095;0.86107;0.86101;0;T;True;2
1621231516000;11502475;0.86095;0.86107;0.86101;0;T;True;2
1621231517000;11502476;0.86095;0.86107;0.86101;0;T;True;2
1621231518000;11502478;0.86095;0.86107;0.86101;1;T;True;2
1621231519000;11502479;0.86095;0.86107;0.86101;0;T;True;2
1621231520000;11502481;0.86095;0.86107;0.86101;1;T;True;2
1621231521000;11502482;0.86095;0.86107;0.86101;0;T;True;2
1621231522000;11502484;0.86093;0.86105;0.86099;1;T;True;2
1621231523000;11502485;0.86093;0.86105;0.86099;0;T;True;2
1621231524000;11502486;0.86093;0.86105;0.86099;0;T;True;2
1621231525000;11502487;0.86093;0.86105;0.86099;0;T;True;2
1621231526000;11502489;0.86092;0.86104;0.86098;1;T;True;2
1621231527000;11502490;0.86092;0.86104;0.86098;0;T;True;2
1621231528000;11502492;0.86091;0.86103;0.86097;1;T;True;2
1621231529000;11502493;0.86091;0.86103;0.86097;0;T;True;2
1621231530000;11502494;0.86091;0.86103;0.86097;0;T;True;2
1621231531000;11502495;0.86091;0.86103;0.86097;0;T;True;2
1621231532000;11502498;0.8609;0.86102;0.86096;2;T;True;2
1621231533000;11502499;0.8609;0.86102;0.86096;0;T;True;2
1621231534000;11502500;0.8609;0.86102;0.86096;0;T;True;2
1621231535000;11502501;0.8609;0.86102;0.86096;0;T;True;2
1621231536000;11502502;0.8609;0.86102;0.86096;0;T;True;2
1621231537000;11502503;0.8609;0.86102;0.86096;0;T;True;2
1621231538000;11502504;0.8609;0.86102;0.86096;0;T;True;2
1621231539000;11502505;0.8609;0.86102;0.86096;0;T;True;2
1621231540000;11502506;0.8609;0.86102;0.86096;0;T;True;2
1621231541000;11502507;0.8609;0.86102;0.86096;0;T;True;2
1621231542000;11502508;0.8609;0.86102;0.86096;0;T;True;2
1621231543000;11502509;0.8609;0.86102;0.86096;0;T;True;2
1621231544000;11502512;0.86089;0.86101;0.86095;2;T;True;2
1621231545000;11502514;0.86089;0.86101;0.86095;1;T;True;2
1621231546000;11502520;0.86087;0.86099;0.86093;5;T;True;2
1621231547000;11502523;0.86085;0.86097;0.86091;2;T;True;2
1621231548000;11502524;0.86085;0.86097;0.86091;0;T;True;2
1621231549000;11502525;0.86085;0.86097;0.86091;0;T;True;2
1621231550000;11502526;0.86085;0.86097;0.86091;0;T;True;2
1621231551000;11502530;0.86085;0.86097;0.86091;3;T;True;2
1621231552000;11502531;0.86085;0.86097;0.86091;0;T;True;2
1621231553000;11502535;0.86087;0.86099;0.86093;3;T;True;2
1621231554000;11502536;0.86087;0.86099;0.86093;0;T;True;2
1621231555000;11502537;0.86087;0.86099;0.86093;0;T;True;2
1621231556000;11502539;0.86087;0.86099;0.86093;1;T;True;2
1621231557000;11502541;0.86088;0.861;0.86094;1;T;True;2
1621231558000;11502543;0.86088;0.861;0.86094;1;T;True;2
1621231559000;11502544;0.86088;0.861;0.86094;0;T;True;2
1621231560000;11502546;0.86088;0.861;0.86094;1;T;True;2
1621231561000;11502549;0.86089;0.86101;0.86095;2;T;True;2
1621231562000;11502550;0.86089;0.86101;0.86095;0;T;True;2
1621231563000;11502556;0.86087;0.86099;0.86093;5;T;True;2
1621231564000;11502561;0.86087;0.86099;0.86093;4;T;True;2
1621231565000;11502563;0.86087;0.86099;0.86093;1;T;True;2
1621231566000;11502565;0.86087;0.86099;0.86093;1;T;True;2
1621231567000;11502566;0.86087;0.86099;0.86093;0;T;True;2
1621231568000;11502567;0.86087;0.86099;0.86093;0;T;True;2
1621231569000;11502568;0.86087;0.86099;0.86093;0;T;True;2
1621231570000;11502570;0.86087;0.86099;0.86093;1;T;True;2
1621231571000;11502572;0.86087;0.86099;0.86093;1;T;True;2
1621231572000;11502573;0.86087;0.86099;0.86093;0;T;True;2
1621231573000;11502578;0.86085;0.86097;0.86091;4;T;True;2
1621231574000;11502579;0.86085;0.86097;0.86091;0;T;True;2
1621231575000;11502580;0.86085;0.86097;0.86091;0;T;True;2
1621231576000;11502581;0.86085;0.86097;0.86091;0;T;True;2
1621231577000;11502582;0.86085;0.86097;0.86091;0;T;True;2
1621231578000;11502583;0.86085;0.86097;0.86091;0;T;True;2
1621231579000;11502584;0.86085;0.86097;0.86091;0;T;True;2
1621231580000;11502585;0.86085;0.86097;0.86091;0;T;True;2
1621231581000;11502586;0.86085;0.86097;0.86091;0;T;True;2
1621231582000;11502587;0.86085;0.86097;0.86091;0;T;True;2
1621231583000;11502588;0.86085;0.86097;0.86091;0;T;True;2
1621231584000;11502589;0.86085;0.86097;0.86091;0;T;True;2
1621231585000;11502590;0.86085;0.86097;0.86091;0;T;True;2
1621231586000;11502591;0.86085;0.86097;0.86091;0;T;True;2
1621231587000;11502592;0.86085;0.86097;0.86091;0;T;True;2
1621231588000;11502593;0.86085;0.86097;0.86091;0;T;True;2
1621231589000;11502594;0.86085;0.86097;0.86091;0;T;True;2
1621231590000;11502595;0.86085;0.86097;0.86091;0;T;True;2
1621231591000;11502598;0.86083;0.86095;0.86089;2;T;True;2
1621231592000;11502600;0.86083;0.86095;0.86089;1;T;True;2
1621231593000;11502601;0.86083;0.86095;0.86089;0;T;True;2
1621231594000;11502602;0.86083;0.86095;0.86089;0;T;True;2
1621231595000;11502603;0.86083;0.86095;0.86089;0;T;True;2
1621231596000;11502604;0.86083;0.86095;0.86089;0;T;True;2
1621231597000;11502605;0.86083;0.86095;0.86089;0;T;True;2
1621231598000;11502606;0.86083;0.86095;0.86089;0;T;True;2
1621231599000;11502607;0.86083;0.86095;0.86089;0;T;True;2
1621231600000;11502609;0.86081;0.86093;0.86087;1;T;True;2
1621231601000;11502614;0.86081;0.86093;0.86087;4;T;True;2
1621231602000;11502615;0.86081;0.86093;0.86087;0;T;True;2
1621231603000;11502616;0.86081;0.86093;0.86087;0;T;True;2
1621231604000;11502617;0.86081;0.86093;0.86087;0;T;True;2
1621231605000;11502618;0.86081;0.86093;0.86087;0;T;True;2
1621231606000;11502621;0.86081;0.86093;0.86087;2;T;True;2
1621231607000;11502625;0.86081;0.86093;0.86087;3;T;True;2
1621231608000;11502626;0.86081;0.86093;0.86087;0;T;True;2
1621231609000;11502627;0.86081;0.86093;0.86087;0;T;True;2
1621231610000;11502628;0.86081;0.86093;0.86087;0;T;True;2
1621231611000;11502629;0.86081;0.86093;0.86087;0;T;True;2
1621231612000;11502631;0.86083;0.86095;0.86089;1;T;True;2
1621231613000;11502634;0.86083;0.86095;0.86089;2;T;True;2
1621231614000;11502636;0.86083;0.86095;0.86089;1;T;True;2
1621231615000;11502640;0.86081;0.86093;0.86087;3;T;True;2
1621231616000;11502641;0.86081;0.86093;0.86087;0;T;True;2
1621231617000;11502642;0.86081;0.86093;0.86087;0;T;True;2
1621231618000;11502643;0.86081;0.86093;0.86087;0;T;True;2
1621231619000;11502644;0.86081;0.86093;0.86087;0;T;True;2
1621231620000;11502645;0.86081;0.86093;0.86087;0;T;True;2
1621231621000;11502646;0.86081;0.86093;0.86087;0;T;True;2
1621231622000;11502647;0.86081;0.86093;0.86087;0;T;True;2
1621231623000;11502648;0.86081;0.86093;0.86087;0;T;True;2
1621231624000;11502649;0.86081;0.86093;0.86087;0;T;True;2
1621231625000;11502650;0.86081;0.86093;0.86087;0;T;True;2
1621231626000;11502652;0.8608;0.86092;0.86086;1;T;True;2
1621231627000;11502653;0.8608;0.86092;0.86086;0;T;True;2
1621231628000;11502654;0.8608;0.86092;0.86086;0;T;True;2
1621231629000;11502655;0.8608;0.86092;0.86086;0;T;True;2
1621231630000;11502656;0.8608;0.86092;0.86086;0;T;True;2
1621231631000;11502657;0.8608;0.86092;0.86086;0;T;True;2
1621231632000;11502660;0.8608;0.86092;0.86086;2;T;True;2
1621231633000;11502662;0.86081;0.86093;0.86087;1;T;True;2
1621231634000;11502666;0.86083;0.86095;0.86089;3;T;True;2
1621231635000;11502667;0.86083;0.86095;0.86089;0;T;True;2
1621231636000;11502668;0.86083;0.86095;0.86089;0;T;True;2
1621231637000;11502669;0.86083;0.86095;0.86089;0;T;True;2
1621231638000;11502675;0.86084;0.86096;0.8609;5;T;True;2
1621231639000;11502679;0.86083;0.86095;0.86089;3;T;True;2
1621231640000;11502680;0.86083;0.86095;0.86089;0;T;True;2
1621231641000;11502682;0.86083;0.86095;0.86089;1;T;True;2
1621231642000;11502683;0.86083;0.86095;0.86089;0;T;True;2
1621231643000;11502685;0.86083;0.86095;0.86089;1;T;True;2
1621231644000;11502688;0.86083;0.86095;0.86089;2;T;True;2
1621231645000;11502692;0.86083;0.86095;0.86089;3;T;True;2
1621231646000;11502694;0.86083;0.86095;0.86089;1;T;True;2
1621231647000;11502697;0.86083;0.86095;0.86089;2;T;True;2
1621231648000;11502698;0.86083;0.86095;0.86089;0;T;True;2
1621231649000;11502699;0.86083;0.86095;0.86089;0;T;True;2
1621231650000;11502700;0.86083;0.86095;0.86089;0;T;True;2
1621231651000;11502703;0.86085;0.86097;0.86091;2;T;True;2
1621231652000;11502704;0.86085;0.86097;0.86091;0;T;True;2
1621231653000;11502705;0.86085;0.86097;0.86091;0;T;True;2
1621231654000;11502707;0.86085;0.86097;0.86091;1;T;True;2
1621231655000;11502708;0.86085;0.86097;0.86091;0;T;True;2
1621231656000;11502709;0.86085;0.86097;0.86091;0;T;True;2
1621231657000;11502710;0.86085;0.86097;0.86091;0;T;True;2
1621231658000;11502714;0.86085;0.86097;0.86091;3;T;True;2
1621231659000;11502715;0.86085;0.86097;0.86091;0;T;True;2
1621231660000;11502717;0.86085;0.86097;0.86091;1;T;True;2
1621231661000;11502719;0.86085;0.86097;0.86091;1;T;True;2
1621231662000;11502724;0.86085;0.86097;0.86091;4;T;True;2
1621231663000;11502727;0.86082;0.86094;0.86088;2;T;True;2
1621231664000;11502732;0.86081;0.86093;0.86087;4;T;True;2
1621231665000;11502733;0.86081;0.86093;0.86087;0;T;True;2
1621231666000;11502734;0.86081;0.86093;0.86087;0;T;True;2
1621231667000;11502738;0.86079;0.86091;0.86085;3;T;True;2
1621231668000;11502744;0.86085;0.86097;0.86091;5;T;True;2
1621231669000;11502745;0.86085;0.86097;0.86091;0;T;True;2
1621231670000;11502746;0.86085;0.86097;0.86091;0;T;True;2
1621231671000;11502747;0.86085;0.86097;0.86091;0;T;True;2
1621231672000;11502748;0.86085;0.86097;0.86091;0;T;True;2
1621231673000;11502750;0.86085;0.86097;0.86091;1;T;True;2
1621231674000;11502752;0.86086;0.86098;0.86092;1;T;True;2
1621231675000;11502756;0.86087;0.86099;0.86093;3;T;True;2
1621231676000;11502758;0.86087;0.86099;0.86093;1;T;True;2
1621231677000;11502765;0.86087;0.86099;0.86093;6;T;True;2
1621231678000;11502767;0.86087;0.86099;0.86093;1;T;True;2
1621231679000;11502769;0.86086;0.86098;0.86092;1;T;True;2
1621231680000;11502773;0.86086;0.86098;0.86092;3;T;True;2
1621231681000;11502774;0.86086;0.86098;0.86092;0;T;True;2
1621231682000;11502775;0.86086;0.86098;0.86092;0;T;True;2
1621231683000;11502781;0.86088;0.861;0.86094;5;T;True;2
1621231684000;11502782;0.86088;0.861;0.86094;0;T;True;2
1621231685000;11502783;0.86088;0.861;0.86094;0;T;True;2
1621231686000;11502786;0.86088;0.861;0.86094;2;T;True;2
1621231687000;11502788;0.86089;0.86101;0.86095;1;T;True;2
1621231688000;11502789;0.86089;0.86101;0.86095;0;T;True;2
1621231689000;11502790;0.86089;0.86101;0.86095;0;T;True;2
1621231690000;11502793;0.86089;0.86101;0.86095;2;T;True;2
1621231691000;11502797;0.86088;0.861;0.86094;3;T;True;2
1621231692000;11502798;0.86088;0.861;0.86094;0;T;True;2
1621231693000;11502801;0.86087;0.86099;0.86093;2;T;True;2
1621231694000;11502803;0.86087;0.86099;0.86093;1;T;True;2
1621231695000;11502805;0.86085;0.86097;0.86091;1;T;True;2
1621231696000;11502809;0.86085;0.86097;0.86091;3;T;True;2
1621231697000;11502810;0.86085;0.86097;0.86091;0;T;True;2
1621231698000;11502812;0.86085;0.86097;0.86091;1;T;True;2
1621231699000;11502815;0.86085;0.86097;0.86091;2;T;True;2
1621231700000;11502817;0.86083;0.86095;0.86089;1;T;True;2
1621231701000;11502821;0.86083;0.86095;0.86089;3;T;True;2
1621231702000;11502825;0.86083;0.86095;0.86089;3;T;True;2
1621231703000;11502830;0.86083;0.86095;0.86089;4;T;True;2
1621231704000;11502832;0.86084;0.86096;0.8609;1;T;True;2
1621231705000;11502833;0.86084;0.86096;0.8609;0;T;True;2
1621231706000;11502834;0.86084;0.86096;0.8609;0;T;True;2
1621231707000;11502835;0.86084;0.86096;0.8609;0;T;True;2
1621231708000;11502837;0.86083;0.86095;0.86089;1;T;True;2
1621231709000;11502841;0.86085;0.86097;0.86091;3;T;True;2
1621231710000;11502842;0.86085;0.86097;0.86091;0;T;True;2
1621231711000;11502844;0.86085;0.86097;0.86091;1;T;True;2
1621231712000;11502845;0.86085;0.86097;0.86091;0;T;True;2
1621231713000;11502847;0.86086;0.86098;0.86092;1;T;True;2
1621231714000;11502849;0.86087;0.86099;0.86093;1;T;True;2
1621231715000;11502851;0.86087;0.86099;0.86093;1;T;True;2
1621231716000;11502858;0.86089;0.86101;0.86095;6;T;True;2
1621231717000;11502859;0.86089;0.86101;0.86095;0;T;True;2
1621231718000;11502860;0.86089;0.86101;0.86095;0;T;True;2
1621231719000;11502863;0.8609;0.86102;0.86096;2;T;True;2
1621231720000;11502864;0.8609;0.86102;0.86096;0;T;True;2
1621231721000;11502865;0.8609;0.86102;0.86096;0;T;True;2
1621231722000;11502866;0.8609;0.86102;0.86096;0;T;True;2
1621231723000;11502868;0.8609;0.86102;0.86096;1;T;True;2
1621231724000;11502869;0.8609;0.86102;0.86096;0;T;True;2
1621231725000;11502870;0.8609;0.86102;0.86096;0;T;True;2
1621231726000;11502871;0.8609;0.86102;0.86096;0;T;True;2
1621231727000;11502873;0.86091;0.86103;0.86097;1;T;True;2
1621231728000;11502874;0.86091;0.86103;0.86097;0;T;True;2
1621231729000;11502875;0.86091;0.86103;0.86097;0;T;True;2
1621231730000;11502877;0.86091;0.86103;0.86097;1;T;True;2
1621231731000;11502878;0.86091;0.86103;0.86097;0;T;True;2
1621231732000;11502879;0.86091;0.86103;0.86097;0;T;True;2
1621231733000;11502880;0.86091;0.86103;0.86097;0;T;True;2
1621231734000;11502881;0.86091;0.86103;0.86097;0;T;True;2
1621231735000;11502882;0.86091;0.86103;0.86097;0;T;True;2
1621231736000;11502888;0.86093;0.86105;0.86099;5;T;True;2
1621231737000;11502889;0.86093;0.86105;0.86099;0;T;True;2
1621231738000;11502891;0.86092;0.86104;0.86098;1;T;True;2
1621231739000;11502892;0.86092;0.86104;0.86098;0;T;True;2
1621231740000;11502893;0.86092;0.86104;0.86098;0;T;True;2
1621231741000;11502894;0.86092;0.86104;0.86098;0;T;True;2
1621231742000;11502896;0.86091;0.86103;0.86097;1;T;True;2
1621231743000;11502898;0.86091;0.86103;0.86097;1;T;True;2
1621231744000;11502902;0.86091;0.86103;0.86097;3;T;True;2
1621231745000;11502903;0.86091;0.86103;0.86097;0;T;True;2
1621231746000;11502904;0.86091;0.86103;0.86097;0;T;True;2
1621231747000;11502905;0.86091;0.86103;0.86097;0;T;True;2
1621231748000;11502906;0.86091;0.86103;0.86097;0;T;True;2
1621231749000;11502907;0.86091;0.86103;0.86097;0;T;True;2
1621231750000;11502908;0.86091;0.86103;0.86097;0;T;True;2
1621231751000;11502909;0.86091;0.86103;0.86097;0;T;True;2
1621231752000;11502910;0.86091;0.86103;0.86097;0;T;True;2
1621231753000;11502913;0.86089;0.86101;0.86095;2;T;True;2
1621231754000;11502914;0.86089;0.86101;0.86095;0;T;True;2
1621231755000;11502915;0.86089;0.86101;0.86095;0;T;True;2
1621231756000;11502916;0.86089;0.86101;0.86095;0;T;True;2
1621231757000;11502917;0.86089;0.86101;0.86095;0;T;True;2
1621231758000;11502918;0.86089;0.86101;0.86095;0;T;True;2
1621231759000;11502919;0.86089;0.86101;0.86095;0;T;True;2
1621231760000;11502920;0.86089;0.86101;0.86095;0;T;True;2
1621231761000;11502922;0.8609;0.86102;0.86096;1;T;True;2
1621231762000;11502923;0.8609;0.86102;0.86096;0;T;True;2
1621231763000;11502926;0.86089;0.86101;0.86095;2;T;True;2
1621231764000;11502927;0.86089;0.86101;0.86095;0;T;True;2
1621231765000;11502928;0.86089;0.86101;0.86095;0;T;True;2
1621231766000;11502929;0.86089;0.86101;0.86095;0;T;True;2
1621231767000;11502930;0.86089;0.86101;0.86095;0;T;True;2
1621231768000;11502931;0.86089;0.86101;0.86095;0;T;True;2
1621231769000;11502932;0.86089;0.86101;0.86095;0;T;True;2
1621231770000;11502933;0.86089;0.86101;0.86095;0;T;True;2
1621231771000;11502934;0.86089;0.86101;0.86095;0;T;True;2
1621231772000;11502936;0.86088;0.861;0.86094;1;T;True;2
1621231773000;11502939;0.86089;0.86101;0.86095;2;T;True;2
1621231774000;11502940;0.86089;0.86101;0.86095;0;T;True;2
1621231775000;11502941;0.86089;0.86101;0.86095;0;T;True;2
1621231776000;11502942;0.86089;0.86101;0.86095;0;T;True;2
1621231777000;11502943;0.86089;0.86101;0.86095;0;T;True;2
1621231778000;11502944;0.86089;0.86101;0.86095;0;T;True;2
1621231779000;11502945;0.86089;0.86101;0.86095;0;T;True;2
1621231780000;11502946;0.86089;0.86101;0.86095;0;T;True;2
1621231781000;11502947;0.86089;0.86101;0.86095;0;T;True;2
1621231782000;11502948;0.86089;0.86101;0.86095;0;T;True;2
1621231783000;11502949;0.86089;0.86101;0.86095;0;T;True;2
1621231784000;11502950;0.86089;0.86101;0.86095;0;T;True;2
1621231785000;11502951;0.86089;0.86101;0.86095;0;T;True;2
1621231786000;11502952;0.86089;0.86101;0.86095;0;T;True;2
1621231787000;11502953;0.86089;0.86101;0.86095;0;T;True;2
1621231788000;11502954;0.86089;0.86101;0.86095;0;T;True;2
1621231789000;11502956;0.86089;0.86101;0.86095;1;T;True;2
1621231790000;11502957;0.86089;0.86101;0.86095;0;T;True;2
1621231791000;11502958;0.86089;0.86101;0.86095;0;T;True;2
1621231792000;11502959;0.86089;0.86101;0.86095;0;T;True;2
1621231793000;11502962;0.86089;0.86101;0.86095;2;T;True;2
1621231794000;11502963;0.86089;0.86101;0.86095;0;T;True;2
1621231795000;11502966;0.86089;0.86101;0.86095;2;T;True;2
1621231796000;11502968;0.86089;0.86101;0.86095;1;T;True;2
1621231797000;11502969;0.86089;0.86101;0.86095;0;T;True;2
1621231798000;11502971;0.86089;0.86101;0.86095;1;T;True;2
1621231799000;11502972;0.86089;0.86101;0.86095;0;T;True;2
1621231800000;11502973;0.86089;0.86101;0.86095;0;T;True;2
1621231801000;11502974;0.86089;0.86101;0.86095;0;T;True;2
1621231802000;11502977;0.86088;0.861;0.86094;2;T;True;2
1621231803000;11502978;0.86088;0.861;0.86094;0;T;True;2
1621231804000;11502979;0.86088;0.861;0.86094;0;T;True;2
1621231805000;11502980;0.86088;0.861;0.86094;0;T;True;2
1621231806000;11502981;0.86088;0.861;0.86094;0;T;True;2
1621231807000;11502983;0.86088;0.861;0.86094;1;T;True;2
1621231808000;11502985;0.86088;0.861;0.86094;1;T;True;2
1621231809000;11502987;0.86087;0.86099;0.86093;1;T;True;2
1621231810000;11502988;0.86087;0.86099;0.86093;0;T;True;2
1621231811000;11502990;0.86089;0.86101;0.86095;1;T;True;2
1621231812000;11502991;0.86089;0.86101;0.86095;0;T;True;2
1621231813000;11502992;0.86089;0.86101;0.86095;0;T;True;2
1621231814000;11502993;0.86089;0.86101;0.86095;0;T;True;2
1621231815000;11502994;0.86089;0.86101;0.86095;0;T;True;2
1621231816000;11502996;0.86089;0.86101;0.86095;1;T;True;2
1621231817000;11502997;0.86089;0.86101;0.86095;0;T;True;2
1621231818000;11502998;0.86089;0.86101;0.86095;0;T;True;2
1621231819000;11503001;0.86089;0.86101;0.86095;2;T;True;2
1621231820000;11503003;0.8609;0.86102;0.86096;1;T;True;2
1621231821000;11503004;0.8609;0.86102;0.86096;0;T;True;2
1621231822000;11503005;0.8609;0.86102;0.86096;0;T;True;2
1621231823000;11503009;0.86091;0.86103;0.86097;3;T;True;2
1621231824000;11503010;0.86091;0.86103;0.86097;0;T;True;2
1621231825000;11503012;0.86091;0.86103;0.86097;1;T;True;2
1621231826000;11503014;0.86091;0.86103;0.86097;1;T;True;2
1621231827000;11503015;0.86091;0.86103;0.86097;0;T;True;2
1621231828000;11503016;0.86091;0.86103;0.86097;0;T;True;2
1621231829000;11503017;0.86091;0.86103;0.86097;0;T;True;2
1621231830000;11503018;0.86091;0.86103;0.86097;0;T;True;2
1621231831000;11503019;0.86091;0.86103;0.86097;0;T;True;2
1621231832000;11503020;0.86091;0.86103;0.86097;0;T;True;2
1621231833000;11503021;0.86091;0.86103;0.86097;0;T;True;2
1621231834000;11503022;0.86091;0.86103;0.86097;0;T;True;2
1621231835000;11503026;0.86098;0.8611;0.86104;3;T;True;2
1621231836000;11503032;0.86097;0.86109;0.86103;5;T;True;2
1621231837000;11503033;0.86097;0.86109;0.86103;0;T;True;2
1621231838000;11503035;0.86097;0.86109;0.86103;1;T;True;2
1621231839000;11503036;0.86097;0.86109;0.86103;0;T;True;2
1621231840000;11503037;0.86097;0.86109;0.86103;0;T;True;2
1621231841000;11503038;0.86097;0.86109;0.86103;0;T;True;2
1621231842000;11503039;0.86097;0.86109;0.86103;0;T;True;2
1621231843000;11503040;0.86097;0.86109;0.86103;0;T;True;2
1621231844000;11503041;0.86097;0.86109;0.86103;0;T;True;2
1621231845000;11503042;0.86097;0.86109;0.86103;0;T;True;2
1621231846000;11503043;0.86097;0.86109;0.86103;0;T;True;2
1621231847000;11503047;0.86095;0.86107;0.86101;3;T;True;2
1621231848000;11503048;0.86095;0.86107;0.86101;0;T;True;2
1621231849000;11503050;0.86095;0.86107;0.86101;1;T;True;2
1621231850000;11503051;0.86095;0.86107;0.86101;0;T;True;2
1621231851000;11503055;0.86091;0.86103;0.86097;3;T;True;2
1621231852000;11503059;0.86092;0.86104;0.86098;3;T;True;2
1621231853000;11503060;0.86092;0.86104;0.86098;0;T;True;2
1621231854000;11503061;0.86092;0.86104;0.86098;0;T;True;2
1621231855000;11503064;0.86091;0.86103;0.86097;2;T;True;2
1621231856000;11503065;0.86091;0.86103;0.86097;0;T;True;2
1621231857000;11503066;0.86091;0.86103;0.86097;0;T;True;2
1621231858000;11503067;0.86091;0.86103;0.86097;0;T;True;2
1621231859000;11503068;0.86091;0.86103;0.86097;0;T;True;2
1621231860000;11503069;0.86091;0.86103;0.86097;0;T;True;2
1621231861000;11503072;0.86089;0.86101;0.86095;2;T;True;2
1621231862000;11503073;0.86089;0.86101;0.86095;0;T;True;2
1621231863000;11503074;0.86089;0.86101;0.86095;0;T;True;2
1621231864000;11503075;0.86089;0.86101;0.86095;0;T;True;2
1621231865000;11503076;0.86089;0.86101;0.86095;0;T;True;2
1621231866000;11503077;0.86089;0.86101;0.86095;0;T;True;2
1621231867000;11503078;0.86089;0.86101;0.86095;0;T;True;2
1621231868000;11503079;0.86089;0.86101;0.86095;0;T;True;2
1621231869000;11503080;0.86089;0.86101;0.86095;0;T;True;2
1621231870000;11503081;0.86089;0.86101;0.86095;0;T;True;2
1621231871000;11503082;0.86089;0.86101;0.86095;0;T;True;2
1621231872000;11503084;0.86089;0.86101;0.86095;1;T;True;2
1621231873000;11503085;0.86089;0.86101;0.86095;0;T;True;2
1621231874000;11503086;0.86089;0.86101;0.86095;0;T;True;2
1621231875000;11503087;0.86089;0.86101;0.86095;0;T;True;2
1621231876000;11503088;0.86089;0.86101;0.86095;0;T;True;2
1621231877000;11503089;0.86089;0.86101;0.86095;0;T;True;2
1621231878000;11503093;0.86092;0.86104;0.86098;3;T;True;2
1621231879000;11503094;0.86092;0.86104;0.86098;0;T;True;2
1621231880000;11503095;0.86092;0.86104;0.86098;0;T;True;2
1621231881000;11503096;0.86092;0.86104;0.86098;0;T;True;2
1621231882000;11503098;0.86091;0.86103;0.86097;1;T;True;2
1621231883000;11503099;0.86091;0.86103;0.86097;0;T;True;2
1621231884000;11503101;0.86092;0.86104;0.86098;1;T;True;2
1621231885000;11503102;0.86092;0.86104;0.86098;0;T;True;2
1621231886000;11503104;0.86091;0.86103;0.86097;1;T;True;2
1621231887000;11503105;0.86091;0.86103;0.86097;0;T;True;2
1621231888000;11503106;0.86091;0.86103;0.86097;0;T;True;2
1621231889000;11503107;0.86091;0.86103;0.86097;0;T;True;2
1621231890000;11503108;0.86091;0.86103;0.86097;0;T;True;2
1621231891000;11503110;0.86091;0.86103;0.86097;1;T;True;2
1621231892000;11503112;0.86091;0.86103;0.86097;1;T;True;2
1621231893000;11503114;0.86091;0.86103;0.86097;1;T;True;2
1621231894000;11503115;0.86091;0.86103;0.86097;0;T;True;2
1621231895000;11503117;0.86091;0.86103;0.86097;1;T;True;2
1621231896000;11503118;0.86091;0.86103;0.86097;0;T;True;2
1621231897000;11503120;0.86093;0.86105;0.86099;1;T;True;2
1621231898000;11503124;0.86091;0.86103;0.86097;3;T;True;2
1621231899000;11503125;0.86091;0.86103;0.86097;0;T;True;2
1621231900000;11503126;0.86091;0.86103;0.86097;0;T;True;2
1621231901000;11503127;0.86091;0.86103;0.86097;0;T;True;2
1621231902000;11503128;0.86091;0.86103;0.86097;0;T;True;2
1621231903000;11503129;0.86091;0.86103;0.86097;0;T;True;2
1621231904000;11503131;0.86093;0.86105;0.86099;1;T;True;2
1621231905000;11503132;0.86093;0.86105;0.86099;0;T;True;2
1621231906000;11503133;0.86093;0.86105;0.86099;0;T;True;2
1621231907000;11503134;0.86093;0.86105;0.86099;0;T;True;2
1621231908000;11503135;0.86093;0.86105;0.86099;0;T;True;2
1621231909000;11503136;0.86093;0.86105;0.86099;0;T;True;2
1621231910000;11503137;0.86093;0.86105;0.86099;0;T;True;2
1621231911000;11503138;0.86093;0.86105;0.86099;0;T;True;2
1621231912000;11503139;0.86093;0.86105;0.86099;0;T;True;2
1621231913000;11503140;0.86093;0.86105;0.86099;0;T;True;2
1621231914000;11503141;0.86093;0.86105;0.86099;0;T;True;2
1621231915000;11503142;0.86093;0.86105;0.86099;0;T;True;2
1621231916000;11503143;0.86093;0.86105;0.86099;0;T;True;2
1621231917000;11503144;0.86093;0.86105;0.86099;0;T;True;2
1621231918000;11503146;0.86093;0.86105;0.86099;1;T;True;2
1621231919000;11503149;0.86093;0.86105;0.86099;2;T;True;2
1621231920000;11503150;0.86093;0.86105;0.86099;0;T;True;2
1621231921000;11503151;0.86093;0.86105;0.86099;0;T;True;2
1621231922000;11503152;0.86093;0.86105;0.86099;0;T;True;2
1621231923000;11503153;0.86093;0.86105;0.86099;0;T;True;2
1621231924000;11503154;0.86093;0.86105;0.86099;0;T;True;2
1621231925000;11503155;0.86093;0.86105;0.86099;0;T;True;2
1621231926000;11503156;0.86093;0.86105;0.86099;0;T;True;2
1621231927000;11503157;0.86093;0.86105;0.86099;0;T;True;2
1621231928000;11503158;0.86093;0.86105;0.86099;0;T;True;2
1621231929000;11503160;0.86093;0.86105;0.86099;1;T;True;2
1621231930000;11503164;0.86093;0.86105;0.86099;3;T;True;2
1621231931000;11503166;0.86093;0.86105;0.86099;1;T;True;2
1621231932000;11503167;0.86093;0.86105;0.86099;0;T;True;2
1621231933000;11503170;0.86095;0.86107;0.86101;2;T;True;2
1621231934000;11503171;0.86095;0.86107;0.86101;0;T;True;2
1621231935000;11503172;0.86095;0.86107;0.86101;0;T;True;2
1621231936000;11503173;0.86095;0.86107;0.86101;0;T;True;2
1621231937000;11503174;0.86095;0.86107;0.86101;0;T;True;2
1621231938000;11503175;0.86095;0.86107;0.86101;0;T;True;2
1621231939000;11503181;0.86101;0.86113;0.86107;5;T;True;2
1621231940000;11503182;0.86101;0.86113;0.86107;0;T;True;2
1621231941000;11503183;0.86101;0.86113;0.86107;0;T;True;2
1621231942000;11503188;0.86099;0.86111;0.86105;4;T;True;2
1621231943000;11503192;0.86101;0.86113;0.86107;3;T;True;2
1621231944000;11503193;0.86101;0.86113;0.86107;0;T;True;2
1621231945000;11503197;0.86099;0.86111;0.86105;3;T;True;2
1621231946000;11503198;0.86099;0.86111;0.86105;0;T;True;2
1621231947000;11503199;0.86099;0.86111;0.86105;0;T;True;2
1621231948000;11503200;0.86099;0.86111;0.86105;0;T;True;2
1621231949000;11503201;0.86099;0.86111;0.86105;0;T;True;2
1621231950000;11503202;0.86099;0.86111;0.86105;0;T;True;2
1621231951000;11503203;0.86099;0.86111;0.86105;0;T;True;2
1621231952000;11503205;0.86101;0.86113;0.86107;1;T;True;2
1621231953000;11503206;0.86101;0.86113;0.86107;0;T;True;2
1621231954000;11503207;0.86101;0.86113;0.86107;0;T;True;2
1621231955000;11503208;0.86101;0.86113;0.86107;0;T;True;2
1621231956000;11503209;0.86101;0.86113;0.86107;0;T;True;2
1621231957000;11503210;0.86101;0.86113;0.86107;0;T;True;2
1621231958000;11503211;0.86101;0.86113;0.86107;0;T;True;2
1621231959000;11503213;0.86099;0.86111;0.86105;1;T;True;2
1621231960000;11503214;0.86099;0.86111;0.86105;0;T;True;2
1621231961000;11503215;0.86099;0.86111;0.86105;0;T;True;2
1621231962000;11503216;0.86099;0.86111;0.86105;0;T;True;2
1621231963000;11503219;0.86096;0.86108;0.86102;2;T;True;2
1621231964000;11503221;0.86095;0.86107;0.86101;1;T;True;2
1621231965000;11503225;0.86093;0.86105;0.86099;3;T;True;2
1621231966000;11503226;0.86093;0.86105;0.86099;0;T;True;2
1621231967000;11503227;0.86093;0.86105;0.86099;0;T;True;2
1621231968000;11503228;0.86093;0.86105;0.86099;0;T;True;2
1621231969000;11503232;0.86096;0.86108;0.86102;3;T;True;2
1621231970000;11503233;0.86096;0.86108;0.86102;0;T;True;2
1621231971000;11503234;0.86096;0.86108;0.86102;0;T;True;2
1621231972000;11503235;0.86096;0.86108;0.86102;0;T;True;2
1621231973000;11503236;0.86096;0.86108;0.86102;0;T;True;2
1621231974000;11503237;0.86096;0.86108;0.86102;0;T;True;2
1621231975000;11503238;0.86096;0.86108;0.86102;0;T;True;2
1621231976000;11503239;0.86096;0.86108;0.86102;0;T;True;2
1621231977000;11503240;0.86096;0.86108;0.86102;0;T;True;2
1621231978000;11503245;0.86096;0.86108;0.86102;4;T;True;2
1621231979000;11503246;0.86096;0.86108;0.86102;0;T;True;2
1621231980000;11503247;0.86096;0.86108;0.86102;0;T;True;2
1621231981000;11503251;0.86097;0.86109;0.86103;3;T;True;2
1621231982000;11503252;0.86097;0.86109;0.86103;0;T;True;2
1621231983000;11503253;0.86097;0.86109;0.86103;0;T;True;2
1621231984000;11503254;0.86097;0.86109;0.86103;0;T;True;2
1621231985000;11503256;0.86097;0.86109;0.86103;1;T;True;2
1621231986000;11503257;0.86097;0.86109;0.86103;0;T;True;2
1621231987000;11503261;0.86097;0.86109;0.86103;3;T;True;2
1621231988000;11503262;0.86097;0.86109;0.86103;0;T;True;2
1621231989000;11503264;0.86095;0.86107;0.86101;1;T;True;2
1621231990000;11503265;0.86095;0.86107;0.86101;0;T;True;2
1621231991000;11503266;0.86095;0.86107;0.86101;0;T;True;2
1621231992000;11503267;0.86095;0.86107;0.86101;0;T;True;2
1621231993000;11503268;0.86095;0.86107;0.86101;0;T;True;2
1621231994000;11503272;0.86093;0.86105;0.86099;3;T;True;2
1621231995000;11503273;0.86093;0.86105;0.86099;0;T;True;2
1621231996000;11503274;0.86093;0.86105;0.86099;0;T;True;2
1621231997000;11503275;0.86093;0.86105;0.86099;0;T;True;2
1621231998000;11503276;0.86093;0.86105;0.86099;0;T;True;2
1621231999000;11503277;0.86093;0.86105;0.86099;0;T;True;2
1621232000000;11503280;0.86091;0.86103;0.86097;2;T;True;2
1621232001000;11503282;0.86091;0.86103;0.86097;1;T;True;2
1621232002000;11503284;0.86091;0.86103;0.86097;1;T;True;2
1621232003000;11503285;0.86091;0.86103;0.86097;0;T;True;2
1621232004000;11503286;0.86091;0.86103;0.86097;0;T;True;2
1621232005000;11503288;0.86092;0.86104;0.86098;1;T;True;2
1621232006000;11503289;0.86092;0.86104;0.86098;0;T;True;2
1621232007000;11503290;0.86092;0.86104;0.86098;0;T;True;2
1621232008000;11503291;0.86092;0.86104;0.86098;0;T;True;2
1621232009000;11503292;0.86092;0.86104;0.86098;0;T;True;2
1621232010000;11503293;0.86092;0.86104;0.86098;0;T;True;2
1621232011000;11503294;0.86092;0.86104;0.86098;0;T;True;2
1621232012000;11503295;0.86092;0.86104;0.86098;0;T;True;2
1621232013000;11503296;0.86092;0.86104;0.86098;0;T;True;2
1621232014000;11503297;0.86092;0.86104;0.86098;0;T;True;2
1621232015000;11503298;0.86092;0.86104;0.86098;0;T;True;2
1621232016000;11503300;0.86092;0.86104;0.86098;1;T;True;2
1621232017000;11503301;0.86092;0.86104;0.86098;0;T;True;2
1621232018000;11503302;0.86092;0.86104;0.86098;0;T;True;2
1621232019000;11503303;0.86092;0.86104;0.86098;0;T;True;2
1621232020000;11503304;0.86092;0.86104;0.86098;0;T;True;2
1621232021000;11503305;0.86092;0.86104;0.86098;0;T;True;2
1621232022000;11503307;0.86091;0.86103;0.86097;1;T;True;2
1621232023000;11503312;0.86085;0.86097;0.86091;4;T;True;2
1621232024000;11503316;0.86085;0.86097;0.86091;3;T;True;2
1621232025000;11503317;0.86085;0.86097;0.86091;0;T;True;2
1621232026000;11503321;0.86083;0.86095;0.86089;3;T;True;2
1621232027000;11503322;0.86083;0.86095;0.86089;0;T;True;2
1621232028000;11503328;0.86081;0.86093;0.86087;5;T;True;2
1621232029000;11503329;0.86081;0.86093;0.86087;0;T;True;2
1621232030000;11503330;0.86081;0.86093;0.86087;0;T;True;2
1621232031000;11503333;0.86081;0.86093;0.86087;2;T;True;2
1621232032000;11503335;0.8608;0.86092;0.86086;1;T;True;2
1621232033000;11503336;0.8608;0.86092;0.86086;0;T;True;2
1621232034000;11503337;0.8608;0.86092;0.86086;0;T;True;2
1621232035000;11503338;0.8608;0.86092;0.86086;0;T;True;2
1621232036000;11503340;0.86081;0.86093;0.86087;1;T;True;2
1621232037000;11503343;0.86083;0.86095;0.86089;2;T;True;2
1621232038000;11503345;0.86084;0.86096;0.8609;1;T;True;2
1621232039000;11503346;0.86084;0.86096;0.8609;0;T;True;2
1621232040000;11503347;0.86084;0.86096;0.8609;0;T;True;2
1621232041000;11503348;0.86084;0.86096;0.8609;0;T;True;2
1621232042000;11503350;0.86085;0.86097;0.86091;1;T;True;2
1621232043000;11503351;0.86085;0.86097;0.86091;0;T;True;2
1621232044000;11503352;0.86085;0.86097;0.86091;0;T;True;2
1621232045000;11503355;0.86083;0.86095;0.86089;2;T;True;2
1621232046000;11503356;0.86083;0.86095;0.86089;0;T;True;2
1621232047000;11503361;0.86089;0.86101;0.86095;4;T;True;2
1621232048000;11503364;0.86087;0.86099;0.86093;2;T;True;2
1621232049000;11503365;0.86087;0.86099;0.86093;0;T;True;2
1621232050000;11503366;0.86087;0.86099;0.86093;0;T;True;2
1621232051000;11503370;0.86089;0.86101;0.86095;3;T;True;2
1621232052000;11503372;0.8609;0.86102;0.86096;1;T;True;2
1621232053000;11503374;0.86089;0.86101;0.86095;1;T;True;2
1621232054000;11503377;0.86087;0.86099;0.86093;2;T;True;2
1621232055000;11503380;0.86087;0.86099;0.86093;2;T;True;2
1621232056000;11503381;0.86087;0.86099;0.86093;0;T;True;2
1621232057000;11503382;0.86087;0.86099;0.86093;0;T;True;2
1621232058000;11503383;0.86087;0.86099;0.86093;0;T;True;2
1621232059000;11503390;0.86089;0.86101;0.86095;6;T;True;2
1621232060000;11503391;0.86089;0.86101;0.86095;0;T;True;2
1621232061000;11503393;0.8609;0.86102;0.86096;1;T;True;2
1621232062000;11503395;0.86091;0.86103;0.86097;1;T;True;2
1621232063000;11503396;0.86091;0.86103;0.86097;0;T;True;2
1621232064000;11503397;0.86091;0.86103;0.86097;0;T;True;2
1621232065000;11503398;0.86091;0.86103;0.86097;0;T;True;2
1621232066000;11503399;0.86091;0.86103;0.86097;0;T;True;2
1621232067000;11503400;0.86091;0.86103;0.86097;0;T;True;2
1621232068000;11503401;0.86091;0.86103;0.86097;0;T;True;2
1621232069000;11503402;0.86091;0.86103;0.86097;0;T;True;2
1621232070000;11503403;0.86091;0.86103;0.86097;0;T;True;2
1621232071000;11503404;0.86091;0.86103;0.86097;0;T;True;2
1621232072000;11503407;0.86093;0.86105;0.86099;2;T;True;2
1621232073000;11503408;0.86093;0.86105;0.86099;0;T;True;2
1621232074000;11503409;0.86093;0.86105;0.86099;0;T;True;2
1621232075000;11503410;0.86093;0.86105;0.86099;0;T;True;2
1621232076000;11503412;0.86092;0.86104;0.86098;1;T;True;2
1621232077000;11503413;0.86092;0.86104;0.86098;0;T;True;2
1621232078000;11503414;0.86092;0.86104;0.86098;0;T;True;2
1621232079000;11503416;0.86093;0.86105;0.86099;1;T;True;2
1621232080000;11503418;0.86092;0.86104;0.86098;1;T;True;2
1621232081000;11503419;0.86092;0.86104;0.86098;0;T;True;2
1621232082000;11503423;0.86093;0.86105;0.86099;3;T;True;2
1621232083000;11503424;0.86093;0.86105;0.86099;0;T;True;2
1621232084000;11503431;0.86088;0.861;0.86094;6;T;True;2
1621232085000;11503432;0.86088;0.861;0.86094;0;T;True;2
1621232086000;11503435;0.86089;0.86101;0.86095;2;T;True;2
1621232087000;11503440;0.86092;0.86104;0.86098;4;T;True;2
1621232088000;11503448;0.86091;0.86103;0.86097;7;T;True;2
1621232089000;11503449;0.86091;0.86103;0.86097;0;T;True;2
1621232090000;11503453;0.86092;0.86104;0.86098;3;T;True;2
1621232091000;11503454;0.86092;0.86104;0.86098;0;T;True;2
1621232092000;11503455;0.86092;0.86104;0.86098;0;T;True;2
1621232093000;11503456;0.86092;0.86104;0.86098;0;T;True;2
1621232094000;11503457;0.86092;0.86104;0.86098;0;T;True;2
1621232095000;11503458;0.86092;0.86104;0.86098;0;T;True;2
1621232096000;11503459;0.86092;0.86104;0.86098;0;T;True;2
1621232097000;11503460;0.86092;0.86104;0.86098;0;T;True;2
1621232098000;11503461;0.86092;0.86104;0.86098;0;T;True;2
1621232099000;11503462;0.86092;0.86104;0.86098;0;T;True;2
1621232100000;11503465;0.86092;0.86104;0.86098;2;T;True;2
1621232101000;11503470;0.86091;0.86103;0.86097;4;T;True;2
1621232102000;11503471;0.86091;0.86103;0.86097;0;T;True;2
1621232103000;11503472;0.86091;0.86103;0.86097;0;T;True;2
1621232104000;11503473;0.86091;0.86103;0.86097;0;T;True;2
1621232105000;11503474;0.86091;0.86103;0.86097;0;T;True;2
1621232106000;11503475;0.86091;0.86103;0.86097;0;T;True;2
1621232107000;11503476;0.86091;0.86103;0.86097;0;T;True;2
1621232108000;11503477;0.86091;0.86103;0.86097;0;T;True;2
1621232109000;11503478;0.86091;0.86103;0.86097;0;T;True;2
1621232110000;11503482;0.86089;0.86101;0.86095;3;T;True;2
1621232111000;11503485;0.86087;0.86099;0.86093;2;T;True;2
1621232112000;11503487;0.86086;0.86098;0.86092;1;T;True;2
1621232113000;11503488;0.86086;0.86098;0.86092;0;T;True;2
1621232114000;11503490;0.86087;0.86099;0.86093;1;T;True;2
1621232115000;11503491;0.86087;0.86099;0.86093;0;T;True;2
1621232116000;11503492;0.86087;0.86099;0.86093;0;T;True;2
1621232117000;11503493;0.86087;0.86099;0.86093;0;T;True;2
1621232118000;11503495;0.86089;0.86101;0.86095;1;T;True;2
1621232119000;11503496;0.86089;0.86101;0.86095;0;T;True;2
1621232120000;11503497;0.86089;0.86101;0.86095;0;T;True;2
1621232121000;11503500;0.86087;0.86099;0.86093;2;T;True;2
1621232122000;11503503;0.86085;0.86097;0.86091;2;T;True;2
1621232123000;11503504;0.86085;0.86097;0.86091;0;T;True;2
1621232124000;11503505;0.86085;0.86097;0.86091;0;T;True;2
1621232125000;11503507;0.86083;0.86095;0.86089;1;T;True;2
1621232126000;11503511;0.86083;0.86095;0.86089;3;T;True;2
1621232127000;11503512;0.86083;0.86095;0.86089;0;T;True;2
1621232128000;11503513;0.86083;0.86095;0.86089;0;T;True;2
1621232129000;11503514;0.86083;0.86095;0.86089;0;T;True;2
1621232130000;11503515;0.86083;0.86095;0.86089;0;T;True;2
1621232131000;11503516;0.86083;0.86095;0.86089;0;T;True;2
1621232132000;11503517;0.86083;0.86095;0.86089;0;T;True;2
1621232133000;11503520;0.86085;0.86097;0.86091;2;T;True;2
1621232134000;11503521;0.86085;0.86097;0.86091;0;T;True;2
1621232135000;11503525;0.86083;0.86095;0.86089;3;T;True;2
1621232136000;11503526;0.86083;0.86095;0.86089;0;T;True;2
1621232137000;11503527;0.86083;0.86095;0.86089;0;T;True;2
1621232138000;11503528;0.86083;0.86095;0.86089;0;T;True;2
1621232139000;11503529;0.86083;0.86095;0.86089;0;T;True;2
1621232140000;11503531;0.86081;0.86093;0.86087;1;T;True;2
1621232141000;11503532;0.86081;0.86093;0.86087;0;T;True;2
1621232142000;11503533;0.86081;0.86093;0.86087;0;T;True;2
1621232143000;11503534;0.86081;0.86093;0.86087;0;T;True;2
1621232144000;11503542;0.86075;0.86087;0.86081;7;T;True;2
1621232145000;11503547;0.86075;0.86087;0.86081;4;T;True;2
1621232146000;11503551;0.86075;0.86087;0.86081;3;T;True;2
1621232147000;11503553;0.86075;0.86087;0.86081;1;T;True;2
1621232148000;11503554;0.86075;0.86087;0.86081;0;T;True;2
1621232149000;11503556;0.86075;0.86087;0.86081;1;T;True;2
1621232150000;11503557;0.86075;0.86087;0.86081;0;T;True;2
1621232151000;11503558;0.86075;0.86087;0.86081;0;T;True;2
1621232152000;11503560;0.86079;0.86091;0.86085;1;T;True;2
1621232153000;11503561;0.86079;0.86091;0.86085;0;T;True;2
1621232154000;11503562;0.86079;0.86091;0.86085;0;T;True;2
1621232155000;11503563;0.86079;0.86091;0.86085;0;T;True;2
1621232156000;11503564;0.86079;0.86091;0.86085;0;T;True;2
1621232157000;11503566;0.86079;0.86091;0.86085;1;T;True;2
1621232158000;11503567;0.86079;0.86091;0.86085;0;T;True;2
1621232159000;11503568;0.86079;0.86091;0.86085;0;T;True;2
1621232160000;11503569;0.86079;0.86091;0.86085;0;T;True;2
1621232161000;11503570;0.86079;0.86091;0.86085;0;T;True;2
1621232162000;11503577;0.86077;0.86089;0.86083;6;T;True;2
1621232163000;11503578;0.86077;0.86089;0.86083;0;T;True;2
1621232164000;11503583;0.86071;0.86083;0.86077;4;T;True;2
1621232165000;11503585;0.86071;0.86083;0.86077;1;T;True;2
1621232166000;11503587;0.86071;0.86083;0.86077;1;T;True;2
1621232167000;11503591;0.86073;0.86085;0.86079;3;T;True;2
1621232168000;11503596;0.86073;0.86085;0.86079;4;T;True;2
1621232169000;11503597;0.86073;0.86085;0.86079;0;T;True;2
1621232170000;11503599;0.86075;0.86087;0.86081;1;T;True;2
1621232171000;11503601;0.86075;0.86087;0.86081;1;T;True;2
1621232172000;11503603;0.86075;0.86087;0.86081;1;T;True;2
1621232173000;11503605;0.86073;0.86085;0.86079;1;T;True;2
1621232174000;11503606;0.86073;0.86085;0.86079;0;T;True;2
1621232175000;11503617;0.8608;0.86092;0.86086;10;T;True;2
1621232176000;11503619;0.8608;0.86092;0.86086;1;T;True;2
1621232177000;11503620;0.8608;0.86092;0.86086;0;T;True;2
1621232178000;11503627;0.86079;0.86091;0.86085;6;T;True;2
1621232179000;11503630;0.8608;0.86092;0.86086;2;T;True;2
1621232180000;11503631;0.8608;0.86092;0.86086;0;T;True;2
1621232181000;11503634;0.86079;0.86091;0.86085;2;T;True;2
1621232182000;11503638;0.86077;0.86089;0.86083;3;T;True;2
1621232183000;11503644;0.86076;0.86088;0.86082;5;T;True;2
1621232184000;11503648;0.86076;0.86088;0.86082;3;T;True;2
1621232185000;11503651;0.86075;0.86087;0.86081;2;T;True;2
1621232186000;11503652;0.86075;0.86087;0.86081;0;T;True;2
1621232187000;11503653;0.86075;0.86087;0.86081;0;T;True;2
1621232188000;11503654;0.86075;0.86087;0.86081;0;T;True;2
1621232189000;11503655;0.86075;0.86087;0.86081;0;T;True;2
1621232190000;11503657;0.86075;0.86087;0.86081;1;T;True;2
1621232191000;11503660;0.86076;0.86088;0.86082;2;T;True;2
1621232192000;11503663;0.86079;0.86091;0.86085;2;T;True;2
1621232193000;11503667;0.86079;0.86091;0.86085;3;T;True;2
1621232194000;11503668;0.86079;0.86091;0.86085;0;T;True;2
1621232195000;11503669;0.86079;0.86091;0.86085;0;T;True;2
1621232196000;11503670;0.86079;0.86091;0.86085;0;T;True;2
1621232197000;11503671;0.86079;0.86091;0.86085;0;T;True;2
1621232198000;11503672;0.86079;0.86091;0.86085;0;T;True;2
1621232199000;11503675;0.86079;0.86091;0.86085;2;T;True;2
1621232200000;11503677;0.86081;0.86093;0.86087;1;T;True;2
1621232201000;11503678;0.86081;0.86093;0.86087;0;T;True;2
1621232202000;11503684;0.86075;0.86087;0.86081;5;T;True;2
1621232203000;11503686;0.86073;0.86085;0.86079;1;T;True;2
1621232204000;11503689;0.8607;0.86082;0.86076;2;T;True;2
1621232205000;11503691;0.86069;0.86081;0.86075;1;T;True;2
1621232206000;11503694;0.86067;0.86079;0.86073;2;T;True;2
1621232207000;11503695;0.86067;0.86079;0.86073;0;T;True;2
1621232208000;11503698;0.8607;0.86082;0.86076;2;T;True;2
1621232209000;11503700;0.86071;0.86083;0.86077;1;T;True;2
1621232210000;11503703;0.86069;0.86081;0.86075;2;T;True;2
1621232211000;11503705;0.86067;0.86079;0.86073;1;T;True;2
1621232212000;11503706;0.86067;0.86079;0.86073;0;T;True;2
1621232213000;11503707;0.86067;0.86079;0.86073;0;T;True;2
1621232214000;11503711;0.86065;0.86077;0.86071;3;T;True;2
1621232215000;11503712;0.86065;0.86077;0.86071;0;T;True;2
1621232216000;11503713;0.86065;0.86077;0.86071;0;T;True;2
1621232217000;11503722;0.86065;0.86077;0.86071;8;T;True;2
1621232218000;11503725;0.86065;0.86077;0.86071;2;T;True;2
1621232219000;11503728;0.86065;0.86077;0.86071;2;T;True;2
1621232220000;11503729;0.86065;0.86077;0.86071;0;T;True;2
1621232221000;11503730;0.86065;0.86077;0.86071;0;T;True;2
1621232222000;11503733;0.86065;0.86077;0.86071;2;T;True;2
1621232223000;11503734;0.86065;0.86077;0.86071;0;T;True;2
1621232224000;11503735;0.86065;0.86077;0.86071;0;T;True;2
1621232225000;11503739;0.86062;0.86074;0.86068;3;T;True;2
1621232226000;11503741;0.86062;0.86074;0.86068;1;T;True;2
1621232227000;11503743;0.86063;0.86075;0.86069;1;T;True;2
1621232228000;11503744;0.86063;0.86075;0.86069;0;T;True;2
1621232229000;11503745;0.86063;0.86075;0.86069;0;T;True;2
1621232230000;11503746;0.86063;0.86075;0.86069;0;T;True;2
1621232231000;11503748;0.86063;0.86075;0.86069;1;T;True;2
1621232232000;11503750;0.86063;0.86075;0.86069;1;T;True;2
1621232233000;11503751;0.86063;0.86075;0.86069;0;T;True;2
1621232234000;11503754;0.86063;0.86075;0.86069;2;T;True;2
1621232235000;11503755;0.86063;0.86075;0.86069;0;T;True;2
1621232236000;11503756;0.86063;0.86075;0.86069;0;T;True;2
1621232237000;11503759;0.86061;0.86073;0.86067;2;T;True;2
1621232238000;11503760;0.86061;0.86073;0.86067;0;T;True;2
1621232239000;11503761;0.86061;0.86073;0.86067;0;T;True;2
1621232240000;11503762;0.86061;0.86073;0.86067;0;T;True;2
1621232241000;11503765;0.86063;0.86075;0.86069;2;T;True;2
1621232242000;11503770;0.86064;0.86076;0.8607;4;T;True;2
1621232243000;11503771;0.86064;0.86076;0.8607;0;T;True;2
1621232244000;11503773;0.86065;0.86077;0.86071;1;T;True;2
1621232245000;11503774;0.86065;0.86077;0.86071;0;T;True;2
1621232246000;11503777;0.86061;0.86073;0.86067;2;T;True;2
1621232247000;11503780;0.86058;0.8607;0.86064;2;T;True;2
1621232248000;11503783;0.8606;0.86072;0.86066;2;T;True;2
1621232249000;11503785;0.86061;0.86073;0.86067;1;T;True;2
1621232250000;11503787;0.8606;0.86072;0.86066;1;T;True;2
1621232251000;11503788;0.8606;0.86072;0.86066;0;T;True;2
1621232252000;11503792;0.86059;0.86071;0.86065;3;T;True;2
1621232253000;11503794;0.86059;0.86071;0.86065;1;T;True;2
1621232254000;11503800;0.86061;0.86073;0.86067;5;T;True;2
1621232255000;11503802;0.86063;0.86075;0.86069;1;T;True;2
1621232256000;11503803;0.86063;0.86075;0.86069;0;T;True;2
1621232257000;11503804;0.86063;0.86075;0.86069;0;T;True;2
1621232258000;11503807;0.86061;0.86073;0.86067;2;T;True;2
1621232259000;11503809;0.86061;0.86073;0.86067;1;T;True;2
1621232260000;11503810;0.86061;0.86073;0.86067;0;T;True;2
1621232261000;11503811;0.86061;0.86073;0.86067;0;T;True;2
1621232262000;11503815;0.86065;0.86077;0.86071;3;T;True;2
1621232263000;11503817;0.86064;0.86076;0.8607;1;T;True;2
1621232264000;11503819;0.86065;0.86077;0.86071;1;T;True;2
1621232265000;11503820;0.86065;0.86077;0.86071;0;T;True;2
1621232266000;11503821;0.86065;0.86077;0.86071;0;T;True;2
1621232267000;11503825;0.86065;0.86077;0.86071;3;T;True;2
1621232268000;11503826;0.86065;0.86077;0.86071;0;T;True;2
1621232269000;11503827;0.86065;0.86077;0.86071;0;T;True;2
1621232270000;11503828;0.86065;0.86077;0.86071;0;T;True;2
1621232271000;11503832;0.86068;0.8608;0.86074;3;T;True;2
1621232272000;11503837;0.86067;0.86079;0.86073;4;T;True;2
1621232273000;11503838;0.86067;0.86079;0.86073;0;T;True;2
1621232274000;11503840;0.86067;0.86079;0.86073;1;T;True;2
1621232275000;11503841;0.86067;0.86079;0.86073;0;T;True;2
1621232276000;11503843;0.86065;0.86077;0.86071;1;T;True;2
1621232277000;11503845;0.86065;0.86077;0.86071;1;T;True;2
1621232278000;11503846;0.86065;0.86077;0.86071;0;T;True;2
1621232279000;11503848;0.86066;0.86078;0.86072;1;T;True;2
1621232280000;11503850;0.86067;0.86079;0.86073;1;T;True;2
1621232281000;11503855;0.86069;0.86081;0.86075;4;T;True;2
1621232282000;11503858;0.86069;0.86081;0.86075;2;T;True;2
1621232283000;11503860;0.86069;0.86081;0.86075;1;T;True;2
1621232284000;11503864;0.86069;0.86081;0.86075;3;T;True;2
1621232285000;11503865;0.86069;0.86081;0.86075;0;T;True;2
1621232286000;11503867;0.86069;0.86081;0.86075;1;T;True;2
1621232287000;11503870;0.86069;0.86081;0.86075;2;T;True;2
1621232288000;11503871;0.86069;0.86081;0.86075;0;T;True;2
1621232289000;11503873;0.86071;0.86083;0.86077;1;T;True;2
1621232290000;11503874;0.86071;0.86083;0.86077;0;T;True;2
1621232291000;11503875;0.86071;0.86083;0.86077;0;T;True;2
1621232292000;11503876;0.86071;0.86083;0.86077;0;T;True;2
1621232293000;11503878;0.86072;0.86084;0.86078;1;T;True;2
1621232294000;11503882;0.86071;0.86083;0.86077;3;T;True;2
1621232295000;11503883;0.86071;0.86083;0.86077;0;T;True;2
1621232296000;11503884;0.86071;0.86083;0.86077;0;T;True;2
1621232297000;11503886;0.8607;0.86082;0.86076;1;T;True;2
1621232298000;11503891;0.86066;0.86078;0.86072;4;T;True;2
1621232299000;11503892;0.86066;0.86078;0.86072;0;T;True;2
1621232300000;11503894;0.86065;0.86077;0.86071;1;T;True;2
1621232301000;11503898;0.86067;0.86079;0.86073;3;T;True;2
1621232302000;11503900;0.86067;0.86079;0.86073;1;T;True;2
1621232303000;11503902;0.86069;0.86081;0.86075;1;T;True;2
1621232304000;11503903;0.86069;0.86081;0.86075;0;T;True;2
1621232305000;11503904;0.86069;0.86081;0.86075;0;T;True;2
1621232306000;11503905;0.86069;0.86081;0.86075;0;T;True;2
1621232307000;11503908;0.86069;0.86081;0.86075;2;T;True;2
1621232308000;11503909;0.86069;0.86081;0.86075;0;T;True;2
1621232309000;11503910;0.86069;0.86081;0.86075;0;T;True;2
1621232310000;11503911;0.86069;0.86081;0.86075;0;T;True;2
1621232311000;11503914;0.86067;0.86079;0.86073;2;T;True;2
1621232312000;11503917;0.86068;0.8608;0.86074;2;T;True;2
1621232313000;11503918;0.86068;0.8608;0.86074;0;T;True;2
1621232314000;11503919;0.86068;0.8608;0.86074;0;T;True;2
1621232315000;11503920;0.86068;0.8608;0.86074;0;T;True;2
1621232316000;11503922;0.86069;0.86081;0.86075;1;T;True;2
1621232317000;11503923;0.86069;0.86081;0.86075;0;T;True;2
1621232318000;11503926;0.8607;0.86082;0.86076;2;T;True;2
1621232319000;11503928;0.86071;0.86083;0.86077;1;T;True;2
1621232320000;11503932;0.86073;0.86085;0.86079;3;T;True;2
1621232321000;11503934;0.86073;0.86085;0.86079;1;T;True;2
1621232322000;11503935;0.86073;0.86085;0.86079;0;T;True;2
1621232323000;11503936;0.86073;0.86085;0.86079;0;T;True;2
1621232324000;11503937;0.86073;0.86085;0.86079;0;T;True;2
1621232325000;11503938;0.86073;0.86085;0.86079;0;T;True;2
1621232326000;11503939;0.86073;0.86085;0.86079;0;T;True;2
1621232327000;11503940;0.86073;0.86085;0.86079;0;T;True;2
1621232328000;11503941;0.86073;0.86085;0.86079;0;T;True;2
1621232329000;11503943;0.86073;0.86085;0.86079;1;T;True;2
1621232330000;11503944;0.86073;0.86085;0.86079;0;T;True;2
1621232331000;11503946;0.86074;0.86086;0.8608;1;T;True;2
1621232332000;11503948;0.86073;0.86085;0.86079;1;T;True;2
1621232333000;11503952;0.86073;0.86085;0.86079;3;T;True;2
1621232334000;11503954;0.86074;0.86086;0.8608;1;T;True;2
1621232335000;11503955;0.86074;0.86086;0.8608;0;T;True;2
1621232336000;11503956;0.86074;0.86086;0.8608;0;T;True;2
1621232337000;11503957;0.86074;0.86086;0.8608;0;T;True;2
1621232338000;11503958;0.86074;0.86086;0.8608;0;T;True;2
1621232339000;11503959;0.86074;0.86086;0.8608;0;T;True;2
1621232340000;11503960;0.86074;0.86086;0.8608;0;T;True;2
1621232341000;11503964;0.86077;0.86089;0.86083;3;T;True;2
1621232342000;11503966;0.86077;0.86089;0.86083;1;T;True;2
1621232343000;11503967;0.86077;0.86089;0.86083;0;T;True;2
1621232344000;11503969;0.86077;0.86089;0.86083;1;T;True;2
1621232345000;11503971;0.86079;0.86091;0.86085;1;T;True;2
1621232346000;11503972;0.86079;0.86091;0.86085;0;T;True;2
1621232347000;11503973;0.86079;0.86091;0.86085;0;T;True;2
1621232348000;11503974;0.86079;0.86091;0.86085;0;T;True;2
1621232349000;11503975;0.86079;0.86091;0.86085;0;T;True;2
1621232350000;11503976;0.86079;0.86091;0.86085;0;T;True;2
1621232351000;11503979;0.86078;0.8609;0.86084;2;T;True;2
1621232352000;11503980;0.86078;0.8609;0.86084;0;T;True;2
1621232353000;11503981;0.86078;0.8609;0.86084;0;T;True;2
1621232354000;11503982;0.86078;0.8609;0.86084;0;T;True;2
1621232355000;11503983;0.86078;0.8609;0.86084;0;T;True;2
1621232356000;11503984;0.86078;0.8609;0.86084;0;T;True;2
1621232357000;11503986;0.86076;0.86088;0.86082;1;T;True;2
1621232358000;11503987;0.86076;0.86088;0.86082;0;T;True;2
1621232359000;11503990;0.86075;0.86087;0.86081;2;T;True;2
1621232360000;11503991;0.86075;0.86087;0.86081;0;T;True;2
1621232361000;11503995;0.86072;0.86084;0.86078;3;T;True;2
1621232362000;11503997;0.86071;0.86083;0.86077;1;T;True;2
1621232363000;11503998;0.86071;0.86083;0.86077;0;T;True;2
1621232364000;11503999;0.86071;0.86083;0.86077;0;T;True;2
1621232365000;11504000;0.86071;0.86083;0.86077;0;T;True;2
1621232366000;11504001;0.86071;0.86083;0.86077;0;T;True;2
1621232367000;11504002;0.86071;0.86083;0.86077;0;T;True;2
1621232368000;11504003;0.86071;0.86083;0.86077;0;T;True;2
1621232369000;11504005;0.86071;0.86083;0.86077;1;T;True;2
1621232370000;11504006;0.86071;0.86083;0.86077;0;T;True;2
1621232371000;11504007;0.86071;0.86083;0.86077;0;T;True;2
1621232372000;11504010;0.86071;0.86083;0.86077;2;T;True;2
1621232373000;11504013;0.86071;0.86083;0.86077;2;T;True;2
1621232374000;11504014;0.86071;0.86083;0.86077;0;T;True;2
1621232375000;11504015;0.86071;0.86083;0.86077;0;T;True;2
1621232376000;11504016;0.86071;0.86083;0.86077;0;T;True;2
1621232377000;11504017;0.86071;0.86083;0.86077;0;T;True;2
1621232378000;11504019;0.86071;0.86083;0.86077;1;T;True;2
1621232379000;11504020;0.86071;0.86083;0.86077;0;T;True;2
1621232380000;11504021;0.86071;0.86083;0.86077;0;T;True;2
1621232381000;11504022;0.86071;0.86083;0.86077;0;T;True;2
1621232382000;11504023;0.86071;0.86083;0.86077;0;T;True;2
1621232383000;11504030;0.86073;0.86085;0.86079;6;T;True;2
1621232384000;11504031;0.86073;0.86085;0.86079;0;T;True;2
1621232385000;11504033;0.86074;0.86086;0.8608;1;T;True;2
1621232386000;11504034;0.86074;0.86086;0.8608;0;T;True;2
1621232387000;11504035;0.86074;0.86086;0.8608;0;T;True;2
1621232388000;11504036;0.86074;0.86086;0.8608;0;T;True;2
1621232389000;11504037;0.86074;0.86086;0.8608;0;T;True;2
1621232390000;11504043;0.86071;0.86083;0.86077;5;T;True;2
1621232391000;11504048;0.86071;0.86083;0.86077;4;T;True;2
1621232392000;11504049;0.86071;0.86083;0.86077;0;T;True;2
1621232393000;11504053;0.86069;0.86081;0.86075;3;T;True;2
1621232394000;11504054;0.86069;0.86081;0.86075;0;T;True;2
1621232395000;11504055;0.86069;0.86081;0.86075;0;T;True;2
1621232396000;11504058;0.86069;0.86081;0.86075;2;T;True;2
1621232397000;11504060;0.86069;0.86081;0.86075;1;T;True;2
1621232398000;11504063;0.86071;0.86083;0.86077;2;T;True;2
1621232399000;11504071;0.86077;0.86089;0.86083;7;T;True;2
1621232400000;11504072;0.86077;0.86089;0.86083;0;T;True;2
1621232401000;11504075;0.86077;0.86089;0.86083;2;T;True;2
1621232402000;11504085;0.86077;0.86089;0.86083;9;T;True;2
1621232403000;11504088;0.86077;0.86089;0.86083;2;T;True;2
1621232404000;11504089;0.86077;0.86089;0.86083;0;T;True;2
1621232405000;11504091;0.86077;0.86089;0.86083;1;T;True;2
1621232406000;11504101;0.86079;0.86091;0.86085;9;T;True;2
1621232407000;11504105;0.86081;0.86093;0.86087;3;T;True;2
1621232408000;11504113;0.86079;0.86091;0.86085;7;T;True;2
1621232409000;11504114;0.86079;0.86091;0.86085;0;T;True;2
1621232410000;11504115;0.86079;0.86091;0.86085;0;T;True;2
1621232411000;11504117;0.86078;0.8609;0.86084;1;T;True;2
1621232412000;11504118;0.86078;0.8609;0.86084;0;T;True;2
1621232413000;11504119;0.86078;0.8609;0.86084;0;T;True;2
1621232414000;11504122;0.8608;0.86092;0.86086;2;T;True;2
1621232415000;11504128;0.86081;0.86093;0.86087;5;T;True;2
1621232416000;11504130;0.86082;0.86094;0.86088;1;T;True;2
1621232417000;11504135;0.86082;0.86094;0.86088;4;T;True;2
1621232418000;11504143;0.86083;0.86095;0.86089;7;T;True;2
1621232419000;11504146;0.86083;0.86095;0.86089;2;T;True;2
1621232420000;11504157;0.86089;0.86101;0.86095;10;T;True;2
1621232421000;11504163;0.86088;0.861;0.86094;5;T;True;2
1621232422000;11504167;0.86089;0.86101;0.86095;3;T;True;2
1621232423000;11504169;0.86089;0.86101;0.86095;1;T;True;2
1621232424000;11504170;0.86089;0.86101;0.86095;0;T;True;2
1621232425000;11504171;0.86089;0.86101;0.86095;0;T;True;2
1621232426000;11504172;0.86089;0.86101;0.86095;0;T;True;2
1621232427000;11504173;0.86089;0.86101;0.86095;0;T;True;2
1621232428000;11504179;0.86082;0.86094;0.86088;5;T;True;2
1621232429000;11504183;0.86079;0.86091;0.86085;3;T;True;2
1621232430000;11504187;0.86077;0.86089;0.86083;3;T;True;2
1621232431000;11504189;0.86078;0.8609;0.86084;1;T;True;2
1621232432000;11504192;0.86079;0.86091;0.86085;2;T;True;2
1621232433000;11504199;0.86082;0.86094;0.86088;6;T;True;2
1621232434000;11504204;0.86083;0.86095;0.86089;4;T;True;2
1621232435000;11504211;0.86087;0.86099;0.86093;6;T;True;2
1621232436000;11504212;0.86087;0.86099;0.86093;0;T;True;2
1621232437000;11504214;0.86087;0.86099;0.86093;1;T;True;2
1621232438000;11504217;0.86087;0.86099;0.86093;2;T;True;2
1621232439000;11504218;0.86087;0.86099;0.86093;0;T;True;2
1621232440000;11504219;0.86087;0.86099;0.86093;0;T;True;2
1621232441000;11504220;0.86087;0.86099;0.86093;0;T;True;2
1621232442000;11504221;0.86087;0.86099;0.86093;0;T;True;2
1621232443000;11504222;0.86087;0.86099;0.86093;0;T;True;2
1621232444000;11504223;0.86087;0.86099;0.86093;0;T;True;2
1621232445000;11504227;0.86087;0.86099;0.86093;3;T;True;2
1621232446000;11504229;0.86089;0.86101;0.86095;1;T;True;2
1621232447000;11504232;0.86089;0.86101;0.86095;2;T;True;2
1621232448000;11504233;0.86089;0.86101;0.86095;0;T;True;2
1621232449000;11504234;0.86089;0.86101;0.86095;0;T;True;2
1621232450000;11504235;0.86089;0.86101;0.86095;0;T;True;2
1621232451000;11504236;0.86089;0.86101;0.86095;0;T;True;2
1621232452000;11504239;0.86089;0.86101;0.86095;2;T;True;2
1621232453000;11504240;0.86089;0.86101;0.86095;0;T;True;2
1621232454000;11504242;0.86089;0.86101;0.86095;1;T;True;2
1621232455000;11504243;0.86089;0.86101;0.86095;0;T;True;2
1621232456000;11504244;0.86089;0.86101;0.86095;0;T;True;2
1621232457000;11504246;0.86089;0.86101;0.86095;1;T;True;2
1621232458000;11504247;0.86089;0.86101;0.86095;0;T;True;2
1621232459000;11504248;0.86089;0.86101;0.86095;0;T;True;2
1621232460000;11504249;0.86089;0.86101;0.86095;0;T;True;2
1621232461000;11504251;0.86087;0.86099;0.86093;1;T;True;2
1621232462000;11504260;0.86091;0.86103;0.86097;8;T;True;2
1621232463000;11504264;0.86089;0.86101;0.86095;3;T;True;2
1621232464000;11504268;0.86091;0.86103;0.86097;3;T;True;2
1621232465000;11504271;0.86089;0.86101;0.86095;2;T;True;2
1621232466000;11504279;0.86093;0.86105;0.86099;7;T;True;2
1621232467000;11504283;0.86094;0.86106;0.861;3;T;True;2
1621232468000;11504285;0.86095;0.86107;0.86101;1;T;True;2
1621232469000;11504289;0.86093;0.86105;0.86099;3;T;True;2
1621232470000;11504292;0.86092;0.86104;0.86098;2;T;True;2
1621232471000;11504298;0.86088;0.861;0.86094;5;T;True;2
1621232472000;11504300;0.86088;0.861;0.86094;1;T;True;2
1621232473000;11504301;0.86088;0.861;0.86094;0;T;True;2
1621232474000;11504302;0.86088;0.861;0.86094;0;T;True;2
1621232475000;11504304;0.86089;0.86101;0.86095;1;T;True;2
1621232476000;11504305;0.86089;0.86101;0.86095;0;T;True;2
1621232477000;11504306;0.86089;0.86101;0.86095;0;T;True;2
1621232478000;11504309;0.86087;0.86099;0.86093;2;T;True;2
1621232479000;11504311;0.86087;0.86099;0.86093;1;T;True;2
1621232480000;11504312;0.86087;0.86099;0.86093;0;T;True;2
1621232481000;11504313;0.86087;0.86099;0.86093;0;T;True;2
1621232482000;11504314;0.86087;0.86099;0.86093;0;T;True;2
1621232483000;11504317;0.86088;0.861;0.86094;2;T;True;2
1621232484000;11504323;0.86087;0.86099;0.86093;5;T;True;2
1621232485000;11504325;0.86087;0.86099;0.86093;1;T;True;2
1621232486000;11504327;0.86087;0.86099;0.86093;1;T;True;2
1621232487000;11504333;0.86085;0.86097;0.86091;5;T;True;2
1621232488000;11504336;0.86085;0.86097;0.86091;2;T;True;2
1621232489000;11504337;0.86085;0.86097;0.86091;0;T;True;2
1621232490000;11504338;0.86085;0.86097;0.86091;0;T;True;2
1621232491000;11504339;0.86085;0.86097;0.86091;0;T;True;2
1621232492000;11504340;0.86085;0.86097;0.86091;0;T;True;2
1621232493000;11504343;0.86085;0.86097;0.86091;2;T;True;2
1621232494000;11504344;0.86085;0.86097;0.86091;0;T;True;2
1621232495000;11504345;0.86085;0.86097;0.86091;0;T;True;2
1621232496000;11504351;0.86085;0.86097;0.86091;5;T;True;2
1621232497000;11504355;0.86084;0.86096;0.8609;3;T;True;2
1621232498000;11504357;0.86084;0.86096;0.8609;1;T;True;2
1621232499000;11504358;0.86084;0.86096;0.8609;0;T;True;2
1621232500000;11504362;0.86087;0.86099;0.86093;3;T;True;2
1621232501000;11504365;0.86087;0.86099;0.86093;2;T;True;2
1621232502000;11504369;0.86089;0.86101;0.86095;3;T;True;2
1621232503000;11504370;0.86089;0.86101;0.86095;0;T;True;2
1621232504000;11504371;0.86089;0.86101;0.86095;0;T;True;2
1621232505000;11504377;0.86091;0.86103;0.86097;5;T;True;2
1621232506000;11504378;0.86091;0.86103;0.86097;0;T;True;2
1621232507000;11504379;0.86091;0.86103;0.86097;0;T;True;2
1621232508000;11504381;0.86089;0.86101;0.86095;1;T;True;2
1621232509000;11504386;0.86091;0.86103;0.86097;4;T;True;2
1621232510000;11504389;0.86091;0.86103;0.86097;2;T;True;2
1621232511000;11504390;0.86091;0.86103;0.86097;0;T;True;2
1621232512000;11504391;0.86091;0.86103;0.86097;0;T;True;2
1621232513000;11504392;0.86091;0.86103;0.86097;0;T;True;2
1621232514000;11504393;0.86091;0.86103;0.86097;0;T;True;2
1621232515000;11504396;0.86092;0.86104;0.86098;2;T;True;2
1621232516000;11504397;0.86092;0.86104;0.86098;0;T;True;2
1621232517000;11504398;0.86092;0.86104;0.86098;0;T;True;2
1621232518000;11504399;0.86092;0.86104;0.86098;0;T;True;2
1621232519000;11504404;0.86088;0.861;0.86094;4;T;True;2
1621232520000;11504406;0.86087;0.86099;0.86093;1;T;True;2
1621232521000;11504408;0.86087;0.86099;0.86093;1;T;True;2
1621232522000;11504413;0.86092;0.86104;0.86098;4;T;True;2
1621232523000;11504414;0.86092;0.86104;0.86098;0;T;True;2
1621232524000;11504416;0.86091;0.86103;0.86097;1;T;True;2
1621232525000;11504420;0.86092;0.86104;0.86098;3;T;True;2
1621232526000;11504421;0.86092;0.86104;0.86098;0;T;True;2
1621232527000;11504422;0.86092;0.86104;0.86098;0;T;True;2
1621232528000;11504424;0.86091;0.86103;0.86097;1;T;True;2
1621232529000;11504426;0.86091;0.86103;0.86097;1;T;True;2
1621232530000;11504427;0.86091;0.86103;0.86097;0;T;True;2
1621232531000;11504428;0.86091;0.86103;0.86097;0;T;True;2
1621232532000;11504429;0.86091;0.86103;0.86097;0;T;True;2
1621232533000;11504430;0.86091;0.86103;0.86097;0;T;True;2
1621232534000;11504431;0.86091;0.86103;0.86097;0;T;True;2
1621232535000;11504432;0.86091;0.86103;0.86097;0;T;True;2
1621232536000;11504433;0.86091;0.86103;0.86097;0;T;True;2
1621232537000;11504434;0.86091;0.86103;0.86097;0;T;True;2
1621232538000;11504435;0.86091;0.86103;0.86097;0;T;True;2
1621232539000;11504436;0.86091;0.86103;0.86097;0;T;True;2
1621232540000;11504437;0.86091;0.86103;0.86097;0;T;True;2
1621232541000;11504438;0.86091;0.86103;0.86097;0;T;True;2
1621232542000;11504439;0.86091;0.86103;0.86097;0;T;True;2
1621232543000;11504440;0.86091;0.86103;0.86097;0;T;True;2
1621232544000;11504443;0.86089;0.86101;0.86095;2;T;True;2
1621232545000;11504449;0.86083;0.86095;0.86089;5;T;True;2
1621232546000;11504450;0.86083;0.86095;0.86089;0;T;True;2
1621232547000;11504451;0.86083;0.86095;0.86089;0;T;True;2
1621232548000;11504452;0.86083;0.86095;0.86089;0;T;True;2
1621232549000;11504454;0.86081;0.86093;0.86087;1;T;True;2
1621232550000;11504458;0.86079;0.86091;0.86085;3;T;True;2
1621232551000;11504463;0.86079;0.86091;0.86085;4;T;True;2
1621232552000;11504464;0.86079;0.86091;0.86085;0;T;True;2
1621232553000;11504465;0.86079;0.86091;0.86085;0;T;True;2
1621232554000;11504468;0.86077;0.86089;0.86083;2;T;True;2
1621232555000;11504469;0.86077;0.86089;0.86083;0;T;True;2
1621232556000;11504470;0.86077;0.86089;0.86083;0;T;True;2
1621232557000;11504471;0.86077;0.86089;0.86083;0;T;True;2
1621232558000;11504473;0.86078;0.8609;0.86084;1;T;True;2
1621232559000;11504474;0.86078;0.8609;0.86084;0;T;True;2
1621232560000;11504476;0.86077;0.86089;0.86083;1;T;True;2
1621232561000;11504483;0.86079;0.86091;0.86085;6;T;True;2
1621232562000;11504484;0.86079;0.86091;0.86085;0;T;True;2
1621232563000;11504485;0.86079;0.86091;0.86085;0;T;True;2
1621232564000;11504489;0.86077;0.86089;0.86083;3;T;True;2
1621232565000;11504497;0.86079;0.86091;0.86085;7;T;True;2
1621232566000;11504499;0.86079;0.86091;0.86085;1;T;True;2
1621232567000;11504501;0.86079;0.86091;0.86085;1;T;True;2
1621232568000;11504504;0.86079;0.86091;0.86085;2;T;True;2
1621232569000;11504508;0.86079;0.86091;0.86085;3;T;True;2
1621232570000;11504510;0.86079;0.86091;0.86085;1;T;True;2
1621232571000;11504511;0.86079;0.86091;0.86085;0;T;True;2
1621232572000;11504512;0.86079;0.86091;0.86085;0;T;True;2
1621232573000;11504513;0.86079;0.86091;0.86085;0;T;True;2
1621232574000;11504514;0.86079;0.86091;0.86085;0;T;True;2
1621232575000;11504515;0.86079;0.86091;0.86085;0;T;True;2
1621232576000;11504516;0.86079;0.86091;0.86085;0;T;True;2
1621232577000;11504517;0.86079;0.86091;0.86085;0;T;True;2
1621232578000;11504518;0.86079;0.86091;0.86085;0;T;True;2
1621232579000;11504519;0.86079;0.86091;0.86085;0;T;True;2
1621232580000;11504520;0.86079;0.86091;0.86085;0;T;True;2
1621232581000;11504521;0.86079;0.86091;0.86085;0;T;True;2
1621232582000;11504522;0.86079;0.86091;0.86085;0;T;True;2
1621232583000;11504523;0.86079;0.86091;0.86085;0;T;True;2
1621232584000;11504531;0.86082;0.86094;0.86088;7;T;True;2
1621232585000;11504533;0.86083;0.86095;0.86089;1;T;True;2
1621232586000;11504535;0.86083;0.86095;0.86089;1;T;True;2
1621232587000;11504537;0.86083;0.86095;0.86089;1;T;True;2
1621232588000;11504538;0.86083;0.86095;0.86089;0;T;True;2
1621232589000;11504540;0.86082;0.86094;0.86088;1;T;True;2
1621232590000;11504546;0.8608;0.86092;0.86086;5;T;True;2
1621232591000;11504548;0.86079;0.86091;0.86085;1;T;True;2
1621232592000;11504549;0.86079;0.86091;0.86085;0;T;True;2
1621232593000;11504550;0.86079;0.86091;0.86085;0;T;True;2
1621232594000;11504552;0.86079;0.86091;0.86085;1;T;True;2
1621232595000;11504554;0.86079;0.86091;0.86085;1;T;True;2
1621232596000;11504555;0.86079;0.86091;0.86085;0;T;True;2
1621232597000;11504556;0.86079;0.86091;0.86085;0;T;True;2
1621232598000;11504557;0.86079;0.86091;0.86085;0;T;True;2
1621232599000;11504559;0.86079;0.86091;0.86085;1;T;True;2
1621232600000;11504561;0.86079;0.86091;0.86085;1;T;True;2
1621232601000;11504564;0.86077;0.86089;0.86083;2;T;True;2
1621232602000;11504565;0.86077;0.86089;0.86083;0;T;True;2
1621232603000;11504571;0.86074;0.86086;0.8608;5;T;True;2
1621232604000;11504572;0.86074;0.86086;0.8608;0;T;True;2
1621232605000;11504575;0.86077;0.86089;0.86083;2;T;True;2
1621232606000;11504577;0.86076;0.86088;0.86082;1;T;True;2
1621232607000;11504581;0.86077;0.86089;0.86083;3;T;True;2
1621232608000;11504582;0.86077;0.86089;0.86083;0;T;True;2
1621232609000;11504587;0.86077;0.86089;0.86083;4;T;True;2
1621232610000;11504588;0.86077;0.86089;0.86083;0;T;True;2
1621232611000;11504589;0.86077;0.86089;0.86083;0;T;True;2
1621232612000;11504590;0.86077;0.86089;0.86083;0;T;True;2
1621232613000;11504591;0.86077;0.86089;0.86083;0;T;True;2
1621232614000;11504592;0.86077;0.86089;0.86083;0;T;True;2
1621232615000;11504593;0.86077;0.86089;0.86083;0;T;True;2
1621232616000;11504594;0.86077;0.86089;0.86083;0;T;True;2
1621232617000;11504595;0.86077;0.86089;0.86083;0;T;True;2
1621232618000;11504596;0.86077;0.86089;0.86083;0;T;True;2
1621232619000;11504604;0.86074;0.86086;0.8608;7;T;True;2
1621232620000;11504616;0.86073;0.86085;0.86079;11;T;True;2
1621232621000;11504617;0.86073;0.86085;0.86079;0;T;True;2
1621232622000;11504621;0.86074;0.86086;0.8608;3;T;True;2
1621232623000;11504622;0.86074;0.86086;0.8608;0;T;True;2
1621232624000;11504624;0.86075;0.86087;0.86081;1;T;True;2
1621232625000;11504627;0.86075;0.86087;0.86081;2;T;True;2
1621232626000;11504630;0.86075;0.86087;0.86081;2;T;True;2
1621232627000;11504631;0.86075;0.86087;0.86081;0;T;True;2
1621232628000;11504632;0.86075;0.86087;0.86081;0;T;True;2
1621232629000;11504634;0.86075;0.86087;0.86081;1;T;True;2
1621232630000;11504636;0.86075;0.86087;0.86081;1;T;True;2
1621232631000;11504637;0.86075;0.86087;0.86081;0;T;True;2
1621232632000;11504640;0.86077;0.86089;0.86083;2;T;True;2
1621232633000;11504641;0.86077;0.86089;0.86083;0;T;True;2
1621232634000;11504642;0.86077;0.86089;0.86083;0;T;True;2
1621232635000;11504643;0.86077;0.86089;0.86083;0;T;True;2
1621232636000;11504644;0.86077;0.86089;0.86083;0;T;True;2
1621232637000;11504645;0.86077;0.86089;0.86083;0;T;True;2
1621232638000;11504646;0.86077;0.86089;0.86083;0;T;True;2
1621232639000;11504647;0.86077;0.86089;0.86083;0;T;True;2
1621232640000;11504650;0.86077;0.86089;0.86083;2;T;True;2
1621232641000;11504651;0.86077;0.86089;0.86083;0;T;True;2
1621232642000;11504653;0.86078;0.8609;0.86084;1;T;True;2
1621232643000;11504654;0.86078;0.8609;0.86084;0;T;True;2
1621232644000;11504655;0.86078;0.8609;0.86084;0;T;True;2
1621232645000;11504657;0.86077;0.86089;0.86083;1;T;True;2
1621232646000;11504664;0.86071;0.86083;0.86077;6;T;True;2
1621232647000;11504665;0.86071;0.86083;0.86077;0;T;True;2
1621232648000;11504667;0.86069;0.86081;0.86075;1;T;True;2
1621232649000;11504675;0.86065;0.86077;0.86071;7;T;True;2
1621232650000;11504676;0.86065;0.86077;0.86071;0;T;True;2
1621232651000;11504677;0.86065;0.86077;0.86071;0;T;True;2
1621232652000;11504680;0.86065;0.86077;0.86071;2;T;True;2
1621232653000;11504686;0.86063;0.86075;0.86069;5;T;True;2
1621232654000;11504687;0.86063;0.86075;0.86069;0;T;True;2
1621232655000;11504688;0.86063;0.86075;0.86069;0;T;True;2
1621232656000;11504691;0.86064;0.86076;0.8607;2;T;True;2
1621232657000;11504693;0.86063;0.86075;0.86069;1;T;True;2
1621232658000;11504694;0.86063;0.86075;0.86069;0;T;True;2
1621232659000;11504695;0.86063;0.86075;0.86069;0;T;True;2
1621232660000;11504696;0.86063;0.86075;0.86069;0;T;True;2
1621232661000;11504698;0.86062;0.86074;0.86068;1;T;True;2
1621232662000;11504700;0.86061;0.86073;0.86067;1;T;True;2
1621232663000;11504710;0.86071;0.86083;0.86077;9;T;True;2
1621232664000;11504713;0.86073;0.86085;0.86079;2;T;True;2
1621232665000;11504714;0.86073;0.86085;0.86079;0;T;True;2
1621232666000;11504715;0.86073;0.86085;0.86079;0;T;True;2
1621232667000;11504716;0.86073;0.86085;0.86079;0;T;True;2
1621232668000;11504717;0.86073;0.86085;0.86079;0;T;True;2
1621232669000;11504721;0.86073;0.86085;0.86079;3;T;True;2
1621232670000;11504722;0.86073;0.86085;0.86079;0;T;True;2
1621232671000;11504724;0.86073;0.86085;0.86079;1;T;True;2
1621232672000;11504726;0.86072;0.86084;0.86078;1;T;True;2
1621232673000;11504728;0.86071;0.86083;0.86077;1;T;True;2
1621232674000;11504729;0.86071;0.86083;0.86077;0;T;True;2
1621232675000;11504730;0.86071;0.86083;0.86077;0;T;True;2
1621232676000;11504731;0.86071;0.86083;0.86077;0;T;True;2
1621232677000;11504732;0.86071;0.86083;0.86077;0;T;True;2
1621232678000;11504733;0.86071;0.86083;0.86077;0;T;True;2
1621232679000;11504735;0.86071;0.86083;0.86077;1;T;True;2
1621232680000;11504736;0.86071;0.86083;0.86077;0;T;True;2
1621232681000;11504739;0.86071;0.86083;0.86077;2;T;True;2
1621232682000;11504740;0.86071;0.86083;0.86077;0;T;True;2
1621232683000;11504741;0.86071;0.86083;0.86077;0;T;True;2
1621232684000;11504742;0.86071;0.86083;0.86077;0;T;True;2
1621232685000;11504743;0.86071;0.86083;0.86077;0;T;True;2
1621232686000;11504746;0.86073;0.86085;0.86079;2;T;True;2
1621232687000;11504752;0.86082;0.86094;0.86088;5;T;True;2
1621232688000;11504753;0.86082;0.86094;0.86088;0;T;True;2
1621232689000;11504754;0.86082;0.86094;0.86088;0;T;True;2
1621232690000;11504755;0.86082;0.86094;0.86088;0;T;True;2
1621232691000;11504756;0.86082;0.86094;0.86088;0;T;True;2
1621232692000;11504757;0.86082;0.86094;0.86088;0;T;True;2
1621232693000;11504759;0.86082;0.86094;0.86088;1;T;True;2
1621232694000;11504760;0.86082;0.86094;0.86088;0;T;True;2
1621232695000;11504761;0.86082;0.86094;0.86088;0;T;True;2
1621232696000;11504763;0.86081;0.86093;0.86087;1;T;True;2
1621232697000;11504764;0.86081;0.86093;0.86087;0;T;True;2
1621232698000;11504765;0.86081;0.86093;0.86087;0;T;True;2
1621232699000;11504766;0.86081;0.86093;0.86087;0;T;True;2
1621232700000;11504769;0.86079;0.86091;0.86085;2;T;True;2
1621232701000;11504770;0.86079;0.86091;0.86085;0;T;True;2
1621232702000;11504778;0.8607;0.86082;0.86076;7;T;True;2
1621232703000;11504779;0.8607;0.86082;0.86076;0;T;True;2
1621232704000;11504780;0.8607;0.86082;0.86076;0;T;True;2
1621232705000;11504782;0.8607;0.86082;0.86076;1;T;True;2
1621232706000;11504783;0.8607;0.86082;0.86076;0;T;True;2
1621232707000;11504784;0.8607;0.86082;0.86076;0;T;True;2
1621232708000;11504789;0.86072;0.86084;0.86078;4;T;True;2
1621232709000;11504792;0.86073;0.86085;0.86079;2;T;True;2
1621232710000;11504793;0.86073;0.86085;0.86079;0;T;True;2
1621232711000;11504794;0.86073;0.86085;0.86079;0;T;True;2
1621232712000;11504798;0.86073;0.86085;0.86079;3;T;True;2
1621232713000;11504799;0.86073;0.86085;0.86079;0;T;True;2
1621232714000;11504800;0.86073;0.86085;0.86079;0;T;True;2
1621232715000;11504801;0.86073;0.86085;0.86079;0;T;True;2
1621232716000;11504806;0.86079;0.86091;0.86085;4;T;True;2
1621232717000;11504807;0.86079;0.86091;0.86085;0;T;True;2
1621232718000;11504808;0.86079;0.86091;0.86085;0;T;True;2
1621232719000;11504810;0.86077;0.86089;0.86083;1;T;True;2
1621232720000;11504812;0.86079;0.86091;0.86085;1;T;True;2
1621232721000;11504813;0.86079;0.86091;0.86085;0;T;True;2
1621232722000;11504815;0.86078;0.8609;0.86084;1;T;True;2
1621232723000;11504816;0.86078;0.8609;0.86084;0;T;True;2
1621232724000;11504818;0.86079;0.86091;0.86085;1;T;True;2
1621232725000;11504819;0.86079;0.86091;0.86085;0;T;True;2
1621232726000;11504824;0.86081;0.86093;0.86087;4;T;True;2
1621232727000;11504832;0.86085;0.86097;0.86091;7;T;True;2
1621232728000;11504833;0.86085;0.86097;0.86091;0;T;True;2
1621232729000;11504834;0.86085;0.86097;0.86091;0;T;True;2
1621232730000;11504835;0.86085;0.86097;0.86091;0;T;True;2
1621232731000;11504836;0.86085;0.86097;0.86091;0;T;True;2
1621232732000;11504837;0.86085;0.86097;0.86091;0;T;True;2
1621232733000;11504838;0.86085;0.86097;0.86091;0;T;True;2
1621232734000;11504839;0.86085;0.86097;0.86091;0;T;True;2
1621232735000;11504840;0.86085;0.86097;0.86091;0;T;True;2
1621232736000;11504842;0.86085;0.86097;0.86091;1;T;True;2
1621232737000;11504843;0.86085;0.86097;0.86091;0;T;True;2
1621232738000;11504848;0.86085;0.86097;0.86091;4;T;True;2
1621232739000;11504850;0.86085;0.86097;0.86091;1;T;True;2
1621232740000;11504851;0.86085;0.86097;0.86091;0;T;True;2
1621232741000;11504852;0.86085;0.86097;0.86091;0;T;True;2
1621232742000;11504856;0.86084;0.86096;0.8609;3;T;True;2
1621232743000;11504860;0.86082;0.86094;0.86088;3;T;True;2
1621232744000;11504861;0.86082;0.86094;0.86088;0;T;True;2
1621232745000;11504862;0.86082;0.86094;0.86088;0;T;True;2
1621232746000;11504863;0.86082;0.86094;0.86088;0;T;True;2
1621232747000;11504865;0.86083;0.86095;0.86089;1;T;True;2
1621232748000;11504866;0.86083;0.86095;0.86089;0;T;True;2
1621232749000;11504867;0.86083;0.86095;0.86089;0;T;True;2
1621232750000;11504868;0.86083;0.86095;0.86089;0;T;True;2
1621232751000;11504870;0.86084;0.86096;0.8609;1;T;True;2
1621232752000;11504872;0.86083;0.86095;0.86089;1;T;True;2
1621232753000;11504873;0.86083;0.86095;0.86089;0;T;True;2
1621232754000;11504874;0.86083;0.86095;0.86089;0;T;True;2
1621232755000;11504875;0.86083;0.86095;0.86089;0;T;True;2
1621232756000;11504876;0.86083;0.86095;0.86089;0;T;True;2
1621232757000;11504877;0.86083;0.86095;0.86089;0;T;True;2
1621232758000;11504878;0.86083;0.86095;0.86089;0;T;True;2
1621232759000;11504879;0.86083;0.86095;0.86089;0;T;True;2
1621232760000;11504880;0.86083;0.86095;0.86089;0;T;True;2
1621232761000;11504881;0.86083;0.86095;0.86089;0;T;True;2
1621232762000;11504883;0.86082;0.86094;0.86088;1;T;True;2
1621232763000;11504884;0.86082;0.86094;0.86088;0;T;True;2
1621232764000;11504888;0.86083;0.86095;0.86089;3;T;True;2
1621232765000;11504889;0.86083;0.86095;0.86089;0;T;True;2
1621232766000;11504890;0.86083;0.86095;0.86089;0;T;True;2
1621232767000;11504891;0.86083;0.86095;0.86089;0;T;True;2
1621232768000;11504892;0.86083;0.86095;0.86089;0;T;True;2
1621232769000;11504896;0.86081;0.86093;0.86087;3;T;True;2
1621232770000;11504897;0.86081;0.86093;0.86087;0;T;True;2
1621232771000;11504898;0.86081;0.86093;0.86087;0;T;True;2
1621232772000;11504901;0.86081;0.86093;0.86087;2;T;True;2
1621232773000;11504909;0.86085;0.86097;0.86091;7;T;True;2
1621232774000;11504911;0.86085;0.86097;0.86091;1;T;True;2
1621232775000;11504913;0.86087;0.86099;0.86093;1;T;True;2
1621232776000;11504916;0.86087;0.86099;0.86093;2;T;True;2
1621232777000;11504917;0.86087;0.86099;0.86093;0;T;True;2
1621232778000;11504920;0.86087;0.86099;0.86093;2;T;True;2
1621232779000;11504922;0.86087;0.86099;0.86093;1;T;True;2
1621232780000;11504923;0.86087;0.86099;0.86093;0;T;True;2
1621232781000;11504924;0.86087;0.86099;0.86093;0;T;True;2
1621232782000;11504925;0.86087;0.86099;0.86093;0;T;True;2
1621232783000;11504926;0.86087;0.86099;0.86093;0;T;True;2
1621232784000;11504928;0.86089;0.86101;0.86095;1;T;True;2
1621232785000;11504933;0.86092;0.86104;0.86098;4;T;True;2
1621232786000;11504934;0.86092;0.86104;0.86098;0;T;True;2
1621232787000;11504935;0.86092;0.86104;0.86098;0;T;True;2
1621232788000;11504936;0.86092;0.86104;0.86098;0;T;True;2
1621232789000;11504937;0.86092;0.86104;0.86098;0;T;True;2
1621232790000;11504938;0.86092;0.86104;0.86098;0;T;True;2
