ts;n;bid;ask;value;volume;phase;round;active_id
1621223862000;11491908;0.86111;0.86123;0.86117;0;T;True;2
1621223863000;11491909;0.86111;0.86123;0.86117;0;T;True;2
1621223864000;11491910;0.86111;0.86123;0.86117;0;T;True;2
1621223865000;11491911;0.86111;0.86123;0.86117;0;T;True;2
1621223866000;11491912;0.86111;0.86123;0.86117;0;T;True;2
1621223867000;11491913;0.86111;0.86123;0.86117;0;T;True;2
1621223868000;11491914;0.86111;0.86123;0.86117;0;T;True;2
1621223869000;11491915;0.86111;0.86123;0.86117;0;T;True;2
1621223870000;11491916;0.86111;0.86123;0.86117;0;T;True;2
1621223871000;11491917;0.86111;0.86123;0.86117;0;T;True;2
1621223872000;11491918;0.86111;0.86123;0.86117;0;T;True;2
1621223873000;11491919;0.86111;0.86123;0.86117;0;T;True;2
1621223874000;11491920;0.86111;0.86123;0.86117;0;T;True;2
1621223875000;11491921;0.86111;0.86123;0.86117;0;T;True;2
1621223876000;11491922;0.86111;0.86123;0.86117;0;T;True;2
1621223877000;11491923;0.86111;0.86123;0.86117;0;T;True;2
1621223878000;11491924;0.86111;0.86123;0.86117;0;T;True;2
1621223879000;11491925;0.86111;0.86123;0.86117;0;T;True;2
1621223880000;11491926;0.86111;0.86123;0.86117;0;T;True;2
1621223881000;11491927;0.86111;0.86123;0.86117;0;T;True;2
1621223882000;11491928;0.86111;0.86123;0.86117;0;T;True;2
1621223883000;11491929;0.86111;0.86123;0.86117;0;T;True;2
1621223884000;11491930;0.86111;0.86123;0.86117;0;T;True;2
1621223885000;11491931;0.86111;0.86123;0.86117;0;T;True;2
1621223886000;11491932;0.86111;0.86123;0.86117;0;T;True;2
1621223887000;11491933;0.86111;0.86123;0.86117;0;T;True;2
1621223888000;11491934;0.86111;0.86123;0.86117;0;T;True;2
1621223889000;11491935;0.86111;0.86123;0.86117;0;T;True;2
1621223890000;11491936;0.86111;0.86123;0.86117;0;T;True;2
1621223891000;11491937;0.86111;0.86123;0.86117;0;T;True;2
1621223892000;11491939;0.86111;0.86123;0.86117;1;T;True;2
1621223893000;11491940;0.86111;0.86123;0.86117;0;T;True;2
1621223894000;11491941;0.86111;0.86123;0.86117;0;T;True;2
1621223895000;11491942;0.86111;0.86123;0.86117;0;T;True;2
1621223896000;11491943;0.86111;0.86123;0.86117;0;T;True;2
1621223897000;11491944;0.86111;0.86123;0.86117;0;T;True;2
1621223898000;11491945;0.86111;0.86123;0.86117;0;T;True;2
1621223899000;11491947;0.86111;0.86123;0.86117;1;T;True;2
1621223900000;11491948;0.86111;0.86123;0.86117;0;T;True;2
1621223901000;11491949;0.86111;0.86123;0.86117;0;T;True;2
1621223902000;11491950;0.86111;0.86123;0.86117;0;T;True;2
1621223903000;11491951;0.86111;0.86123;0.86117;0;T;True;2
1621223904000;11491952;0.86111;0.86123;0.86117;0;T;True;2
1621223905000;11491953;0.86111;0.86123;0.86117;0;T;True;2
1621223906000;11491954;0.86111;0.86123;0.86117;0;T;True;2
1621223907000;11491955;0.86111;0.86123;0.86117;0;T;True;2
1621223908000;11491956;0.86111;0.86123;0.86117;0;T;True;2
1621223909000;11491957;0.86111;0.86123;0.86117;0;T;True;2
1621223910000;11491958;0.86111;0.86123;0.86117;0;T;True;2
1621223911000;11491959;0.86111;0.86123;0.86117;0;T;True;2
1621223912000;11491962;0.86113;0.86125;0.86119;2;T;True;2
1621223913000;11491964;0.86113;0.86125;0.86119;1;T;True;2
1621223914000;11491969;0.86115;0.86127;0.86121;4;T;True;2
1621223915000;11491970;0.86115;0.86127;0.86121;0;T;True;2
1621223916000;11491974;0.86115;0.86127;0.86121;3;T;True;2
1621223917000;11491975;0.86115;0.86127;0.86121;0;T;True;2
1621223918000;11491976;0.86115;0.86127;0.86121;0;T;True;2
1621223919000;11491978;0.86116;0.86128;0.86122;1;T;True;2
1621223920000;11491981;0.86115;0.86127;0.86121;2;T;True;2
1621223921000;11491983;0.86115;0.86127;0.86121;1;T;True;2
1621223922000;11491986;0.86115;0.86127;0.86121;2;T;True;2
1621223923000;11491988;0.86115;0.86127;0.86121;1;T;True;2
1621223924000;11491989;0.86115;0.86127;0.86121;0;T;True;2
1621223925000;11491990;0.86115;0.86127;0.86121;0;T;True;2
1621223926000;11491992;0.86114;0.86126;0.8612;1;T;True;2
1621223927000;11491994;0.86115;0.86127;0.86121;1;T;True;2
1621223928000;11491995;0.86115;0.86127;0.86121;0;T;True;2
1621223929000;11491996;0.86115;0.86127;0.86121;0;T;True;2
1621223930000;11491997;0.86115;0.86127;0.86121;0;T;True;2
1621223931000;11491999;0.86115;0.86127;0.86121;1;T;True;2
1621223932000;11492000;0.86115;0.86127;0.86121;0;T;True;2
1621223933000;11492002;0.86115;0.86127;0.86121;1;T;True;2
1621223934000;11492004;0.86115;0.86127;0.86121;1;T;True;2
1621223935000;11492007;0.86115;0.86127;0.86121;2;T;True;2
1621223936000;11492008;0.86115;0.86127;0.86121;0;T;True;2
1621223937000;11492009;0.86115;0.86127;0.86121;0;T;True;2
1621223938000;11492011;0.86115;0.86127;0.86121;1;T;True;2
1621223939000;11492012;0.86115;0.86127;0.86121;0;T;True;2
1621223940000;11492013;0.86115;0.86127;0.86121;0;T;True;2
1621223941000;11492014;0.86115;0.86127;0.86121;0;T;True;2
1621223942000;11492016;0.86115;0.86127;0.86121;1;T;True;2
1621223943000;11492018;0.86115;0.86127;0.86121;1;T;True;2
1621223944000;11492019;0.86115;0.86127;0.86121;0;T;True;2
1621223945000;11492020;0.86115;0.86127;0.86121;0;T;True;2
1621223946000;11492023;0.86116;0.86128;0.86122;2;T;True;2
1621223947000;11492024;0.86116;0.86128;0.86122;0;T;True;2
1621223948000;11492025;0.86116;0.86128;0.86122;0;T;True;2
1621223949000;11492027;0.86115;0.86127;0.86121;1;T;True;2
1621223950000;11492028;0.86115;0.86127;0.86121;0;T;True;2
1621223951000;11492029;0.86115;0.86127;0.86121;0;T;True;2
1621223952000;11492030;0.86115;0.86127;0.86121;0;T;True;2
1621223953000;11492034;0.86116;0.86128;0.86122;3;T;True;2
1621223954000;11492035;0.86116;0.86128;0.86122;0;T;True;2
1621223955000;11492036;0.86116;0.86128;0.86122;0;T;True;2
1621223956000;11492037;0.86116;0.86128;0.86122;0;T;True;2
1621223957000;11492038;0.86116;0.86128;0.86122;0;T;True;2
1621223958000;11492039;0.86116;0.86128;0.86122;0;T;True;2
1621223959000;11492040;0.86116;0.86128;0.86122;0;T;True;2
1621223960000;11492044;0.86116;0.86128;0.86122;3;T;True;2
1621223961000;11492045;0.86116;0.86128;0.86122;0;T;True;2
1621223962000;11492046;0.86116;0.86128;0.86122;0;T;True;2
1621223963000;11492047;0.86116;0.86128;0.86122;0;T;True;2
1621223964000;11492049;0.86116;0.86128;0.86122;1;T;True;2
1621223965000;11492050;0.86116;0.86128;0.86122;0;T;True;2
1621223966000;11492051;0.86116;0.86128;0.86122;0;T;True;2
1621223967000;11492052;0.86116;0.86128;0.86122;0;T;True;2
1621223968000;11492053;0.86116;0.86128;0.86122;0;T;True;2
1621223969000;11492054;0.86116;0.86128;0.86122;0;T;True;2
1621223970000;11492055;0.86116;0.86128;0.86122;0;T;True;2
1621223971000;11492057;0.86116;0.86128;0.86122;1;T;True;2
1621223972000;11492058;0.86116;0.86128;0.86122;0;T;True;2
1621223973000;11492059;0.86116;0.86128;0.86122;0;T;True;2
1621223974000;11492060;0.86116;0.86128;0.86122;0;T;True;2
1621223975000;11492061;0.86116;0.86128;0.86122;0;T;True;2
1621223976000;11492062;0.86116;0.86128;0.86122;0;T;True;2
1621223977000;11492063;0.86116;0.86128;0.86122;0;T;True;2
1621223978000;11492064;0.86116;0.86128;0.86122;0;T;True;2
1621223979000;11492065;0.86116;0.86128;0.86122;0;T;True;2
1621223980000;11492066;0.86116;0.86128;0.86122;0;T;True;2
1621223981000;11492067;0.86116;0.86128;0.86122;0;T;True;2
1621223982000;11492068;0.86116;0.86128;0.86122;0;T;True;2
1621223983000;11492069;0.86116;0.86128;0.86122;0;T;True;2
1621223984000;11492070;0.86116;0.86128;0.86122;0;T;True;2
1621223985000;11492071;0.86116;0.86128;0.86122;0;T;True;2
1621223986000;11492072;0.86116;0.86128;0.86122;0;T;True;2
1621223987000;11492073;0.86116;0.86128;0.86122;0;T;True;2
1621223988000;11492074;0.86116;0.86128;0.86122;0;T;True;2
1621223989000;11492076;0.86115;0.86127;0.86121;1;T;True;2
1621223990000;11492077;0.86115;0.86127;0.86121;0;T;True;2
1621223991000;11492078;0.86115;0.86127;0.86121;0;T;True;2
1621223992000;11492079;0.86115;0.86127;0.86121;0;T;True;2
1621223993000;11492080;0.86115;0.86127;0.86121;0;T;True;2
1621223994000;11492081;0.86115;0.86127;0.86121;0;T;True;2
1621223995000;11492082;0.86115;0.86127;0.86121;0;T;True;2
1621223996000;11492083;0.86115;0.86127;0.86121;0;T;True;2
1621223997000;11492084;0.86115;0.86127;0.86121;0;T;True;2
1621223998000;11492087;0.86117;0.86129;0.86123;2;T;True;2
1621223999000;11492088;0.86117;0.86129;0.86123;0;T;True;2
1621224000000;11492089;0.86117;0.86129;0.86123;0;T;True;2
1621224001000;11492090;0.86117;0.86129;0.86123;0;T;True;2
1621224002000;11492091;0.86117;0.86129;0.86123;0;T;True;2
1621224003000;11492093;0.86118;0.8613;0.86124;1;T;True;2
1621224004000;11492094;0.86118;0.8613;0.86124;0;T;True;2
1621224005000;11492096;0.86118;0.8613;0.86124;1;T;True;2
1621224006000;11492097;0.86118;0.8613;0.86124;0;T;True;2
1621224007000;11492098;0.86118;0.8613;0.86124;0;T;True;2
1621224008000;11492099;0.86118;0.8613;0.86124;0;T;True;2
1621224009000;11492100;0.86118;0.8613;0.86124;0;T;True;2
1621224010000;11492102;0.86118;0.8613;0.86124;1;T;True;2
1621224011000;11492103;0.86118;0.8613;0.86124;0;T;True;2
1621224012000;11492104;0.86118;0.8613;0.86124;0;T;True;2
1621224013000;11492108;0.86121;0.86133;0.86127;3;T;True;2
1621224014000;11492109;0.86121;0.86133;0.86127;0;T;True;2
1621224015000;11492110;0.86121;0.86133;0.86127;0;T;True;2
1621224016000;11492114;0.86121;0.86133;0.86127;3;T;True;2
1621224017000;11492115;0.86121;0.86133;0.86127;0;T;True;2
1621224018000;11492118;0.86121;0.86133;0.86127;2;T;True;2
1621224019000;11492120;0.86121;0.86133;0.86127;1;T;True;2
1621224020000;11492121;0.86121;0.86133;0.86127;0;T;True;2
1621224021000;11492123;0.86121;0.86133;0.86127;1;T;True;2
1621224022000;11492124;0.86121;0.86133;0.86127;0;T;True;2
1621224023000;11492125;0.86121;0.86133;0.86127;0;T;True;2
1621224024000;11492126;0.86121;0.86133;0.86127;0;T;True;2
1621224025000;11492128;0.86122;0.86134;0.86128;1;T;True;2
1621224026000;11492129;0.86122;0.86134;0.86128;0;T;True;2
1621224027000;11492130;0.86122;0.86134;0.86128;0;T;True;2
1621224028000;11492132;0.86121;0.86133;0.86127;1;T;True;2
1621224029000;11492135;0.86121;0.86133;0.86127;2;T;True;2
1621224030000;11492136;0.86121;0.86133;0.86127;0;T;True;2
1621224031000;11492138;0.86121;0.86133;0.86127;1;T;True;2
1621224032000;11492140;0.86121;0.86133;0.86127;1;T;True;2
1621224033000;11492141;0.86121;0.86133;0.86127;0;T;True;2
1621224034000;11492142;0.86121;0.86133;0.86127;0;T;True;2
1621224035000;11492143;0.86121;0.86133;0.86127;0;T;True;2
1621224036000;11492144;0.86121;0.86133;0.86127;0;T;True;2
1621224037000;11492145;0.86121;0.86133;0.86127;0;T;True;2
1621224038000;11492146;0.86121;0.86133;0.86127;0;T;True;2
1621224039000;11492147;0.86121;0.86133;0.86127;0;T;True;2
1621224040000;11492148;0.86121;0.86133;0.86127;0;T;True;2
1621224041000;11492149;0.86121;0.86133;0.86127;0;T;True;2
1621224042000;11492150;0.86121;0.86133;0.86127;0;T;True;2
1621224043000;11492151;0.86121;0.86133;0.86127;0;T;True;2
1621224044000;11492152;0.86121;0.86133;0.86127;0;T;True;2
1621224045000;11492153;0.86121;0.86133;0.86127;0;T;True;2
1621224046000;11492154;0.86121;0.86133;0.86127;0;T;True;2
1621224047000;11492155;0.86121;0.86133;0.86127;0;T;True;2
1621224048000;11492156;0.86121;0.86133;0.86127;0;T;True;2
1621224049000;11492157;0.86121;0.86133;0.86127;0;T;True;2
1621224050000;11492158;0.86121;0.86133;0.86127;0;T;True;2
1621224051000;11492159;0.86121;0.86133;0.86127;0;T;True;2
1621224052000;11492160;0.86121;0.86133;0.86127;0;T;True;2
1621224053000;11492161;0.86121;0.86133;0.86127;0;T;True;2
1621224054000;11492164;0.86121;0.86133;0.86127;2;T;True;2
1621224055000;11492165;0.86121;0.86133;0.86127;0;T;True;2
1621224056000;11492169;0.8612;0.86132;0.86126;3;T;True;2
1621224057000;11492171;0.8612;0.86132;0.86126;1;T;True;2
1621224058000;11492172;0.8612;0.86132;0.86126;0;T;True;2
1621224059000;11492173;0.8612;0.86132;0.86126;0;T;True;2
1621224060000;11492174;0.8612;0.86132;0.86126;0;T;True;2
1621224061000;11492176;0.86118;0.8613;0.86124;1;T;True;2
1621224062000;11492177;0.86118;0.8613;0.86124;0;T;True;2
1621224063000;11492179;0.86118;0.8613;0.86124;1;T;True;2
1621224064000;11492180;0.86118;0.8613;0.86124;0;T;True;2
1621224065000;11492181;0.86118;0.8613;0.86124;0;T;True;2
1621224066000;11492182;0.86118;0.8613;0.86124;0;T;True;2
1621224067000;11492184;0.86117;0.86129;0.86123;1;T;True;2
1621224068000;11492186;0.86117;0.86129;0.86123;1;T;True;2
1621224069000;11492187;0.86117;0.86129;0.86123;0;T;True;2
1621224070000;11492189;0.86117;0.86129;0.86123;1;T;True;2
1621224071000;11492190;0.86117;0.86129;0.86123;0;T;True;2
1621224072000;11492191;0.86117;0.86129;0.86123;0;T;True;2
1621224073000;11492192;0.86117;0.86129;0.86123;0;T;True;2
1621224074000;11492193;0.86117;0.86129;0.86123;0;T;True;2
1621224075000;11492194;0.86117;0.86129;0.86123;0;T;True;2
1621224076000;11492195;0.86117;0.86129;0.86123;0;T;True;2
1621224077000;11492196;0.86117;0.86129;0.86123;0;T;True;2
1621224078000;11492197;0.86117;0.86129;0.86123;0;T;True;2
1621224079000;11492198;0.86117;0.86129;0.86123;0;T;True;2
1621224080000;11492199;0.86117;0.86129;0.86123;0;T;True;2
1621224081000;11492200;0.86117;0.86129;0.86123;0;T;True;2
1621224082000;11492201;0.86117;0.86129;0.86123;0;T;True;2
1621224083000;11492202;0.86117;0.86129;0.86123;0;T;True;2
1621224084000;11492203;0.86117;0.86129;0.86123;0;T;True;2
1621224085000;11492204;0.86117;0.86129;0.86123;0;T;True;2
1621224086000;11492205;0.86117;0.86129;0.86123;0;T;True;2
1621224087000;11492206;0.86117;0.86129;0.86123;0;T;True;2
1621224088000;11492207;0.86117;0.86129;0.86123;0;T;True;2
1621224089000;11492208;0.86117;0.86129;0.86123;0;T;True;2
1621224090000;11492209;0.86117;0.86129;0.86123;0;T;True;2
1621224091000;11492210;0.86117;0.86129;0.86123;0;T;True;2
1621224092000;11492211;0.86117;0.86129;0.86123;0;T;True;2
1621224093000;11492212;0.86117;0.86129;0.86123;0;T;True;2
1621224094000;11492213;0.86117;0.86129;0.86123;0;T;True;2
1621224095000;11492214;0.86117;0.86129;0.86123;0;T;True;2
1621224096000;11492215;0.86117;0.86129;0.86123;0;T;True;2
1621224097000;11492216;0.86117;0.86129;0.86123;0;T;True;2
1621224098000;11492217;0.86117;0.86129;0.86123;0;T;True;2
1621224099000;11492218;0.86117;0.86129;0.86123;0;T;True;2
1621224100000;11492219;0.86117;0.86129;0.86123;0;T;True;2
1621224101000;11492220;0.86117;0.86129;0.86123;0;T;True;2
1621224102000;11492221;0.86117;0.86129;0.86123;0;T;True;2
1621224103000;11492222;0.86117;0.86129;0.86123;0;T;True;2
1621224104000;11492223;0.86117;0.86129;0.86123;0;T;True;2
1621224105000;11492224;0.86117;0.86129;0.86123;0;T;True;2
1621224106000;11492225;0.86117;0.86129;0.86123;0;T;True;2
1621224107000;11492226;0.86117;0.86129;0.86123;0;T;True;2
1621224108000;11492227;0.86117;0.86129;0.86123;0;T;True;2
1621224109000;11492228;0.86117;0.86129;0.86123;0;T;True;2
1621224110000;11492229;0.86117;0.86129;0.86123;0;T;True;2
1621224111000;11492230;0.86117;0.86129;0.86123;0;T;True;2
1621224112000;11492231;0.86117;0.86129;0.86123;0;T;True;2
1621224113000;11492232;0.86117;0.86129;0.86123;0;T;True;2
1621224114000;11492233;0.86117;0.86129;0.86123;0;T;True;2
1621224115000;11492234;0.86117;0.86129;0.86123;0;T;True;2
1621224116000;11492235;0.86117;0.86129;0.86123;0;T;True;2
1621224117000;11492236;0.86117;0.86129;0.86123;0;T;True;2
1621224118000;11492237;0.86117;0.86129;0.86123;0;T;True;2
1621224119000;11492238;0.86117;0.86129;0.86123;0;T;True;2
1621224120000;11492239;0.86117;0.86129;0.86123;0;T;True;2
1621224121000;11492240;0.86117;0.86129;0.86123;0;T;True;2
1621224122000;11492241;0.86117;0.86129;0.86123;0;T;True;2
1621224123000;11492242;0.86117;0.86129;0.86123;0;T;True;2
1621224124000;11492243;0.86117;0.86129;0.86123;0;T;True;2
1621224125000;11492244;0.86117;0.86129;0.86123;0;T;True;2
1621224126000;11492245;0.86117;0.86129;0.86123;0;T;True;2
1621224127000;11492246;0.86117;0.86129;0.86123;0;T;True;2
1621224128000;11492247;0.86117;0.86129;0.86123;0;T;True;2
1621224129000;11492248;0.86117;0.86129;0.86123;0;T;True;2
1621224130000;11492249;0.86117;0.86129;0.86123;0;T;True;2
1621224131000;11492250;0.86117;0.86129;0.86123;0;T;True;2
1621224132000;11492251;0.86117;0.86129;0.86123;0;T;True;2
1621224133000;11492252;0.86117;0.86129;0.86123;0;T;True;2
1621224134000;11492253;0.86117;0.86129;0.86123;0;T;True;2
1621224135000;11492254;0.86117;0.86129;0.86123;0;T;True;2
1621224136000;11492255;0.86117;0.86129;0.86123;0;T;True;2
1621224137000;11492256;0.86117;0.86129;0.86123;0;T;True;2
1621224138000;11492257;0.86117;0.86129;0.86123;0;T;True;2
1621224139000;11492258;0.86117;0.86129;0.86123;0;T;True;2
1621224140000;11492259;0.86117;0.86129;0.86123;0;T;True;2
1621224141000;11492260;0.86117;0.86129;0.86123;0;T;True;2
1621224142000;11492261;0.86117;0.86129;0.86123;0;T;True;2
1621224143000;11492262;0.86117;0.86129;0.86123;0;T;True;2
1621224144000;11492263;0.86117;0.86129;0.86123;0;T;True;2
1621224145000;11492264;0.86117;0.86129;0.86123;0;T;True;2
1621224146000;11492265;0.86117;0.86129;0.86123;0;T;True;2
1621224147000;11492266;0.86117;0.86129;0.86123;0;T;True;2
1621224148000;11492267;0.86117;0.86129;0.86123;0;T;True;2
1621224149000;11492268;0.86117;0.86129;0.86123;0;T;True;2
1621224150000;11492269;0.86117;0.86129;0.86123;0;T;True;2
1621224151000;11492272;0.86119;0.86131;0.86125;2;T;True;2
1621224152000;11492274;0.86119;0.86131;0.86125;1;T;True;2
1621224153000;11492275;0.86119;0.86131;0.86125;0;T;True;2
1621224154000;11492276;0.86119;0.86131;0.86125;0;T;True;2
1621224155000;11492277;0.86119;0.86131;0.86125;0;T;True;2
1621224156000;11492278;0.86119;0.86131;0.86125;0;T;True;2
1621224157000;11492280;0.86119;0.86131;0.86125;1;T;True;2
1621224158000;11492281;0.86119;0.86131;0.86125;0;T;True;2
1621224159000;11492282;0.86119;0.86131;0.86125;0;T;True;2
1621224160000;11492283;0.86119;0.86131;0.86125;0;T;True;2
1621224161000;11492284;0.86119;0.86131;0.86125;0;T;True;2
1621224162000;11492285;0.86119;0.86131;0.86125;0;T;True;2
1621224163000;11492286;0.86119;0.86131;0.86125;0;T;True;2
1621224164000;11492287;0.86119;0.86131;0.86125;0;T;True;2
1621224165000;11492288;0.86119;0.86131;0.86125;0;T;True;2
1621224166000;11492289;0.86119;0.86131;0.86125;0;T;True;2
1621224167000;11492290;0.86119;0.86131;0.86125;0;T;True;2
1621224168000;11492291;0.86119;0.86131;0.86125;0;T;True;2
1621224169000;11492292;0.86119;0.86131;0.86125;0;T;True;2
1621224170000;11492293;0.86119;0.86131;0.86125;0;T;True;2
1621224171000;11492294;0.86119;0.86131;0.86125;0;T;True;2
1621224172000;11492295;0.86119;0.86131;0.86125;0;T;True;2
1621224173000;11492296;0.86119;0.86131;0.86125;0;T;True;2
1621224174000;11492297;0.86119;0.86131;0.86125;0;T;True;2
1621224175000;11492298;0.86119;0.86131;0.86125;0;T;True;2
1621224176000;11492299;0.86119;0.86131;0.86125;0;T;True;2
1621224177000;11492300;0.86119;0.86131;0.86125;0;T;True;2
1621224178000;11492301;0.86119;0.86131;0.86125;0;T;True;2
1621224179000;11492302;0.86119;0.86131;0.86125;0;T;True;2
1621224180000;11492303;0.86119;0.86131;0.86125;0;T;True;2
1621224181000;11492304;0.86119;0.86131;0.86125;0;T;True;2
1621224182000;11492305;0.86119;0.86131;0.86125;0;T;True;2
1621224183000;11492306;0.86119;0.86131;0.86125;0;T;True;2
1621224184000;11492307;0.86119;0.86131;0.86125;0;T;True;2
1621224185000;11492308;0.86119;0.86131;0.86125;0;T;True;2
1621224186000;11492309;0.86119;0.86131;0.86125;0;T;True;2
1621224187000;11492310;0.86119;0.86131;0.86125;0;T;True;2
1621224188000;11492311;0.86119;0.86131;0.86125;0;T;True;2
1621224189000;11492312;0.86119;0.86131;0.86125;0;T;True;2
1621224190000;11492313;0.86119;0.86131;0.86125;0;T;True;2
1621224191000;11492314;0.86119;0.86131;0.86125;0;T;True;2
1621224192000;11492315;0.86119;0.86131;0.86125;0;T;True;2
1621224193000;11492316;0.86119;0.86131;0.86125;0;T;True;2
1621224194000;11492317;0.86119;0.86131;0.86125;0;T;True;2
1621224195000;11492318;0.86119;0.86131;0.86125;0;T;True;2
1621224196000;11492319;0.86119;0.86131;0.86125;0;T;True;2
1621224197000;11492320;0.86119;0.86131;0.86125;0;T;True;2
1621224198000;11492321;0.86119;0.86131;0.86125;0;T;True;2
1621224199000;11492322;0.86119;0.86131;0.86125;0;T;True;2
1621224200000;11492323;0.86119;0.86131;0.86125;0;T;True;2
1621224201000;11492324;0.86119;0.86131;0.86125;0;T;True;2
1621224202000;11492325;0.86119;0.86131;0.86125;0;T;True;2
1621224203000;11492326;0.86119;0.86131;0.86125;0;T;True;2
1621224204000;11492327;0.86119;0.86131;0.86125;0;T;True;2
1621224205000;11492328;0.86119;0.86131;0.86125;0;T;True;2
1621224206000;11492329;0.86119;0.86131;0.86125;0;T;True;2
1621224207000;11492330;0.86119;0.86131;0.86125;0;T;True;2
1621224208000;11492331;0.86119;0.86131;0.86125;0;T;True;2
1621224209000;11492332;0.86119;0.86131;0.86125;0;T;True;2
1621224210000;11492333;0.86119;0.86131;0.86125;0;T;True;2
1621224211000;11492334;0.86119;0.86131;0.86125;0;T;True;2
1621224212000;11492335;0.86119;0.86131;0.86125;0;T;True;2
1621224213000;11492336;0.86119;0.86131;0.86125;0;T;True;2
1621224214000;11492337;0.86119;0.86131;0.86125;0;T;True;2
1621224215000;11492338;0.86119;0.86131;0.86125;0;T;True;2
1621224216000;11492339;0.86119;0.86131;0.86125;0;T;True;2
1621224217000;11492340;0.86119;0.86131;0.86125;0;T;True;2
1621224218000;11492341;0.86119;0.86131;0.86125;0;T;True;2
1621224219000;11492342;0.86119;0.86131;0.86125;0;T;True;2
1621224220000;11492343;0.86119;0.86131;0.86125;0;T;True;2
1621224221000;11492344;0.86119;0.86131;0.86125;0;T;True;2
1621224222000;11492345;0.86119;0.86131;0.86125;0;T;True;2
1621224223000;11492346;0.86119;0.86131;0.86125;0;T;True;2
1621224224000;11492347;0.86119;0.86131;0.86125;0;T;True;2
1621224225000;11492348;0.86119;0.86131;0.86125;0;T;True;2
1621224226000;11492349;0.86119;0.86131;0.86125;0;T;True;2
1621224227000;11492350;0.86119;0.86131;0.86125;0;T;True;2
1621224228000;11492351;0.86119;0.86131;0.86125;0;T;True;2
1621224229000;11492352;0.86119;0.86131;0.86125;0;T;True;2
1621224230000;11492353;0.86119;0.86131;0.86125;0;T;True;2
1621224231000;11492354;0.86119;0.86131;0.86125;0;T;True;2
1621224232000;11492355;0.86119;0.86131;0.86125;0;T;True;2
1621224233000;11492356;0.86119;0.86131;0.86125;0;T;True;2
1621224234000;11492357;0.86119;0.86131;0.86125;0;T;True;2
1621224235000;11492358;0.86119;0.86131;0.86125;0;T;True;2
1621224236000;11492359;0.86119;0.86131;0.86125;0;T;True;2
1621224237000;11492360;0.86119;0.86131;0.86125;0;T;True;2
1621224238000;11492361;0.86119;0.86131;0.86125;0;T;True;2
1621224239000;11492362;0.86119;0.86131;0.86125;0;T;True;2
1621224240000;11492363;0.86119;0.86131;0.86125;0;T;True;2
1621224241000;11492364;0.86119;0.86131;0.86125;0;T;True;2
1621224242000;11492365;0.86119;0.86131;0.86125;0;T;True;2
1621224243000;11492366;0.86119;0.86131;0.86125;0;T;True;2
1621224244000;11492367;0.86119;0.86131;0.86125;0;T;True;2
1621224245000;11492368;0.86119;0.86131;0.86125;0;T;True;2
1621224246000;11492369;0.86119;0.86131;0.86125;0;T;True;2
1621224247000;11492370;0.86119;0.86131;0.86125;0;T;True;2
1621224248000;11492371;0.86119;0.86131;0.86125;0;T;True;2
1621224249000;11492372;0.86119;0.86131;0.86125;0;T;True;2
1621224250000;11492373;0.86119;0.86131;0.86125;0;T;True;2
1621224251000;11492374;0.86119;0.86131;0.86125;0;T;True;2
1621224252000;11492375;0.86119;0.86131;0.86125;0;T;True;2
1621224253000;11492376;0.86119;0.86131;0.86125;0;T;True;2
1621224254000;11492377;0.86119;0.86131;0.86125;0;T;True;2
1621224255000;11492378;0.86119;0.86131;0.86125;0;T;True;2
1621224256000;11492379;0.86119;0.86131;0.86125;0;T;True;2
1621224257000;11492380;0.86119;0.86131;0.86125;0;T;True;2
1621224258000;11492381;0.86119;0.86131;0.86125;0;T;True;2
1621224259000;11492382;0.86119;0.86131;0.86125;0;T;True;2
1621224260000;11492383;0.86119;0.86131;0.86125;0;T;True;2
1621224261000;11492384;0.86119;0.86131;0.86125;0;T;True;2
1621224262000;11492385;0.86119;0.86131;0.86125;0;T;True;2
1621224263000;11492386;0.86119;0.86131;0.86125;0;T;True;2
1621224264000;11492387;0.86119;0.86131;0.86125;0;T;True;2
1621224265000;11492388;0.86119;0.86131;0.86125;0;T;True;2
1621224266000;11492389;0.86119;0.86131;0.86125;0;T;True;2
1621224267000;11492390;0.86119;0.86131;0.86125;0;T;True;2
1621224268000;11492391;0.86119;0.86131;0.86125;0;T;True;2
1621224269000;11492393;0.86118;0.8613;0.86124;1;T;True;2
1621224270000;11492394;0.86118;0.8613;0.86124;0;T;True;2
1621224271000;11492395;0.86118;0.8613;0.86124;0;T;True;2
1621224272000;11492396;0.86118;0.8613;0.86124;0;T;True;2
1621224273000;11492397;0.86118;0.8613;0.86124;0;T;True;2
1621224274000;11492398;0.86118;0.8613;0.86124;0;T;True;2
1621224275000;11492399;0.86118;0.8613;0.86124;0;T;True;2
1621224276000;11492400;0.86118;0.8613;0.86124;0;T;True;2
1621224277000;11492401;0.86118;0.8613;0.86124;0;T;True;2
1621224278000;11492402;0.86118;0.8613;0.86124;0;T;True;2
1621224279000;11492403;0.86118;0.8613;0.86124;0;T;True;2
1621224280000;11492406;0.86118;0.8613;0.86124;2;T;True;2
1621224281000;11492407;0.86118;0.8613;0.86124;0;T;True;2
1621224282000;11492409;0.86117;0.86129;0.86123;1;T;True;2
1621224283000;11492410;0.86117;0.86129;0.86123;0;T;True;2
1621224284000;11492412;0.86117;0.86129;0.86123;1;T;True;2
1621224285000;11492415;0.86118;0.8613;0.86124;2;T;True;2
1621224286000;11492416;0.86118;0.8613;0.86124;0;T;True;2
1621224287000;11492417;0.86118;0.8613;0.86124;0;T;True;2
1621224288000;11492418;0.86118;0.8613;0.86124;0;T;True;2
1621224289000;11492419;0.86118;0.8613;0.86124;0;T;True;2
1621224290000;11492421;0.86117;0.86129;0.86123;1;T;True;2
1621224291000;11492422;0.86117;0.86129;0.86123;0;T;True;2
1621224292000;11492423;0.86117;0.86129;0.86123;0;T;True;2
1621224293000;11492424;0.86117;0.86129;0.86123;0;T;True;2
1621224294000;11492425;0.86117;0.86129;0.86123;0;T;True;2
1621224295000;11492426;0.86117;0.86129;0.86123;0;T;True;2
1621224296000;11492427;0.86117;0.86129;0.86123;0;T;True;2
1621224297000;11492428;0.86117;0.86129;0.86123;0;T;True;2
1621224298000;11492429;0.86117;0.86129;0.86123;0;T;True;2
1621224299000;11492430;0.86117;0.86129;0.86123;0;T;True;2
1621224300000;11492431;0.86117;0.86129;0.86123;0;T;True;2
1621224301000;11492432;0.86117;0.86129;0.86123;0;T;True;2
1621224302000;11492433;0.86117;0.86129;0.86123;0;T;True;2
1621224303000;11492435;0.86117;0.86129;0.86123;1;T;True;2
1621224304000;11492436;0.86117;0.86129;0.86123;0;T;True;2
1621224305000;11492437;0.86117;0.86129;0.86123;0;T;True;2
1621224306000;11492438;0.86117;0.86129;0.86123;0;T;True;2
1621224307000;11492439;0.86117;0.86129;0.86123;0;T;True;2
1621224308000;11492440;0.86117;0.86129;0.86123;0;T;True;2
1621224309000;11492443;0.86115;0.86127;0.86121;2;T;True;2
1621224310000;11492444;0.86115;0.86127;0.86121;0;T;True;2
1621224311000;11492445;0.86115;0.86127;0.86121;0;T;True;2
1621224312000;11492446;0.86115;0.86127;0.86121;0;T;True;2
1621224313000;11492447;0.86115;0.86127;0.86121;0;T;True;2
1621224314000;11492448;0.86115;0.86127;0.86121;0;T;True;2
1621224315000;11492449;0.86115;0.86127;0.86121;0;T;True;2
1621224316000;11492451;0.86115;0.86127;0.86121;1;T;True;2
1621224317000;11492452;0.86115;0.86127;0.86121;0;T;True;2
1621224318000;11492453;0.86115;0.86127;0.86121;0;T;True;2
1621224319000;11492454;0.86115;0.86127;0.86121;0;T;True;2
1621224320000;11492455;0.86115;0.86127;0.86121;0;T;True;2
1621224321000;11492456;0.86115;0.86127;0.86121;0;T;True;2
1621224322000;11492457;0.86115;0.86127;0.86121;0;T;True;2
1621224323000;11492458;0.86115;0.86127;0.86121;0;T;True;2
1621224324000;11492459;0.86115;0.86127;0.86121;0;T;True;2
1621224325000;11492460;0.86115;0.86127;0.86121;0;T;True;2
1621224326000;11492461;0.86115;0.86127;0.86121;0;T;True;2
1621224327000;11492462;0.86115;0.86127;0.86121;0;T;True;2
1621224328000;11492464;0.86115;0.86127;0.86121;1;T;True;2
1621224329000;11492465;0.86115;0.86127;0.86121;0;T;True;2
1621224330000;11492466;0.86115;0.86127;0.86121;0;T;True;2
1621224331000;11492467;0.86115;0.86127;0.86121;0;T;True;2
1621224332000;11492468;0.86115;0.86127;0.86121;0;T;True;2
1621224333000;11492469;0.86115;0.86127;0.86121;0;T;True;2
1621224334000;11492471;0.86115;0.86127;0.86121;1;T;True;2
1621224335000;11492472;0.86115;0.86127;0.86121;0;T;True;2
1621224336000;11492474;0.86116;0.86128;0.86122;1;T;True;2
1621224337000;11492475;0.86116;0.86128;0.86122;0;T;True;2
1621224338000;11492476;0.86116;0.86128;0.86122;0;T;True;2
1621224339000;11492477;0.86116;0.86128;0.86122;0;T;True;2
1621224340000;11492478;0.86116;0.86128;0.86122;0;T;True;2
1621224341000;11492479;0.86116;0.86128;0.86122;0;T;True;2
1621224342000;11492480;0.86116;0.86128;0.86122;0;T;True;2
1621224343000;11492482;0.86117;0.86129;0.86123;1;T;True;2
1621224344000;11492483;0.86117;0.86129;0.86123;0;T;True;2
1621224345000;11492484;0.86117;0.86129;0.86123;0;T;True;2
1621224346000;11492485;0.86117;0.86129;0.86123;0;T;True;2
1621224347000;11492486;0.86117;0.86129;0.86123;0;T;True;2
1621224348000;11492488;0.86116;0.86128;0.86122;1;T;True;2
1621224349000;11492489;0.86116;0.86128;0.86122;0;T;True;2
1621224350000;11492490;0.86116;0.86128;0.86122;0;T;True;2
1621224351000;11492491;0.86116;0.86128;0.86122;0;T;True;2
1621224352000;11492492;0.86116;0.86128;0.86122;0;T;True;2
1621224353000;11492496;0.86116;0.86128;0.86122;3;T;True;2
1621224354000;11492497;0.86116;0.86128;0.86122;0;T;True;2
1621224355000;11492498;0.86116;0.86128;0.86122;0;T;True;2
1621224356000;11492499;0.86116;0.86128;0.86122;0;T;True;2
1621224357000;11492500;0.86116;0.86128;0.86122;0;T;True;2
1621224358000;11492501;0.86116;0.86128;0.86122;0;T;True;2
1621224359000;11492502;0.86116;0.86128;0.86122;0;T;True;2
1621224360000;11492503;0.86116;0.86128;0.86122;0;T;True;2
1621224361000;11492504;0.86116;0.86128;0.86122;0;T;True;2
1621224362000;11492507;0.86117;0.86129;0.86123;2;T;True;2
1621224363000;11492508;0.86117;0.86129;0.86123;0;T;True;2
1621224364000;11492509;0.86117;0.86129;0.86123;0;T;True;2
1621224365000;11492511;0.86117;0.86129;0.86123;1;T;True;2
1621224366000;11492514;0.86117;0.86129;0.86123;2;T;True;2
1621224367000;11492516;0.86118;0.8613;0.86124;1;T;True;2
1621224368000;11492523;0.86116;0.86128;0.86122;6;T;True;2
1621224369000;11492524;0.86116;0.86128;0.86122;0;T;True;2
1621224370000;11492525;0.86116;0.86128;0.86122;0;T;True;2
1621224371000;11492526;0.86116;0.86128;0.86122;0;T;True;2
1621224372000;11492527;0.86116;0.86128;0.86122;0;T;True;2
1621224373000;11492528;0.86116;0.86128;0.86122;0;T;True;2
1621224374000;11492529;0.86116;0.86128;0.86122;0;T;True;2
1621224375000;11492530;0.86116;0.86128;0.86122;0;T;True;2
1621224376000;11492531;0.86116;0.86128;0.86122;0;T;True;2
1621224377000;11492532;0.86116;0.86128;0.86122;0;T;True;2
1621224378000;11492533;0.86116;0.86128;0.86122;0;T;True;2
1621224379000;11492538;0.86116;0.86128;0.86122;4;T;True;2
1621224380000;11492539;0.86116;0.86128;0.86122;0;T;True;2
1621224381000;11492540;0.86116;0.86128;0.86122;0;T;True;2
1621224382000;11492541;0.86116;0.86128;0.86122;0;T;True;2
1621224383000;11492542;0.86116;0.86128;0.86122;0;T;True;2
1621224384000;11492543;0.86116;0.86128;0.86122;0;T;True;2
1621224385000;11492544;0.86116;0.86128;0.86122;0;T;True;2
1621224386000;11492545;0.86116;0.86128;0.86122;0;T;True;2
1621224387000;11492546;0.86116;0.86128;0.86122;0;T;True;2
1621224388000;11492550;0.86116;0.86128;0.86122;3;T;True;2
1621224389000;11492551;0.86116;0.86128;0.86122;0;T;True;2
1621224390000;11492552;0.86116;0.86128;0.86122;0;T;True;2
1621224391000;11492553;0.86116;0.86128;0.86122;0;T;True;2
1621224392000;11492556;0.86116;0.86128;0.86122;2;T;True;2
1621224393000;11492557;0.86116;0.86128;0.86122;0;T;True;2
1621224394000;11492559;0.86116;0.86128;0.86122;1;T;True;2
1621224395000;11492562;0.86113;0.86125;0.86119;2;T;True;2
1621224396000;11492563;0.86113;0.86125;0.86119;0;T;True;2
1621224397000;11492564;0.86113;0.86125;0.86119;0;T;True;2
1621224398000;11492565;0.86113;0.86125;0.86119;0;T;True;2
1621224399000;11492566;0.86113;0.86125;0.86119;0;T;True;2
1621224400000;11492567;0.86113;0.86125;0.86119;0;T;True;2
1621224401000;11492568;0.86113;0.86125;0.86119;0;T;True;2
1621224402000;11492569;0.86113;0.86125;0.86119;0;T;True;2
1621224403000;11492570;0.86113;0.86125;0.86119;0;T;True;2
1621224404000;11492571;0.86113;0.86125;0.86119;0;T;True;2
1621224405000;11492572;0.86113;0.86125;0.86119;0;T;True;2
1621224406000;11492573;0.86113;0.86125;0.86119;0;T;True;2
1621224407000;11492574;0.86113;0.86125;0.86119;0;T;True;2
1621224408000;11492575;0.86113;0.86125;0.86119;0;T;True;2
1621224409000;11492576;0.86113;0.86125;0.86119;0;T;True;2
1621224410000;11492580;0.86111;0.86123;0.86117;3;T;True;2
1621224411000;11492582;0.86111;0.86123;0.86117;1;T;True;2
1621224412000;11492583;0.86111;0.86123;0.86117;0;T;True;2
1621224413000;11492584;0.86111;0.86123;0.86117;0;T;True;2
1621224414000;11492585;0.86111;0.86123;0.86117;0;T;True;2
1621224415000;11492586;0.86111;0.86123;0.86117;0;T;True;2
1621224416000;11492587;0.86111;0.86123;0.86117;0;T;True;2
1621224417000;11492588;0.86111;0.86123;0.86117;0;T;True;2
1621224418000;11492590;0.86111;0.86123;0.86117;1;T;True;2
1621224419000;11492591;0.86111;0.86123;0.86117;0;T;True;2
1621224420000;11492592;0.86111;0.86123;0.86117;0;T;True;2
1621224421000;11492593;0.86111;0.86123;0.86117;0;T;True;2
1621224422000;11492594;0.86111;0.86123;0.86117;0;T;True;2
1621224423000;11492595;0.86111;0.86123;0.86117;0;T;True;2
1621224424000;11492597;0.86111;0.86123;0.86117;1;T;True;2
1621224425000;11492599;0.86111;0.86123;0.86117;1;T;True;2
1621224426000;11492601;0.86111;0.86123;0.86117;1;T;True;2
1621224427000;11492602;0.86111;0.86123;0.86117;0;T;True;2
1621224428000;11492603;0.86111;0.86123;0.86117;0;T;True;2
1621224429000;11492607;0.86111;0.86123;0.86117;3;T;True;2
1621224430000;11492608;0.86111;0.86123;0.86117;0;T;True;2
1621224431000;11492611;0.8611;0.86122;0.86116;2;T;True;2
1621224432000;11492614;0.86109;0.86121;0.86115;2;T;True;2
1621224433000;11492615;0.86109;0.86121;0.86115;0;T;True;2
1621224434000;11492616;0.86109;0.86121;0.86115;0;T;True;2
1621224435000;11492617;0.86109;0.86121;0.86115;0;T;True;2
1621224436000;11492622;0.86109;0.86121;0.86115;4;T;True;2
1621224437000;11492623;0.86109;0.86121;0.86115;0;T;True;2
1621224438000;11492625;0.86109;0.86121;0.86115;1;T;True;2
1621224439000;11492626;0.86109;0.86121;0.86115;0;T;True;2
1621224440000;11492627;0.86109;0.86121;0.86115;0;T;True;2
1621224441000;11492628;0.86109;0.86121;0.86115;0;T;True;2
1621224442000;11492629;0.86109;0.86121;0.86115;0;T;True;2
1621224443000;11492630;0.86109;0.86121;0.86115;0;T;True;2
1621224444000;11492631;0.86109;0.86121;0.86115;0;T;True;2
1621224445000;11492632;0.86109;0.86121;0.86115;0;T;True;2
1621224446000;11492633;0.86109;0.86121;0.86115;0;T;True;2
1621224447000;11492634;0.86109;0.86121;0.86115;0;T;True;2
1621224448000;11492635;0.86109;0.86121;0.86115;0;T;True;2
1621224449000;11492636;0.86109;0.86121;0.86115;0;T;True;2
1621224450000;11492637;0.86109;0.86121;0.86115;0;T;True;2
1621224451000;11492638;0.86109;0.86121;0.86115;0;T;True;2
1621224452000;11492640;0.86109;0.86121;0.86115;1;T;True;2
1621224453000;11492642;0.86109;0.86121;0.86115;1;T;True;2
1621224454000;11492643;0.86109;0.86121;0.86115;0;T;True;2
1621224455000;11492644;0.86109;0.86121;0.86115;0;T;True;2
1621224456000;11492647;0.86109;0.86121;0.86115;2;T;True;2
1621224457000;11492648;0.86109;0.86121;0.86115;0;T;True;2
1621224458000;11492649;0.86109;0.86121;0.86115;0;T;True;2
1621224459000;11492650;0.86109;0.86121;0.86115;0;T;True;2
1621224460000;11492651;0.86109;0.86121;0.86115;0;T;True;2
1621224461000;11492652;0.86109;0.86121;0.86115;0;T;True;2
1621224462000;11492653;0.86109;0.86121;0.86115;0;T;True;2
1621224463000;11492654;0.86109;0.86121;0.86115;0;T;True;2
1621224464000;11492657;0.8611;0.86122;0.86116;2;T;True;2
1621224465000;11492658;0.8611;0.86122;0.86116;0;T;True;2
1621224466000;11492659;0.8611;0.86122;0.86116;0;T;True;2
1621224467000;11492660;0.8611;0.86122;0.86116;0;T;True;2
1621224468000;11492661;0.8611;0.86122;0.86116;0;T;True;2
1621224469000;11492662;0.8611;0.86122;0.86116;0;T;True;2
1621224470000;11492663;0.8611;0.86122;0.86116;0;T;True;2
1621224471000;11492664;0.8611;0.86122;0.86116;0;T;True;2
1621224472000;11492665;0.8611;0.86122;0.86116;0;T;True;2
1621224473000;11492666;0.8611;0.86122;0.86116;0;T;True;2
1621224474000;11492667;0.8611;0.86122;0.86116;0;T;True;2
1621224475000;11492668;0.8611;0.86122;0.86116;0;T;True;2
1621224476000;11492669;0.8611;0.86122;0.86116;0;T;True;2
1621224477000;11492670;0.8611;0.86122;0.86116;0;T;True;2
1621224478000;11492671;0.8611;0.86122;0.86116;0;T;True;2
1621224479000;11492672;0.8611;0.86122;0.86116;0;T;True;2
1621224480000;11492673;0.8611;0.86122;0.86116;0;T;True;2
1621224481000;11492674;0.8611;0.86122;0.86116;0;T;True;2
1621224482000;11492675;0.8611;0.86122;0.86116;0;T;True;2
1621224483000;11492676;0.8611;0.86122;0.86116;0;T;True;2
1621224484000;11492677;0.8611;0.86122;0.86116;0;T;True;2
1621224485000;11492678;0.8611;0.86122;0.86116;0;T;True;2
1621224486000;11492679;0.8611;0.86122;0.86116;0;T;True;2
1621224487000;11492680;0.8611;0.86122;0.86116;0;T;True;2
1621224488000;11492681;0.8611;0.86122;0.86116;0;T;True;2
1621224489000;11492682;0.8611;0.86122;0.86116;0;T;True;2
1621224490000;11492683;0.8611;0.86122;0.86116;0;T;True;2
1621224491000;11492685;0.8611;0.86122;0.86116;1;T;True;2
1621224492000;11492686;0.8611;0.86122;0.86116;0;T;True;2
1621224493000;11492687;0.8611;0.86122;0.86116;0;T;True;2
1621224494000;11492688;0.8611;0.86122;0.86116;0;T;True;2
1621224495000;11492689;0.8611;0.86122;0.86116;0;T;True;2
1621224496000;11492690;0.8611;0.86122;0.86116;0;T;True;2
1621224497000;11492691;0.8611;0.86122;0.86116;0;T;True;2
1621224498000;11492692;0.8611;0.86122;0.86116;0;T;True;2
1621224499000;11492693;0.8611;0.86122;0.86116;0;T;True;2
1621224500000;11492694;0.8611;0.86122;0.86116;0;T;True;2
1621224501000;11492695;0.8611;0.86122;0.86116;0;T;True;2
1621224502000;11492697;0.8611;0.86122;0.86116;1;T;True;2
1621224503000;11492699;0.86111;0.86123;0.86117;1;T;True;2
1621224504000;11492700;0.86111;0.86123;0.86117;0;T;True;2
1621224505000;11492701;0.86111;0.86123;0.86117;0;T;True;2
1621224506000;11492702;0.86111;0.86123;0.86117;0;T;True;2
1621224507000;11492703;0.86111;0.86123;0.86117;0;T;True;2
1621224508000;11492704;0.86111;0.86123;0.86117;0;T;True;2
1621224509000;11492707;0.86111;0.86123;0.86117;2;T;True;2
1621224510000;11492709;0.86111;0.86123;0.86117;1;T;True;2
1621224511000;11492710;0.86111;0.86123;0.86117;0;T;True;2
1621224512000;11492715;0.86111;0.86123;0.86117;4;T;True;2
1621224513000;11492716;0.86111;0.86123;0.86117;0;T;True;2
1621224514000;11492718;0.86111;0.86123;0.86117;1;T;True;2
1621224515000;11492719;0.86111;0.86123;0.86117;0;T;True;2
1621224516000;11492720;0.86111;0.86123;0.86117;0;T;True;2
1621224517000;11492721;0.86111;0.86123;0.86117;0;T;True;2
1621224518000;11492723;0.86111;0.86123;0.86117;1;T;True;2
1621224519000;11492724;0.86111;0.86123;0.86117;0;T;True;2
1621224520000;11492725;0.86111;0.86123;0.86117;0;T;True;2
1621224521000;11492726;0.86111;0.86123;0.86117;0;T;True;2
1621224522000;11492727;0.86111;0.86123;0.86117;0;T;True;2
1621224523000;11492728;0.86111;0.86123;0.86117;0;T;True;2
1621224524000;11492731;0.8611;0.86122;0.86116;2;T;True;2
1621224525000;11492732;0.8611;0.86122;0.86116;0;T;True;2
1621224526000;11492733;0.8611;0.86122;0.86116;0;T;True;2
1621224527000;11492734;0.8611;0.86122;0.86116;0;T;True;2
1621224528000;11492735;0.8611;0.86122;0.86116;0;T;True;2
1621224529000;11492737;0.86109;0.86121;0.86115;1;T;True;2
1621224530000;11492738;0.86109;0.86121;0.86115;0;T;True;2
1621224531000;11492740;0.86109;0.86121;0.86115;1;T;True;2
1621224532000;11492741;0.86109;0.86121;0.86115;0;T;True;2
1621224533000;11492742;0.86109;0.86121;0.86115;0;T;True;2
1621224534000;11492744;0.86109;0.86121;0.86115;1;T;True;2
1621224535000;11492745;0.86109;0.86121;0.86115;0;T;True;2
1621224536000;11492746;0.86109;0.86121;0.86115;0;T;True;2
1621224537000;11492747;0.86109;0.86121;0.86115;0;T;True;2
1621224538000;11492748;0.86109;0.86121;0.86115;0;T;True;2
1621224539000;11492751;0.86109;0.86121;0.86115;2;T;True;2
1621224540000;11492752;0.86109;0.86121;0.86115;0;T;True;2
1621224541000;11492754;0.86109;0.86121;0.86115;1;T;True;2
1621224542000;11492756;0.86109;0.86121;0.86115;1;T;True;2
1621224543000;11492759;0.86108;0.8612;0.86114;2;T;True;2
1621224544000;11492761;0.86108;0.8612;0.86114;1;T;True;2
1621224545000;11492763;0.86108;0.8612;0.86114;1;T;True;2
1621224546000;11492764;0.86108;0.8612;0.86114;0;T;True;2
1621224547000;11492765;0.86108;0.8612;0.86114;0;T;True;2
1621224548000;11492766;0.86108;0.8612;0.86114;0;T;True;2
1621224549000;11492767;0.86108;0.8612;0.86114;0;T;True;2
1621224550000;11492768;0.86108;0.8612;0.86114;0;T;True;2
1621224551000;11492769;0.86108;0.8612;0.86114;0;T;True;2
1621224552000;11492770;0.86108;0.8612;0.86114;0;T;True;2
1621224553000;11492772;0.86107;0.86119;0.86113;1;T;True;2
1621224554000;11492774;0.86108;0.8612;0.86114;1;T;True;2
1621224555000;11492775;0.86108;0.8612;0.86114;0;T;True;2
1621224556000;11492777;0.86109;0.86121;0.86115;1;T;True;2
1621224557000;11492778;0.86109;0.86121;0.86115;0;T;True;2
1621224558000;11492779;0.86109;0.86121;0.86115;0;T;True;2
1621224559000;11492781;0.86109;0.86121;0.86115;1;T;True;2
1621224560000;11492783;0.86109;0.86121;0.86115;1;T;True;2
1621224561000;11492784;0.86109;0.86121;0.86115;0;T;True;2
1621224562000;11492785;0.86109;0.86121;0.86115;0;T;True;2
1621224563000;11492786;0.86109;0.86121;0.86115;0;T;True;2
1621224564000;11492787;0.86109;0.86121;0.86115;0;T;True;2
1621224565000;11492789;0.86109;0.86121;0.86115;1;T;True;2
1621224566000;11492791;0.86109;0.86121;0.86115;1;T;True;2
1621224567000;11492795;0.86109;0.86121;0.86115;3;T;True;2
1621224568000;11492799;0.86109;0.86121;0.86115;3;T;True;2
1621224569000;11492800;0.86109;0.86121;0.86115;0;T;True;2
1621224570000;11492801;0.86109;0.86121;0.86115;0;T;True;2
1621224571000;11492805;0.86108;0.8612;0.86114;3;T;True;2
1621224572000;11492808;0.86107;0.86119;0.86113;2;T;True;2
1621224573000;11492809;0.86107;0.86119;0.86113;0;T;True;2
1621224574000;11492811;0.86107;0.86119;0.86113;1;T;True;2
1621224575000;11492812;0.86107;0.86119;0.86113;0;T;True;2
1621224576000;11492814;0.86106;0.86118;0.86112;1;T;True;2
1621224577000;11492817;0.86106;0.86118;0.86112;2;T;True;2
1621224578000;11492818;0.86106;0.86118;0.86112;0;T;True;2
1621224579000;11492819;0.86106;0.86118;0.86112;0;T;True;2
1621224580000;11492820;0.86106;0.86118;0.86112;0;T;True;2
1621224581000;11492822;0.86107;0.86119;0.86113;1;T;True;2
1621224582000;11492829;0.86105;0.86117;0.86111;6;T;True;2
1621224583000;11492835;0.86103;0.86115;0.86109;5;T;True;2
1621224584000;11492838;0.86101;0.86113;0.86107;2;T;True;2
1621224585000;11492841;0.86101;0.86113;0.86107;2;T;True;2
1621224586000;11492842;0.86101;0.86113;0.86107;0;T;True;2
1621224587000;11492843;0.86101;0.86113;0.86107;0;T;True;2
1621224588000;11492844;0.86101;0.86113;0.86107;0;T;True;2
1621224589000;11492845;0.86101;0.86113;0.86107;0;T;True;2
1621224590000;11492846;0.86101;0.86113;0.86107;0;T;True;2
1621224591000;11492848;0.86101;0.86113;0.86107;1;T;True;2
1621224592000;11492850;0.86101;0.86113;0.86107;1;T;True;2
1621224593000;11492851;0.86101;0.86113;0.86107;0;T;True;2
1621224594000;11492852;0.86101;0.86113;0.86107;0;T;True;2
1621224595000;11492853;0.86101;0.86113;0.86107;0;T;True;2
1621224596000;11492854;0.86101;0.86113;0.86107;0;T;True;2
1621224597000;11492860;0.86101;0.86113;0.86107;5;T;True;2
1621224598000;11492862;0.86101;0.86113;0.86107;1;T;True;2
1621224599000;11492863;0.86101;0.86113;0.86107;0;T;True;2
1621224600000;11492865;0.86101;0.86113;0.86107;1;T;True;2
1621224601000;11492866;0.86101;0.86113;0.86107;0;T;True;2
1621224602000;11492869;0.86102;0.86114;0.86108;2;T;True;2
1621224603000;11492870;0.86102;0.86114;0.86108;0;T;True;2
1621224604000;11492871;0.86102;0.86114;0.86108;0;T;True;2
1621224605000;11492872;0.86102;0.86114;0.86108;0;T;True;2
1621224606000;11492873;0.86102;0.86114;0.86108;0;T;True;2
1621224607000;11492874;0.86102;0.86114;0.86108;0;T;True;2
1621224608000;11492875;0.86102;0.86114;0.86108;0;T;True;2
1621224609000;11492876;0.86102;0.86114;0.86108;0;T;True;2
1621224610000;11492877;0.86102;0.86114;0.86108;0;T;True;2
1621224611000;11492878;0.86102;0.86114;0.86108;0;T;True;2
1621224612000;11492879;0.86102;0.86114;0.86108;0;T;True;2
1621224613000;11492880;0.86102;0.86114;0.86108;0;T;True;2
1621224614000;11492881;0.86102;0.86114;0.86108;0;T;True;2
1621224615000;11492882;0.86102;0.86114;0.86108;0;T;True;2
1621224616000;11492883;0.86102;0.86114;0.86108;0;T;True;2
1621224617000;11492884;0.86102;0.86114;0.86108;0;T;True;2
1621224618000;11492885;0.86102;0.86114;0.86108;0;T;True;2
1621224619000;11492886;0.86102;0.86114;0.86108;0;T;True;2
1621224620000;11492887;0.86102;0.86114;0.86108;0;T;True;2
1621224621000;11492888;0.86102;0.86114;0.86108;0;T;True;2
1621224622000;11492889;0.86102;0.86114;0.86108;0;T;True;2
1621224623000;11492892;0.86102;0.86114;0.86108;2;T;True;2
1621224624000;11492893;0.86102;0.86114;0.86108;0;T;True;2
1621224625000;11492894;0.86102;0.86114;0.86108;0;T;True;2
1621224626000;11492895;0.86102;0.86114;0.86108;0;T;True;2
1621224627000;11492898;0.86102;0.86114;0.86108;2;T;True;2
1621224628000;11492899;0.86102;0.86114;0.86108;0;T;True;2
1621224629000;11492900;0.86102;0.86114;0.86108;0;T;True;2
1621224630000;11492901;0.86102;0.86114;0.86108;0;T;True;2
1621224631000;11492904;0.86102;0.86114;0.86108;2;T;True;2
1621224632000;11492905;0.86102;0.86114;0.86108;0;T;True;2
1621224633000;11492907;0.86103;0.86115;0.86109;1;T;True;2
1621224634000;11492908;0.86103;0.86115;0.86109;0;T;True;2
1621224635000;11492909;0.86103;0.86115;0.86109;0;T;True;2
1621224636000;11492911;0.86104;0.86116;0.8611;1;T;True;2
1621224637000;11492914;0.86105;0.86117;0.86111;2;T;True;2
1621224638000;11492915;0.86105;0.86117;0.86111;0;T;True;2
1621224639000;11492917;0.86105;0.86117;0.86111;1;T;True;2
1621224640000;11492918;0.86105;0.86117;0.86111;0;T;True;2
1621224641000;11492921;0.86104;0.86116;0.8611;2;T;True;2
1621224642000;11492923;0.86104;0.86116;0.8611;1;T;True;2
1621224643000;11492924;0.86104;0.86116;0.8611;0;T;True;2
1621224644000;11492925;0.86104;0.86116;0.8611;0;T;True;2
1621224645000;11492926;0.86104;0.86116;0.8611;0;T;True;2
1621224646000;11492927;0.86104;0.86116;0.8611;0;T;True;2
1621224647000;11492928;0.86104;0.86116;0.8611;0;T;True;2
1621224648000;11492929;0.86104;0.86116;0.8611;0;T;True;2
1621224649000;11492930;0.86104;0.86116;0.8611;0;T;True;2
1621224650000;11492933;0.86105;0.86117;0.86111;2;T;True;2
1621224651000;11492934;0.86105;0.86117;0.86111;0;T;True;2
1621224652000;11492935;0.86105;0.86117;0.86111;0;T;True;2
1621224653000;11492936;0.86105;0.86117;0.86111;0;T;True;2
1621224654000;11492937;0.86105;0.86117;0.86111;0;T;True;2
1621224655000;11492938;0.86105;0.86117;0.86111;0;T;True;2
1621224656000;11492939;0.86105;0.86117;0.86111;0;T;True;2
1621224657000;11492940;0.86105;0.86117;0.86111;0;T;True;2
1621224658000;11492941;0.86105;0.86117;0.86111;0;T;True;2
1621224659000;11492943;0.86105;0.86117;0.86111;1;T;True;2
1621224660000;11492946;0.86103;0.86115;0.86109;2;T;True;2
1621224661000;11492947;0.86103;0.86115;0.86109;0;T;True;2
1621224662000;11492948;0.86103;0.86115;0.86109;0;T;True;2
1621224663000;11492949;0.86103;0.86115;0.86109;0;T;True;2
1621224664000;11492955;0.86103;0.86115;0.86109;5;T;True;2
1621224665000;11492958;0.86101;0.86113;0.86107;2;T;True;2
1621224666000;11492961;0.86101;0.86113;0.86107;2;T;True;2
1621224667000;11492962;0.86101;0.86113;0.86107;0;T;True;2
1621224668000;11492965;0.86101;0.86113;0.86107;2;T;True;2
1621224669000;11492967;0.86101;0.86113;0.86107;1;T;True;2
1621224670000;11492968;0.86101;0.86113;0.86107;0;T;True;2
1621224671000;11492973;0.86102;0.86114;0.86108;4;T;True;2
1621224672000;11492974;0.86102;0.86114;0.86108;0;T;True;2
1621224673000;11492978;0.86101;0.86113;0.86107;3;T;True;2
1621224674000;11492980;0.86101;0.86113;0.86107;1;T;True;2
1621224675000;11492982;0.86101;0.86113;0.86107;1;T;True;2
1621224676000;11492983;0.86101;0.86113;0.86107;0;T;True;2
1621224677000;11492984;0.86101;0.86113;0.86107;0;T;True;2
1621224678000;11492986;0.86101;0.86113;0.86107;1;T;True;2
1621224679000;11492987;0.86101;0.86113;0.86107;0;T;True;2
1621224680000;11492988;0.86101;0.86113;0.86107;0;T;True;2
1621224681000;11492989;0.86101;0.86113;0.86107;0;T;True;2
1621224682000;11492991;0.86101;0.86113;0.86107;1;T;True;2
1621224683000;11492992;0.86101;0.86113;0.86107;0;T;True;2
1621224684000;11492993;0.86101;0.86113;0.86107;0;T;True;2
1621224685000;11492996;0.86099;0.86111;0.86105;2;T;True;2
1621224686000;11492998;0.86099;0.86111;0.86105;1;T;True;2
1621224687000;11492999;0.86099;0.86111;0.86105;0;T;True;2
1621224688000;11493000;0.86099;0.86111;0.86105;0;T;True;2
1621224689000;11493001;0.86099;0.86111;0.86105;0;T;True;2
1621224690000;11493002;0.86099;0.86111;0.86105;0;T;True;2
1621224691000;11493003;0.86099;0.86111;0.86105;0;T;True;2
1621224692000;11493004;0.86099;0.86111;0.86105;0;T;True;2
1621224693000;11493005;0.86099;0.86111;0.86105;0;T;True;2
1621224694000;11493006;0.86099;0.86111;0.86105;0;T;True;2
1621224695000;11493008;0.861;0.86112;0.86106;1;T;True;2
1621224696000;11493009;0.861;0.86112;0.86106;0;T;True;2
1621224697000;11493010;0.861;0.86112;0.86106;0;T;True;2
1621224698000;11493011;0.861;0.86112;0.86106;0;T;True;2
1621224699000;11493012;0.861;0.86112;0.86106;0;T;True;2
1621224700000;11493013;0.861;0.86112;0.86106;0;T;True;2
1621224701000;11493014;0.861;0.86112;0.86106;0;T;True;2
1621224702000;11493015;0.861;0.86112;0.86106;0;T;True;2
1621224703000;11493016;0.861;0.86112;0.86106;0;T;True;2
1621224704000;11493017;0.861;0.86112;0.86106;0;T;True;2
1621224705000;11493020;0.861;0.86112;0.86106;2;T;True;2
1621224706000;11493021;0.861;0.86112;0.86106;0;T;True;2
1621224707000;11493022;0.861;0.86112;0.86106;0;T;True;2
1621224708000;11493023;0.861;0.86112;0.86106;0;T;True;2
1621224709000;11493024;0.861;0.86112;0.86106;0;T;True;2
1621224710000;11493026;0.86101;0.86113;0.86107;1;T;True;2
1621224711000;11493028;0.86101;0.86113;0.86107;1;T;True;2
1621224712000;11493030;0.86101;0.86113;0.86107;1;T;True;2
1621224713000;11493031;0.86101;0.86113;0.86107;0;T;True;2
1621224714000;11493034;0.86101;0.86113;0.86107;2;T;True;2
1621224715000;11493035;0.86101;0.86113;0.86107;0;T;True;2
1621224716000;11493036;0.86101;0.86113;0.86107;0;T;True;2
1621224717000;11493037;0.86101;0.86113;0.86107;0;T;True;2
1621224718000;11493038;0.86101;0.86113;0.86107;0;T;True;2
1621224719000;11493039;0.86101;0.86113;0.86107;0;T;True;2
1621224720000;11493040;0.86101;0.86113;0.86107;0;T;True;2
1621224721000;11493041;0.86101;0.86113;0.86107;0;T;True;2
1621224722000;11493042;0.86101;0.86113;0.86107;0;T;True;2
1621224723000;11493043;0.86101;0.86113;0.86107;0;T;True;2
1621224724000;11493044;0.86101;0.86113;0.86107;0;T;True;2
1621224725000;11493045;0.86101;0.86113;0.86107;0;T;True;2
1621224726000;11493046;0.86101;0.86113;0.86107;0;T;True;2
1621224727000;11493047;0.86101;0.86113;0.86107;0;T;True;2
1621224728000;11493048;0.86101;0.86113;0.86107;0;T;True;2
1621224729000;11493049;0.86101;0.86113;0.86107;0;T;True;2
1621224730000;11493053;0.86103;0.86115;0.86109;3;T;True;2
1621224731000;11493056;0.86103;0.86115;0.86109;2;T;True;2
1621224732000;11493059;0.86104;0.86116;0.8611;2;T;True;2
1621224733000;11493060;0.86104;0.86116;0.8611;0;T;True;2
1621224734000;11493061;0.86104;0.86116;0.8611;0;T;True;2
1621224735000;11493062;0.86104;0.86116;0.8611;0;T;True;2
1621224736000;11493063;0.86104;0.86116;0.8611;0;T;True;2
1621224737000;11493064;0.86104;0.86116;0.8611;0;T;True;2
1621224738000;11493065;0.86104;0.86116;0.8611;0;T;True;2
1621224739000;11493067;0.86105;0.86117;0.86111;1;T;True;2
1621224740000;11493068;0.86105;0.86117;0.86111;0;T;True;2
1621224741000;11493084;0.86109;0.86121;0.86115;15;T;True;2
1621224742000;11493097;0.86109;0.86121;0.86115;12;T;True;2
1621224743000;11493114;0.86109;0.86121;0.86115;16;T;True;2
1621224744000;11493131;0.86109;0.86121;0.86115;16;T;True;2
1621224745000;11493147;0.86109;0.86121;0.86115;15;T;True;2
1621224746000;11493151;0.86109;0.86121;0.86115;3;T;True;2
1621224747000;11493152;0.86109;0.86121;0.86115;0;T;True;2
1621224748000;11493153;0.86109;0.86121;0.86115;0;T;True;2
1621224749000;11493154;0.86109;0.86121;0.86115;0;T;True;2
1621224750000;11493155;0.86109;0.86121;0.86115;0;T;True;2
1621224751000;11493168;0.86109;0.86121;0.86115;12;T;True;2
1621224752000;11493180;0.86109;0.86121;0.86115;11;T;True;2
1621224753000;11493181;0.86109;0.86121;0.86115;0;T;True;2
1621224754000;11493182;0.86109;0.86121;0.86115;0;T;True;2
1621224755000;11493183;0.86109;0.86121;0.86115;0;T;True;2
1621224756000;11493185;0.86109;0.86121;0.86115;1;T;True;2
1621224757000;11493186;0.86109;0.86121;0.86115;0;T;True;2
1621224758000;11493187;0.86109;0.86121;0.86115;0;T;True;2
1621224759000;11493188;0.86109;0.86121;0.86115;0;T;True;2
1621224760000;11493189;0.86109;0.86121;0.86115;0;T;True;2
1621224761000;11493190;0.86109;0.86121;0.86115;0;T;True;2
1621224762000;11493191;0.86109;0.86121;0.86115;0;T;True;2
1621224763000;11493192;0.86109;0.86121;0.86115;0;T;True;2
1621224764000;11493193;0.86109;0.86121;0.86115;0;T;True;2
1621224765000;11493197;0.86109;0.86121;0.86115;3;T;True;2
1621224766000;11493199;0.86109;0.86121;0.86115;1;T;True;2
1621224767000;11493200;0.86109;0.86121;0.86115;0;T;True;2
1621224768000;11493202;0.86109;0.86121;0.86115;1;T;True;2
1621224769000;11493203;0.86109;0.86121;0.86115;0;T;True;2
1621224770000;11493204;0.86109;0.86121;0.86115;0;T;True;2
1621224771000;11493206;0.86109;0.86121;0.86115;1;T;True;2
1621224772000;11493208;0.86108;0.8612;0.86114;1;T;True;2
1621224773000;11493212;0.86105;0.86117;0.86111;3;T;True;2
1621224774000;11493213;0.86105;0.86117;0.86111;0;T;True;2
1621224775000;11493215;0.86105;0.86117;0.86111;1;T;True;2
1621224776000;11493216;0.86105;0.86117;0.86111;0;T;True;2
1621224777000;11493217;0.86105;0.86117;0.86111;0;T;True;2
1621224778000;11493218;0.86105;0.86117;0.86111;0;T;True;2
1621224779000;11493219;0.86105;0.86117;0.86111;0;T;True;2
1621224780000;11493220;0.86105;0.86117;0.86111;0;T;True;2
1621224781000;11493221;0.86105;0.86117;0.86111;0;T;True;2
1621224782000;11493222;0.86105;0.86117;0.86111;0;T;True;2
1621224783000;11493223;0.86105;0.86117;0.86111;0;T;True;2
1621224784000;11493224;0.86105;0.86117;0.86111;0;T;True;2
1621224785000;11493225;0.86105;0.86117;0.86111;0;T;True;2
1621224786000;11493226;0.86105;0.86117;0.86111;0;T;True;2
1621224787000;11493230;0.86105;0.86117;0.86111;3;T;True;2
1621224788000;11493232;0.86105;0.86117;0.86111;1;T;True;2
1621224789000;11493234;0.86105;0.86117;0.86111;1;T;True;2
1621224790000;11493235;0.86105;0.86117;0.86111;0;T;True;2
1621224791000;11493236;0.86105;0.86117;0.86111;0;T;True;2
1621224792000;11493237;0.86105;0.86117;0.86111;0;T;True;2
1621224793000;11493238;0.86105;0.86117;0.86111;0;T;True;2
1621224794000;11493239;0.86105;0.86117;0.86111;0;T;True;2
1621224795000;11493240;0.86105;0.86117;0.86111;0;T;True;2
1621224796000;11493241;0.86105;0.86117;0.86111;0;T;True;2
1621224797000;11493242;0.86105;0.86117;0.86111;0;T;True;2
1621224798000;11493243;0.86105;0.86117;0.86111;0;T;True;2
1621224799000;11493244;0.86105;0.86117;0.86111;0;T;True;2
1621224800000;11493245;0.86105;0.86117;0.86111;0;T;True;2
1621224801000;11493246;0.86105;0.86117;0.86111;0;T;True;2
1621224802000;11493247;0.86105;0.86117;0.86111;0;T;True;2
1621224803000;11493248;0.86105;0.86117;0.86111;0;T;True;2
1621224804000;11493250;0.86105;0.86117;0.86111;1;T;True;2
1621224805000;11493251;0.86105;0.86117;0.86111;0;T;True;2
1621224806000;11493252;0.86105;0.86117;0.86111;0;T;True;2
1621224807000;11493253;0.86105;0.86117;0.86111;0;T;True;2
1621224808000;11493254;0.86105;0.86117;0.86111;0;T;True;2
1621224809000;11493255;0.86105;0.86117;0.86111;0;T;True;2
1621224810000;11493256;0.86105;0.86117;0.86111;0;T;True;2
1621224811000;11493258;0.86106;0.86118;0.86112;1;T;True;2
1621224812000;11493259;0.86106;0.86118;0.86112;0;T;True;2
1621224813000;11493260;0.86106;0.86118;0.86112;0;T;True;2
1621224814000;11493261;0.86106;0.86118;0.86112;0;T;True;2
1621224815000;11493262;0.86106;0.86118;0.86112;0;T;True;2
1621224816000;11493264;0.86107;0.86119;0.86113;1;T;True;2
1621224817000;11493265;0.86107;0.86119;0.86113;0;T;True;2
1621224818000;11493271;0.86109;0.86121;0.86115;5;T;True;2
1621224819000;11493273;0.86109;0.86121;0.86115;1;T;True;2
1621224820000;11493276;0.86107;0.86119;0.86113;2;T;True;2
1621224821000;11493277;0.86107;0.86119;0.86113;0;T;True;2
1621224822000;11493278;0.86107;0.86119;0.86113;0;T;True;2
1621224823000;11493280;0.86106;0.86118;0.86112;1;T;True;2
1621224824000;11493284;0.86105;0.86117;0.86111;3;T;True;2
1621224825000;11493287;0.86105;0.86117;0.86111;2;T;True;2
1621224826000;11493288;0.86105;0.86117;0.86111;0;T;True;2
1621224827000;11493289;0.86105;0.86117;0.86111;0;T;True;2
1621224828000;11493291;0.86106;0.86118;0.86112;1;T;True;2
1621224829000;11493296;0.86105;0.86117;0.86111;4;T;True;2
1621224830000;11493297;0.86105;0.86117;0.86111;0;T;True;2
1621224831000;11493298;0.86105;0.86117;0.86111;0;T;True;2
1621224832000;11493300;0.86105;0.86117;0.86111;1;T;True;2
1621224833000;11493302;0.86105;0.86117;0.86111;1;T;True;2
1621224834000;11493304;0.86107;0.86119;0.86113;1;T;True;2
1621224835000;11493305;0.86107;0.86119;0.86113;0;T;True;2
1621224836000;11493306;0.86107;0.86119;0.86113;0;T;True;2
1621224837000;11493307;0.86107;0.86119;0.86113;0;T;True;2
1621224838000;11493309;0.86108;0.8612;0.86114;1;T;True;2
1621224839000;11493310;0.86108;0.8612;0.86114;0;T;True;2
1621224840000;11493317;0.86115;0.86127;0.86121;6;T;True;2
1621224841000;11493323;0.86116;0.86128;0.86122;5;T;True;2
1621224842000;11493326;0.86117;0.86129;0.86123;2;T;True;2
1621224843000;11493331;0.86119;0.86131;0.86125;4;T;True;2
1621224844000;11493337;0.86118;0.8613;0.86124;5;T;True;2
1621224845000;11493342;0.86119;0.86131;0.86125;4;T;True;2
1621224846000;11493343;0.86119;0.86131;0.86125;0;T;True;2
1621224847000;11493344;0.86119;0.86131;0.86125;0;T;True;2
1621224848000;11493346;0.86118;0.8613;0.86124;1;T;True;2
1621224849000;11493347;0.86118;0.8613;0.86124;0;T;True;2
1621224850000;11493349;0.86117;0.86129;0.86123;1;T;True;2
1621224851000;11493354;0.86117;0.86129;0.86123;4;T;True;2
1621224852000;11493356;0.86118;0.8613;0.86124;1;T;True;2
1621224853000;11493363;0.86119;0.86131;0.86125;6;T;True;2
1621224854000;11493369;0.8612;0.86132;0.86126;5;T;True;2
1621224855000;11493373;0.86121;0.86133;0.86127;3;T;True;2
1621224856000;11493375;0.86121;0.86133;0.86127;1;T;True;2
1621224857000;11493379;0.86117;0.86129;0.86123;3;T;True;2
1621224858000;11493381;0.86116;0.86128;0.86122;1;T;True;2
1621224859000;11493382;0.86116;0.86128;0.86122;0;T;True;2
1621224860000;11493383;0.86116;0.86128;0.86122;0;T;True;2
1621224861000;11493385;0.86117;0.86129;0.86123;1;T;True;2
1621224862000;11493386;0.86117;0.86129;0.86123;0;T;True;2
1621224863000;11493387;0.86117;0.86129;0.86123;0;T;True;2
1621224864000;11493388;0.86117;0.86129;0.86123;0;T;True;2
1621224865000;11493389;0.86117;0.86129;0.86123;0;T;True;2
1621224866000;11493390;0.86117;0.86129;0.86123;0;T;True;2
1621224867000;11493391;0.86117;0.86129;0.86123;0;T;True;2
1621224868000;11493392;0.86117;0.86129;0.86123;0;T;True;2
1621224869000;11493393;0.86117;0.86129;0.86123;0;T;True;2
1621224870000;11493394;0.86117;0.86129;0.86123;0;T;True;2
1621224871000;11493397;0.86116;0.86128;0.86122;2;T;True;2
1621224872000;11493406;0.86111;0.86123;0.86117;8;T;True;2
1621224873000;11493408;0.86111;0.86123;0.86117;1;T;True;2
1621224874000;11493409;0.86111;0.86123;0.86117;0;T;True;2
1621224875000;11493416;0.86107;0.86119;0.86113;6;T;True;2
1621224876000;11493424;0.86107;0.86119;0.86113;7;T;True;2
1621224877000;11493426;0.86107;0.86119;0.86113;1;T;True;2
1621224878000;11493427;0.86107;0.86119;0.86113;0;T;True;2
1621224879000;11493434;0.86107;0.86119;0.86113;6;T;True;2
1621224880000;11493435;0.86107;0.86119;0.86113;0;T;True;2
1621224881000;11493437;0.86107;0.86119;0.86113;1;T;True;2
1621224882000;11493438;0.86107;0.86119;0.86113;0;T;True;2
1621224883000;11493440;0.86107;0.86119;0.86113;1;T;True;2
1621224884000;11493444;0.86107;0.86119;0.86113;3;T;True;2
1621224885000;11493445;0.86107;0.86119;0.86113;0;T;True;2
1621224886000;11493448;0.86107;0.86119;0.86113;2;T;True;2
1621224887000;11493450;0.86107;0.86119;0.86113;1;T;True;2
1621224888000;11493451;0.86107;0.86119;0.86113;0;T;True;2
1621224889000;11493452;0.86107;0.86119;0.86113;0;T;True;2
1621224890000;11493453;0.86107;0.86119;0.86113;0;T;True;2
1621224891000;11493454;0.86107;0.86119;0.86113;0;T;True;2
1621224892000;11493455;0.86107;0.86119;0.86113;0;T;True;2
1621224893000;11493457;0.86108;0.8612;0.86114;1;T;True;2
1621224894000;11493459;0.86107;0.86119;0.86113;1;T;True;2
1621224895000;11493460;0.86107;0.86119;0.86113;0;T;True;2
1621224896000;11493462;0.86107;0.86119;0.86113;1;T;True;2
1621224897000;11493463;0.86107;0.86119;0.86113;0;T;True;2
1621224898000;11493471;0.86109;0.86121;0.86115;7;T;True;2
1621224899000;11493475;0.86107;0.86119;0.86113;3;T;True;2
1621224900000;11493476;0.86107;0.86119;0.86113;0;T;True;2
1621224901000;11493477;0.86107;0.86119;0.86113;0;T;True;2
1621224902000;11493479;0.86107;0.86119;0.86113;1;T;True;2
1621224903000;11493481;0.86107;0.86119;0.86113;1;T;True;2
1621224904000;11493482;0.86107;0.86119;0.86113;0;T;True;2
1621224905000;11493483;0.86107;0.86119;0.86113;0;T;True;2
1621224906000;11493484;0.86107;0.86119;0.86113;0;T;True;2
1621224907000;11493485;0.86107;0.86119;0.86113;0;T;True;2
1621224908000;11493486;0.86107;0.86119;0.86113;0;T;True;2
1621224909000;11493487;0.86107;0.86119;0.86113;0;T;True;2
1621224910000;11493488;0.86107;0.86119;0.86113;0;T;True;2
1621224911000;11493490;0.86106;0.86118;0.86112;1;T;True;2
1621224912000;11493491;0.86106;0.86118;0.86112;0;T;True;2
1621224913000;11493492;0.86106;0.86118;0.86112;0;T;True;2
1621224914000;11493493;0.86106;0.86118;0.86112;0;T;True;2
1621224915000;11493494;0.86106;0.86118;0.86112;0;T;True;2
1621224916000;11493495;0.86106;0.86118;0.86112;0;T;True;2
1621224917000;11493496;0.86106;0.86118;0.86112;0;T;True;2
1621224918000;11493497;0.86106;0.86118;0.86112;0;T;True;2
1621224919000;11493499;0.86107;0.86119;0.86113;1;T;True;2
1621224920000;11493500;0.86107;0.86119;0.86113;0;T;True;2
1621224921000;11493501;0.86107;0.86119;0.86113;0;T;True;2
1621224922000;11493502;0.86107;0.86119;0.86113;0;T;True;2
1621224923000;11493503;0.86107;0.86119;0.86113;0;T;True;2
1621224924000;11493504;0.86107;0.86119;0.86113;0;T;True;2
1621224925000;11493505;0.86107;0.86119;0.86113;0;T;True;2
1621224926000;11493508;0.86105;0.86117;0.86111;2;T;True;2
1621224927000;11493509;0.86105;0.86117;0.86111;0;T;True;2
1621224928000;11493510;0.86105;0.86117;0.86111;0;T;True;2
1621224929000;11493511;0.86105;0.86117;0.86111;0;T;True;2
1621224930000;11493515;0.86107;0.86119;0.86113;3;T;True;2
1621224931000;11493517;0.86107;0.86119;0.86113;1;T;True;2
1621224932000;11493518;0.86107;0.86119;0.86113;0;T;True;2
1621224933000;11493521;0.86107;0.86119;0.86113;2;T;True;2
1621224934000;11493522;0.86107;0.86119;0.86113;0;T;True;2
1621224935000;11493523;0.86107;0.86119;0.86113;0;T;True;2
1621224936000;11493524;0.86107;0.86119;0.86113;0;T;True;2
1621224937000;11493525;0.86107;0.86119;0.86113;0;T;True;2
1621224938000;11493527;0.86107;0.86119;0.86113;1;T;True;2
1621224939000;11493528;0.86107;0.86119;0.86113;0;T;True;2
1621224940000;11493529;0.86107;0.86119;0.86113;0;T;True;2
1621224941000;11493530;0.86107;0.86119;0.86113;0;T;True;2
1621224942000;11493531;0.86107;0.86119;0.86113;0;T;True;2
1621224943000;11493533;0.86107;0.86119;0.86113;1;T;True;2
1621224944000;11493534;0.86107;0.86119;0.86113;0;T;True;2
1621224945000;11493535;0.86107;0.86119;0.86113;0;T;True;2
1621224946000;11493536;0.86107;0.86119;0.86113;0;T;True;2
1621224947000;11493537;0.86107;0.86119;0.86113;0;T;True;2
1621224948000;11493538;0.86107;0.86119;0.86113;0;T;True;2
1621224949000;11493539;0.86107;0.86119;0.86113;0;T;True;2
1621224950000;11493540;0.86107;0.86119;0.86113;0;T;True;2
1621224951000;11493541;0.86107;0.86119;0.86113;0;T;True;2
1621224952000;11493542;0.86107;0.86119;0.86113;0;T;True;2
1621224953000;11493543;0.86107;0.86119;0.86113;0;T;True;2
1621224954000;11493544;0.86107;0.86119;0.86113;0;T;True;2
1621224955000;11493545;0.86107;0.86119;0.86113;0;T;True;2
1621224956000;11493546;0.86107;0.86119;0.86113;0;T;True;2
1621224957000;11493548;0.86107;0.86119;0.86113;1;T;True;2
1621224958000;11493549;0.86107;0.86119;0.86113;0;T;True;2
1621224959000;11493550;0.86107;0.86119;0.86113;0;T;True;2
1621224960000;11493552;0.86107;0.86119;0.86113;1;T;True;2
1621224961000;11493553;0.86107;0.86119;0.86113;0;T;True;2
1621224962000;11493554;0.86107;0.86119;0.86113;0;T;True;2
1621224963000;11493555;0.86107;0.86119;0.86113;0;T;True;2
1621224964000;11493556;0.86107;0.86119;0.86113;0;T;True;2
1621224965000;11493557;0.86107;0.86119;0.86113;0;T;True;2
1621224966000;11493558;0.86107;0.86119;0.86113;0;T;True;2
1621224967000;11493560;0.86107;0.86119;0.86113;1;T;True;2
1621224968000;11493561;0.86107;0.86119;0.86113;0;T;True;2
1621224969000;11493562;0.86107;0.86119;0.86113;0;T;True;2
1621224970000;11493563;0.86107;0.86119;0.86113;0;T;True;2
1621224971000;11493564;0.86107;0.86119;0.86113;0;T;True;2
1621224972000;11493568;0.86107;0.86119;0.86113;3;T;True;2
1621224973000;11493570;0.86108;0.8612;0.86114;1;T;True;2
1621224974000;11493571;0.86108;0.8612;0.86114;0;T;True;2
1621224975000;11493572;0.86108;0.8612;0.86114;0;T;True;2
1621224976000;11493574;0.86109;0.86121;0.86115;1;T;True;2
1621224977000;11493575;0.86109;0.86121;0.86115;0;T;True;2
1621224978000;11493576;0.86109;0.86121;0.86115;0;T;True;2
1621224979000;11493577;0.86109;0.86121;0.86115;0;T;True;2
1621224980000;11493578;0.86109;0.86121;0.86115;0;T;True;2
1621224981000;11493580;0.86109;0.86121;0.86115;1;T;True;2
1621224982000;11493581;0.86109;0.86121;0.86115;0;T;True;2
1621224983000;11493584;0.8611;0.86122;0.86116;2;T;True;2
1621224984000;11493585;0.8611;0.86122;0.86116;0;T;True;2
1621224985000;11493586;0.8611;0.86122;0.86116;0;T;True;2
1621224986000;11493587;0.8611;0.86122;0.86116;0;T;True;2
1621224987000;11493588;0.8611;0.86122;0.86116;0;T;True;2
1621224988000;11493589;0.8611;0.86122;0.86116;0;T;True;2
1621224989000;11493595;0.86114;0.86126;0.8612;5;T;True;2
1621224990000;11493600;0.86114;0.86126;0.8612;4;T;True;2
1621224991000;11493601;0.86114;0.86126;0.8612;0;T;True;2
1621224992000;11493603;0.86114;0.86126;0.8612;1;T;True;2
1621224993000;11493606;0.86113;0.86125;0.86119;2;T;True;2
1621224994000;11493607;0.86113;0.86125;0.86119;0;T;True;2
1621224995000;11493608;0.86113;0.86125;0.86119;0;T;True;2
1621224996000;11493609;0.86113;0.86125;0.86119;0;T;True;2
1621224997000;11493610;0.86113;0.86125;0.86119;0;T;True;2
1621224998000;11493612;0.86113;0.86125;0.86119;1;T;True;2
1621224999000;11493613;0.86113;0.86125;0.86119;0;T;True;2
1621225000000;11493618;0.86111;0.86123;0.86117;4;T;True;2
1621225001000;11493621;0.86109;0.86121;0.86115;2;T;True;2
1621225002000;11493624;0.8611;0.86122;0.86116;2;T;True;2
1621225003000;11493625;0.8611;0.86122;0.86116;0;T;True;2
1621225004000;11493626;0.8611;0.86122;0.86116;0;T;True;2
1621225005000;11493627;0.8611;0.86122;0.86116;0;T;True;2
1621225006000;11493628;0.8611;0.86122;0.86116;0;T;True;2
1621225007000;11493629;0.8611;0.86122;0.86116;0;T;True;2
1621225008000;11493634;0.86109;0.86121;0.86115;4;T;True;2
1621225009000;11493637;0.86106;0.86118;0.86112;2;T;True;2
1621225010000;11493638;0.86106;0.86118;0.86112;0;T;True;2
1621225011000;11493642;0.86106;0.86118;0.86112;3;T;True;2
1621225012000;11493645;0.86106;0.86118;0.86112;2;T;True;2
1621225013000;11493646;0.86106;0.86118;0.86112;0;T;True;2
1621225014000;11493647;0.86106;0.86118;0.86112;0;T;True;2
1621225015000;11493648;0.86106;0.86118;0.86112;0;T;True;2
1621225016000;11493649;0.86106;0.86118;0.86112;0;T;True;2
1621225017000;11493653;0.86106;0.86118;0.86112;3;T;True;2
1621225018000;11493654;0.86106;0.86118;0.86112;0;T;True;2
1621225019000;11493656;0.86107;0.86119;0.86113;1;T;True;2
1621225020000;11493657;0.86107;0.86119;0.86113;0;T;True;2
1621225021000;11493658;0.86107;0.86119;0.86113;0;T;True;2
1621225022000;11493665;0.86102;0.86114;0.86108;6;T;True;2
1621225023000;11493669;0.86101;0.86113;0.86107;3;T;True;2
1621225024000;11493670;0.86101;0.86113;0.86107;0;T;True;2
1621225025000;11493671;0.86101;0.86113;0.86107;0;T;True;2
1621225026000;11493672;0.86101;0.86113;0.86107;0;T;True;2
1621225027000;11493679;0.86099;0.86111;0.86105;6;T;True;2
1621225028000;11493682;0.86098;0.8611;0.86104;2;T;True;2
1621225029000;11493683;0.86098;0.8611;0.86104;0;T;True;2
1621225030000;11493684;0.86098;0.8611;0.86104;0;T;True;2
1621225031000;11493685;0.86098;0.8611;0.86104;0;T;True;2
1621225032000;11493686;0.86098;0.8611;0.86104;0;T;True;2
1621225033000;11493687;0.86098;0.8611;0.86104;0;T;True;2
1621225034000;11493688;0.86098;0.8611;0.86104;0;T;True;2
1621225035000;11493692;0.861;0.86112;0.86106;3;T;True;2
1621225036000;11493694;0.86099;0.86111;0.86105;1;T;True;2
1621225037000;11493695;0.86099;0.86111;0.86105;0;T;True;2
1621225038000;11493696;0.86099;0.86111;0.86105;0;T;True;2
1621225039000;11493697;0.86099;0.86111;0.86105;0;T;True;2
1621225040000;11493699;0.86099;0.86111;0.86105;1;T;True;2
1621225041000;11493700;0.86099;0.86111;0.86105;0;T;True;2
1621225042000;11493701;0.86099;0.86111;0.86105;0;T;True;2
1621225043000;11493702;0.86099;0.86111;0.86105;0;T;True;2
1621225044000;11493703;0.86099;0.86111;0.86105;0;T;True;2
1621225045000;11493704;0.86099;0.86111;0.86105;0;T;True;2
1621225046000;11493706;0.86099;0.86111;0.86105;1;T;True;2
1621225047000;11493707;0.86099;0.86111;0.86105;0;T;True;2
1621225048000;11493708;0.86099;0.86111;0.86105;0;T;True;2
1621225049000;11493709;0.86099;0.86111;0.86105;0;T;True;2
1621225050000;11493710;0.86099;0.86111;0.86105;0;T;True;2
1621225051000;11493712;0.86097;0.86109;0.86103;1;T;True;2
1621225052000;11493713;0.86097;0.86109;0.86103;0;T;True;2
1621225053000;11493714;0.86097;0.86109;0.86103;0;T;True;2
1621225054000;11493721;0.86096;0.86108;0.86102;6;T;True;2
1621225055000;11493722;0.86096;0.86108;0.86102;0;T;True;2
1621225056000;11493723;0.86096;0.86108;0.86102;0;T;True;2
1621225057000;11493724;0.86096;0.86108;0.86102;0;T;True;2
1621225058000;11493729;0.86095;0.86107;0.86101;4;T;True;2
1621225059000;11493730;0.86095;0.86107;0.86101;0;T;True;2
1621225060000;11493731;0.86095;0.86107;0.86101;0;T;True;2
1621225061000;11493732;0.86095;0.86107;0.86101;0;T;True;2
1621225062000;11493733;0.86095;0.86107;0.86101;0;T;True;2
1621225063000;11493734;0.86095;0.86107;0.86101;0;T;True;2
1621225064000;11493735;0.86095;0.86107;0.86101;0;T;True;2
1621225065000;11493736;0.86095;0.86107;0.86101;0;T;True;2
1621225066000;11493737;0.86095;0.86107;0.86101;0;T;True;2
1621225067000;11493739;0.86095;0.86107;0.86101;1;T;True;2
1621225068000;11493740;0.86095;0.86107;0.86101;0;T;True;2
1621225069000;11493741;0.86095;0.86107;0.86101;0;T;True;2
1621225070000;11493742;0.86095;0.86107;0.86101;0;T;True;2
1621225071000;11493743;0.86095;0.86107;0.86101;0;T;True;2
1621225072000;11493747;0.86096;0.86108;0.86102;3;T;True;2
1621225073000;11493748;0.86096;0.86108;0.86102;0;T;True;2
1621225074000;11493749;0.86096;0.86108;0.86102;0;T;True;2
1621225075000;11493750;0.86096;0.86108;0.86102;0;T;True;2
1621225076000;11493751;0.86096;0.86108;0.86102;0;T;True;2
1621225077000;11493752;0.86096;0.86108;0.86102;0;T;True;2
1621225078000;11493753;0.86096;0.86108;0.86102;0;T;True;2
1621225079000;11493754;0.86096;0.86108;0.86102;0;T;True;2
1621225080000;11493755;0.86096;0.86108;0.86102;0;T;True;2
1621225081000;11493758;0.86096;0.86108;0.86102;2;T;True;2
1621225082000;11493760;0.86095;0.86107;0.86101;1;T;True;2
1621225083000;11493762;0.86094;0.86106;0.861;1;T;True;2
1621225084000;11493763;0.86094;0.86106;0.861;0;T;True;2
1621225085000;11493765;0.86094;0.86106;0.861;1;T;True;2
1621225086000;11493767;0.86095;0.86107;0.86101;1;T;True;2
1621225087000;11493771;0.86097;0.86109;0.86103;3;T;True;2
1621225088000;11493772;0.86097;0.86109;0.86103;0;T;True;2
1621225089000;11493775;0.86097;0.86109;0.86103;2;T;True;2
1621225090000;11493776;0.86097;0.86109;0.86103;0;T;True;2
1621225091000;11493777;0.86097;0.86109;0.86103;0;T;True;2
1621225092000;11493778;0.86097;0.86109;0.86103;0;T;True;2
1621225093000;11493779;0.86097;0.86109;0.86103;0;T;True;2
1621225094000;11493780;0.86097;0.86109;0.86103;0;T;True;2
1621225095000;11493784;0.86097;0.86109;0.86103;3;T;True;2
1621225096000;11493786;0.86096;0.86108;0.86102;1;T;True;2
1621225097000;11493787;0.86096;0.86108;0.86102;0;T;True;2
1621225098000;11493788;0.86096;0.86108;0.86102;0;T;True;2
1621225099000;11493789;0.86096;0.86108;0.86102;0;T;True;2
1621225100000;11493790;0.86096;0.86108;0.86102;0;T;True;2
1621225101000;11493792;0.86096;0.86108;0.86102;1;T;True;2
1621225102000;11493795;0.86096;0.86108;0.86102;2;T;True;2
1621225103000;11493796;0.86096;0.86108;0.86102;0;T;True;2
1621225104000;11493797;0.86096;0.86108;0.86102;0;T;True;2
1621225105000;11493798;0.86096;0.86108;0.86102;0;T;True;2
1621225106000;11493799;0.86096;0.86108;0.86102;0;T;True;2
1621225107000;11493800;0.86096;0.86108;0.86102;0;T;True;2
1621225108000;11493801;0.86096;0.86108;0.86102;0;T;True;2
1621225109000;11493803;0.86097;0.86109;0.86103;1;T;True;2
1621225110000;11493806;0.86096;0.86108;0.86102;2;T;True;2
1621225111000;11493807;0.86096;0.86108;0.86102;0;T;True;2
1621225112000;11493808;0.86096;0.86108;0.86102;0;T;True;2
1621225113000;11493809;0.86096;0.86108;0.86102;0;T;True;2
1621225114000;11493810;0.86096;0.86108;0.86102;0;T;True;2
1621225115000;11493811;0.86096;0.86108;0.86102;0;T;True;2
1621225116000;11493812;0.86096;0.86108;0.86102;0;T;True;2
1621225117000;11493813;0.86096;0.86108;0.86102;0;T;True;2
1621225118000;11493814;0.86096;0.86108;0.86102;0;T;True;2
1621225119000;11493816;0.86096;0.86108;0.86102;1;T;True;2
1621225120000;11493817;0.86096;0.86108;0.86102;0;T;True;2
1621225121000;11493818;0.86096;0.86108;0.86102;0;T;True;2
1621225122000;11493819;0.86096;0.86108;0.86102;0;T;True;2
1621225123000;11493821;0.86096;0.86108;0.86102;1;T;True;2
1621225124000;11493822;0.86096;0.86108;0.86102;0;T;True;2
1621225125000;11493823;0.86096;0.86108;0.86102;0;T;True;2
1621225126000;11493824;0.86096;0.86108;0.86102;0;T;True;2
1621225127000;11493825;0.86096;0.86108;0.86102;0;T;True;2
1621225128000;11493826;0.86096;0.86108;0.86102;0;T;True;2
1621225129000;11493827;0.86096;0.86108;0.86102;0;T;True;2
1621225130000;11493828;0.86096;0.86108;0.86102;0;T;True;2
1621225131000;11493829;0.86096;0.86108;0.86102;0;T;True;2
1621225132000;11493831;0.86097;0.86109;0.86103;1;T;True;2
1621225133000;11493833;0.86095;0.86107;0.86101;1;T;True;2
1621225134000;11493834;0.86095;0.86107;0.86101;0;T;True;2
1621225135000;11493835;0.86095;0.86107;0.86101;0;T;True;2
1621225136000;11493836;0.86095;0.86107;0.86101;0;T;True;2
1621225137000;11493837;0.86095;0.86107;0.86101;0;T;True;2
1621225138000;11493838;0.86095;0.86107;0.86101;0;T;True;2
1621225139000;11493839;0.86095;0.86107;0.86101;0;T;True;2
1621225140000;11493840;0.86095;0.86107;0.86101;0;T;True;2
1621225141000;11493841;0.86095;0.86107;0.86101;0;T;True;2
1621225142000;11493842;0.86095;0.86107;0.86101;0;T;True;2
1621225143000;11493843;0.86095;0.86107;0.86101;0;T;True;2
1621225144000;11493844;0.86095;0.86107;0.86101;0;T;True;2
1621225145000;11493845;0.86095;0.86107;0.86101;0;T;True;2
1621225146000;11493846;0.86095;0.86107;0.86101;0;T;True;2
1621225147000;11493847;0.86095;0.86107;0.86101;0;T;True;2
1621225148000;11493848;0.86095;0.86107;0.86101;0;T;True;2
1621225149000;11493849;0.86095;0.86107;0.86101;0;T;True;2
1621225150000;11493850;0.86095;0.86107;0.86101;0;T;True;2
1621225151000;11493851;0.86095;0.86107;0.86101;0;T;True;2
1621225152000;11493852;0.86095;0.86107;0.86101;0;T;True;2
1621225153000;11493853;0.86095;0.86107;0.86101;0;T;True;2
1621225154000;11493854;0.86095;0.86107;0.86101;0;T;True;2
1621225155000;11493855;0.86095;0.86107;0.86101;0;T;True;2
1621225156000;11493856;0.86095;0.86107;0.86101;0;T;True;2
1621225157000;11493857;0.86095;0.86107;0.86101;0;T;True;2
1621225158000;11493858;0.86095;0.86107;0.86101;0;T;True;2
1621225159000;11493862;0.86095;0.86107;0.86101;3;T;True;2
1621225160000;11493863;0.86095;0.86107;0.86101;0;T;True;2
1621225161000;11493865;0.86095;0.86107;0.86101;1;T;True;2
1621225162000;11493870;0.86097;0.86109;0.86103;4;T;True;2
1621225163000;11493871;0.86097;0.86109;0.86103;0;T;True;2
1621225164000;11493872;0.86097;0.86109;0.86103;0;T;True;2
1621225165000;11493874;0.86097;0.86109;0.86103;1;T;True;2
1621225166000;11493876;0.86097;0.86109;0.86103;1;T;True;2
1621225167000;11493877;0.86097;0.86109;0.86103;0;T;True;2
1621225168000;11493878;0.86097;0.86109;0.86103;0;T;True;2
1621225169000;11493879;0.86097;0.86109;0.86103;0;T;True;2
1621225170000;11493880;0.86097;0.86109;0.86103;0;T;True;2
1621225171000;11493881;0.86097;0.86109;0.86103;0;T;True;2
1621225172000;11493882;0.86097;0.86109;0.86103;0;T;True;2
1621225173000;11493883;0.86097;0.86109;0.86103;0;T;True;2
1621225174000;11493884;0.86097;0.86109;0.86103;0;T;True;2
1621225175000;11493885;0.86097;0.86109;0.86103;0;T;True;2
1621225176000;11493886;0.86097;0.86109;0.86103;0;T;True;2
1621225177000;11493887;0.86097;0.86109;0.86103;0;T;True;2
1621225178000;11493888;0.86097;0.86109;0.86103;0;T;True;2
1621225179000;11493890;0.86098;0.8611;0.86104;1;T;True;2
1621225180000;11493893;0.86099;0.86111;0.86105;2;T;True;2
1621225181000;11493894;0.86099;0.86111;0.86105;0;T;True;2
1621225182000;11493896;0.86099;0.86111;0.86105;1;T;True;2
1621225183000;11493897;0.86099;0.86111;0.86105;0;T;True;2
1621225184000;11493898;0.86099;0.86111;0.86105;0;T;True;2
1621225185000;11493899;0.86099;0.86111;0.86105;0;T;True;2
1621225186000;11493900;0.86099;0.86111;0.86105;0;T;True;2
1621225187000;11493901;0.86099;0.86111;0.86105;0;T;True;2
1621225188000;11493902;0.86099;0.86111;0.86105;0;T;True;2
1621225189000;11493903;0.86099;0.86111;0.86105;0;T;True;2
1621225190000;11493904;0.86099;0.86111;0.86105;0;T;True;2
1621225191000;11493905;0.86099;0.86111;0.86105;0;T;True;2
1621225192000;11493906;0.86099;0.86111;0.86105;0;T;True;2
1621225193000;11493907;0.86099;0.86111;0.86105;0;T;True;2
1621225194000;11493908;0.86099;0.86111;0.86105;0;T;True;2
1621225195000;11493909;0.86099;0.86111;0.86105;0;T;True;2
1621225196000;11493910;0.86099;0.86111;0.86105;0;T;True;2
1621225197000;11493911;0.86099;0.86111;0.86105;0;T;True;2
1621225198000;11493912;0.86099;0.86111;0.86105;0;T;True;2
1621225199000;11493913;0.86099;0.86111;0.86105;0;T;True;2
1621225200000;11493914;0.86099;0.86111;0.86105;0;T;True;2
1621225201000;11493915;0.86099;0.86111;0.86105;0;T;True;2
1621225202000;11493916;0.86099;0.86111;0.86105;0;T;True;2
1621225203000;11493917;0.86099;0.86111;0.86105;0;T;True;2
1621225204000;11493918;0.86099;0.86111;0.86105;0;T;True;2
1621225205000;11493919;0.86099;0.86111;0.86105;0;T;True;2
1621225206000;11493920;0.86099;0.86111;0.86105;0;T;True;2
1621225207000;11493921;0.86099;0.86111;0.86105;0;T;True;2
1621225208000;11493922;0.86099;0.86111;0.86105;0;T;True;2
1621225209000;11493923;0.86099;0.86111;0.86105;0;T;True;2
1621225210000;11493924;0.86099;0.86111;0.86105;0;T;True;2
1621225211000;11493925;0.86099;0.86111;0.86105;0;T;True;2
1621225212000;11493926;0.86099;0.86111;0.86105;0;T;True;2
1621225213000;11493927;0.86099;0.86111;0.86105;0;T;True;2
1621225214000;11493928;0.86099;0.86111;0.86105;0;T;True;2
1621225215000;11493929;0.86099;0.86111;0.86105;0;T;True;2
1621225216000;11493930;0.86099;0.86111;0.86105;0;T;True;2
1621225217000;11493931;0.86099;0.86111;0.86105;0;T;True;2
1621225218000;11493932;0.86099;0.86111;0.86105;0;T;True;2
1621225219000;11493933;0.86099;0.86111;0.86105;0;T;True;2
1621225220000;11493934;0.86099;0.86111;0.86105;0;T;True;2
1621225221000;11493935;0.86099;0.86111;0.86105;0;T;True;2
1621225222000;11493936;0.86099;0.86111;0.86105;0;T;True;2
1621225223000;11493937;0.86099;0.86111;0.86105;0;T;True;2
1621225224000;11493938;0.86099;0.86111;0.86105;0;T;True;2
1621225225000;11493939;0.86099;0.86111;0.86105;0;T;True;2
1621225226000;11493941;0.86097;0.86109;0.86103;1;T;True;2
1621225227000;11493942;0.86097;0.86109;0.86103;0;T;True;2
1621225228000;11493943;0.86097;0.86109;0.86103;0;T;True;2
1621225229000;11493944;0.86097;0.86109;0.86103;0;T;True;2
1621225230000;11493945;0.86097;0.86109;0.86103;0;T;True;2
1621225231000;11493948;0.86095;0.86107;0.86101;2;T;True;2
1621225232000;11493949;0.86095;0.86107;0.86101;0;T;True;2
1621225233000;11493950;0.86095;0.86107;0.86101;0;T;True;2
1621225234000;11493951;0.86095;0.86107;0.86101;0;T;True;2
1621225235000;11493953;0.86095;0.86107;0.86101;1;T;True;2
1621225236000;11493954;0.86095;0.86107;0.86101;0;T;True;2
1621225237000;11493955;0.86095;0.86107;0.86101;0;T;True;2
1621225238000;11493956;0.86095;0.86107;0.86101;0;T;True;2
1621225239000;11493957;0.86095;0.86107;0.86101;0;T;True;2
1621225240000;11493959;0.86095;0.86107;0.86101;1;T;True;2
1621225241000;11493960;0.86095;0.86107;0.86101;0;T;True;2
1621225242000;11493961;0.86095;0.86107;0.86101;0;T;True;2
1621225243000;11493962;0.86095;0.86107;0.86101;0;T;True;2
1621225244000;11493963;0.86095;0.86107;0.86101;0;T;True;2
1621225245000;11493965;0.86095;0.86107;0.86101;1;T;True;2
1621225246000;11493966;0.86095;0.86107;0.86101;0;T;True;2
1621225247000;11493967;0.86095;0.86107;0.86101;0;T;True;2
1621225248000;11493968;0.86095;0.86107;0.86101;0;T;True;2
1621225249000;11493969;0.86095;0.86107;0.86101;0;T;True;2
1621225250000;11493970;0.86095;0.86107;0.86101;0;T;True;2
1621225251000;11493971;0.86095;0.86107;0.86101;0;T;True;2
1621225252000;11493972;0.86095;0.86107;0.86101;0;T;True;2
1621225253000;11493973;0.86095;0.86107;0.86101;0;T;True;2
1621225254000;11493974;0.86095;0.86107;0.86101;0;T;True;2
1621225255000;11493975;0.86095;0.86107;0.86101;0;T;True;2
1621225256000;11493978;0.86096;0.86108;0.86102;2;T;True;2
1621225257000;11493979;0.86096;0.86108;0.86102;0;T;True;2
1621225258000;11493980;0.86096;0.86108;0.86102;0;T;True;2
1621225259000;11493981;0.86096;0.86108;0.86102;0;T;True;2
1621225260000;11493983;0.86095;0.86107;0.86101;1;T;True;2
1621225261000;11493985;0.86095;0.86107;0.86101;1;T;True;2
1621225262000;11493987;0.86095;0.86107;0.86101;1;T;True;2
1621225263000;11493988;0.86095;0.86107;0.86101;0;T;True;2
1621225264000;11493989;0.86095;0.86107;0.86101;0;T;True;2
1621225265000;11493990;0.86095;0.86107;0.86101;0;T;True;2
1621225266000;11493991;0.86095;0.86107;0.86101;0;T;True;2
1621225267000;11493992;0.86095;0.86107;0.86101;0;T;True;2
1621225268000;11493993;0.86095;0.86107;0.86101;0;T;True;2
1621225269000;11493994;0.86095;0.86107;0.86101;0;T;True;2
1621225270000;11493995;0.86095;0.86107;0.86101;0;T;True;2
1621225271000;11493997;0.86096;0.86108;0.86102;1;T;True;2
1621225272000;11493998;0.86096;0.86108;0.86102;0;T;True;2
1621225273000;11493999;0.86096;0.86108;0.86102;0;T;True;2
1621225274000;11494000;0.86096;0.86108;0.86102;0;T;True;2
1621225275000;11494001;0.86096;0.86108;0.86102;0;T;True;2
1621225276000;11494002;0.86096;0.86108;0.86102;0;T;True;2
1621225277000;11494003;0.86096;0.86108;0.86102;0;T;True;2
1621225278000;11494004;0.86096;0.86108;0.86102;0;T;True;2
1621225279000;11494005;0.86096;0.86108;0.86102;0;T;True;2
1621225280000;11494006;0.86096;0.86108;0.86102;0;T;True;2
1621225281000;11494007;0.86096;0.86108;0.86102;0;T;True;2
1621225282000;11494008;0.86096;0.86108;0.86102;0;T;True;2
1621225283000;11494009;0.86096;0.86108;0.86102;0;T;True;2
1621225284000;11494013;0.86096;0.86108;0.86102;3;T;True;2
1621225285000;11494014;0.86096;0.86108;0.86102;0;T;True;2
1621225286000;11494016;0.86097;0.86109;0.86103;1;T;True;2
1621225287000;11494018;0.86097;0.86109;0.86103;1;T;True;2
1621225288000;11494020;0.86097;0.86109;0.86103;1;T;True;2
1621225289000;11494021;0.86097;0.86109;0.86103;0;T;True;2
1621225290000;11494022;0.86097;0.86109;0.86103;0;T;True;2
1621225291000;11494023;0.86097;0.86109;0.86103;0;T;True;2
1621225292000;11494025;0.86097;0.86109;0.86103;1;T;True;2
1621225293000;11494026;0.86097;0.86109;0.86103;0;T;True;2
1621225294000;11494027;0.86097;0.86109;0.86103;0;T;True;2
1621225295000;11494028;0.86097;0.86109;0.86103;0;T;True;2
1621225296000;11494029;0.86097;0.86109;0.86103;0;T;True;2
1621225297000;11494030;0.86097;0.86109;0.86103;0;T;True;2
1621225298000;11494031;0.86097;0.86109;0.86103;0;T;True;2
1621225299000;11494033;0.86097;0.86109;0.86103;1;T;True;2
1621225300000;11494034;0.86097;0.86109;0.86103;0;T;True;2
1621225301000;11494035;0.86097;0.86109;0.86103;0;T;True;2
1621225302000;11494036;0.86097;0.86109;0.86103;0;T;True;2
1621225303000;11494037;0.86097;0.86109;0.86103;0;T;True;2
1621225304000;11494038;0.86097;0.86109;0.86103;0;T;True;2
1621225305000;11494039;0.86097;0.86109;0.86103;0;T;True;2
1621225306000;11494040;0.86097;0.86109;0.86103;0;T;True;2
1621225307000;11494041;0.86097;0.86109;0.86103;0;T;True;2
1621225308000;11494042;0.86097;0.86109;0.86103;0;T;True;2
1621225309000;11494043;0.86097;0.86109;0.86103;0;T;True;2
1621225310000;11494044;0.86097;0.86109;0.86103;0;T;True;2
1621225311000;11494045;0.86097;0.86109;0.86103;0;T;True;2
1621225312000;11494046;0.86097;0.86109;0.86103;0;T;True;2
1621225313000;11494047;0.86097;0.86109;0.86103;0;T;True;2
1621225314000;11494049;0.86098;0.8611;0.86104;1;T;True;2
1621225315000;11494050;0.86098;0.8611;0.86104;0;T;True;2
1621225316000;11494053;0.86099;0.86111;0.86105;2;T;True;2
1621225317000;11494054;0.86099;0.86111;0.86105;0;T;True;2
1621225318000;11494055;0.86099;0.86111;0.86105;0;T;True;2
1621225319000;11494056;0.86099;0.86111;0.86105;0;T;True;2
1621225320000;11494057;0.86099;0.86111;0.86105;0;T;True;2
1621225321000;11494058;0.86099;0.86111;0.86105;0;T;True;2
1621225322000;11494059;0.86099;0.86111;0.86105;0;T;True;2
1621225323000;11494060;0.86099;0.86111;0.86105;0;T;True;2
1621225324000;11494061;0.86099;0.86111;0.86105;0;T;True;2
1621225325000;11494062;0.86099;0.86111;0.86105;0;T;True;2
1621225326000;11494063;0.86099;0.86111;0.86105;0;T;True;2
1621225327000;11494064;0.86099;0.86111;0.86105;0;T;True;2
1621225328000;11494065;0.86099;0.86111;0.86105;0;T;True;2
1621225329000;11494066;0.86099;0.86111;0.86105;0;T;True;2
1621225330000;11494067;0.86099;0.86111;0.86105;0;T;True;2
1621225331000;11494068;0.86099;0.86111;0.86105;0;T;True;2
1621225332000;11494069;0.86099;0.86111;0.86105;0;T;True;2
1621225333000;11494070;0.86099;0.86111;0.86105;0;T;True;2
1621225334000;11494071;0.86099;0.86111;0.86105;0;T;True;2
1621225335000;11494072;0.86099;0.86111;0.86105;0;T;True;2
1621225336000;11494074;0.86099;0.86111;0.86105;1;T;True;2
1621225337000;11494075;0.86099;0.86111;0.86105;0;T;True;2
1621225338000;11494076;0.86099;0.86111;0.86105;0;T;True;2
1621225339000;11494077;0.86099;0.86111;0.86105;0;T;True;2
1621225340000;11494078;0.86099;0.86111;0.86105;0;T;True;2
1621225341000;11494079;0.86099;0.86111;0.86105;0;T;True;2
1621225342000;11494080;0.86099;0.86111;0.86105;0;T;True;2
1621225343000;11494081;0.86099;0.86111;0.86105;0;T;True;2
1621225344000;11494082;0.86099;0.86111;0.86105;0;T;True;2
1621225345000;11494083;0.86099;0.86111;0.86105;0;T;True;2
1621225346000;11494084;0.86099;0.86111;0.86105;0;T;True;2
1621225347000;11494085;0.86099;0.86111;0.86105;0;T;True;2
1621225348000;11494086;0.86099;0.86111;0.86105;0;T;True;2
1621225349000;11494087;0.86099;0.86111;0.86105;0;T;True;2
1621225350000;11494088;0.86099;0.86111;0.86105;0;T;True;2
1621225351000;11494089;0.86099;0.86111;0.86105;0;T;True;2
1621225352000;11494090;0.86099;0.86111;0.86105;0;T;True;2
1621225353000;11494091;0.86099;0.86111;0.86105;0;T;True;2
1621225354000;11494092;0.86099;0.86111;0.86105;0;T;True;2
1621225355000;11494093;0.86099;0.86111;0.86105;0;T;True;2
1621225356000;11494095;0.86099;0.86111;0.86105;1;T;True;2
1621225357000;11494096;0.86099;0.86111;0.86105;0;T;True;2
1621225358000;11494097;0.86099;0.86111;0.86105;0;T;True;2
1621225359000;11494098;0.86099;0.86111;0.86105;0;T;True;2
1621225360000;11494100;0.861;0.86112;0.86106;1;T;True;2
1621225361000;11494101;0.861;0.86112;0.86106;0;T;True;2
1621225362000;11494102;0.861;0.86112;0.86106;0;T;True;2
1621225363000;11494103;0.861;0.86112;0.86106;0;T;True;2
1621225364000;11494104;0.861;0.86112;0.86106;0;T;True;2
1621225365000;11494105;0.861;0.86112;0.86106;0;T;True;2
1621225366000;11494106;0.861;0.86112;0.86106;0;T;True;2
1621225367000;11494107;0.861;0.86112;0.86106;0;T;True;2
1621225368000;11494108;0.861;0.86112;0.86106;0;T;True;2
1621225369000;11494109;0.861;0.86112;0.86106;0;T;True;2
1621225370000;11494110;0.861;0.86112;0.86106;0;T;True;2
1621225371000;11494111;0.861;0.86112;0.86106;0;T;True;2
1621225372000;11494112;0.861;0.86112;0.86106;0;T;True;2
1621225373000;11494113;0.861;0.86112;0.86106;0;T;True;2
1621225374000;11494114;0.861;0.86112;0.86106;0;T;True;2
1621225375000;11494115;0.861;0.86112;0.86106;0;T;True;2
1621225376000;11494116;0.861;0.86112;0.86106;0;T;True;2
1621225377000;11494117;0.861;0.86112;0.86106;0;T;True;2
1621225378000;11494118;0.861;0.86112;0.86106;0;T;True;2
1621225379000;11494119;0.861;0.86112;0.86106;0;T;True;2
1621225380000;11494120;0.861;0.86112;0.86106;0;T;True;2
1621225381000;11494121;0.861;0.86112;0.86106;0;T;True;2
1621225382000;11494122;0.861;0.86112;0.86106;0;T;True;2
1621225383000;11494123;0.861;0.86112;0.86106;0;T;True;2
1621225384000;11494124;0.861;0.86112;0.86106;0;T;True;2
1621225385000;11494125;0.861;0.86112;0.86106;0;T;True;2
1621225386000;11494126;0.861;0.86112;0.86106;0;T;True;2
1621225387000;11494127;0.861;0.86112;0.86106;0;T;True;2
1621225388000;11494128;0.861;0.86112;0.86106;0;T;True;2
1621225389000;11494129;0.861;0.86112;0.86106;0;T;True;2
1621225390000;11494130;0.861;0.86112;0.86106;0;T;True;2
1621225391000;11494131;0.861;0.86112;0.86106;0;T;True;2
1621225392000;11494132;0.861;0.86112;0.86106;0;T;True;2
1621225393000;11494133;0.861;0.86112;0.86106;0;T;True;2
1621225394000;11494134;0.861;0.86112;0.86106;0;T;True;2
1621225395000;11494135;0.861;0.86112;0.86106;0;T;True;2
1621225396000;11494137;0.86099;0.86111;0.86105;1;T;True;2
1621225397000;11494138;0.86099;0.86111;0.86105;0;T;True;2
1621225398000;11494139;0.86099;0.86111;0.86105;0;T;True;2
1621225399000;11494142;0.86099;0.86111;0.86105;2;T;True;2
1621225400000;11494143;0.86099;0.86111;0.86105;0;T;True;2
1621225401000;11494144;0.86099;0.86111;0.86105;0;T;True;2
1621225402000;11494146;0.86099;0.86111;0.86105;1;T;True;2
1621225403000;11494147;0.86099;0.86111;0.86105;0;T;True;2
1621225404000;11494148;0.86099;0.86111;0.86105;0;T;True;2
1621225405000;11494149;0.86099;0.86111;0.86105;0;T;True;2
1621225406000;11494150;0.86099;0.86111;0.86105;0;T;True;2
1621225407000;11494151;0.86099;0.86111;0.86105;0;T;True;2
1621225408000;11494152;0.86099;0.86111;0.86105;0;T;True;2
1621225409000;11494153;0.86099;0.86111;0.86105;0;T;True;2
1621225410000;11494154;0.86099;0.86111;0.86105;0;T;True;2
1621225411000;11494155;0.86099;0.86111;0.86105;0;T;True;2
1621225412000;11494157;0.86099;0.86111;0.86105;1;T;True;2
1621225413000;11494158;0.86099;0.86111;0.86105;0;T;True;2
1621225414000;11494159;0.86099;0.86111;0.86105;0;T;True;2
1621225415000;11494160;0.86099;0.86111;0.86105;0;T;True;2
1621225416000;11494161;0.86099;0.86111;0.86105;0;T;True;2
1621225417000;11494162;0.86099;0.86111;0.86105;0;T;True;2
1621225418000;11494163;0.86099;0.86111;0.86105;0;T;True;2
1621225419000;11494164;0.86099;0.86111;0.86105;0;T;True;2
1621225420000;11494165;0.86099;0.86111;0.86105;0;T;True;2
1621225421000;11494166;0.86099;0.86111;0.86105;0;T;True;2
1621225422000;11494167;0.86099;0.86111;0.86105;0;T;True;2
1621225423000;11494168;0.86099;0.86111;0.86105;0;T;True;2
1621225424000;11494169;0.86099;0.86111;0.86105;0;T;True;2
1621225425000;11494170;0.86099;0.86111;0.86105;0;T;True;2
1621225426000;11494172;0.86099;0.86111;0.86105;1;T;True;2
1621225427000;11494173;0.86099;0.86111;0.86105;0;T;True;2
1621225428000;11494174;0.86099;0.86111;0.86105;0;T;True;2
1621225429000;11494175;0.86099;0.86111;0.86105;0;T;True;2
1621225430000;11494178;0.861;0.86112;0.86106;2;T;True;2
1621225431000;11494181;0.86101;0.86113;0.86107;2;T;True;2
1621225432000;11494182;0.86101;0.86113;0.86107;0;T;True;2
1621225433000;11494183;0.86101;0.86113;0.86107;0;T;True;2
1621225434000;11494184;0.86101;0.86113;0.86107;0;T;True;2
1621225435000;11494185;0.86101;0.86113;0.86107;0;T;True;2
1621225436000;11494186;0.86101;0.86113;0.86107;0;T;True;2
1621225437000;11494187;0.86101;0.86113;0.86107;0;T;True;2
1621225438000;11494188;0.86101;0.86113;0.86107;0;T;True;2
1621225439000;11494189;0.86101;0.86113;0.86107;0;T;True;2
1621225440000;11494190;0.86101;0.86113;0.86107;0;T;True;2
1621225441000;11494191;0.86101;0.86113;0.86107;0;T;True;2
1621225442000;11494193;0.86102;0.86114;0.86108;1;T;True;2
1621225443000;11494194;0.86102;0.86114;0.86108;0;T;True;2
1621225444000;11494195;0.86102;0.86114;0.86108;0;T;True;2
1621225445000;11494196;0.86102;0.86114;0.86108;0;T;True;2
1621225446000;11494197;0.86102;0.86114;0.86108;0;T;True;2
1621225447000;11494198;0.86102;0.86114;0.86108;0;T;True;2
1621225448000;11494201;0.86102;0.86114;0.86108;2;T;True;2
1621225449000;11494204;0.86101;0.86113;0.86107;2;T;True;2
1621225450000;11494205;0.86101;0.86113;0.86107;0;T;True;2
1621225451000;11494206;0.86101;0.86113;0.86107;0;T;True;2
1621225452000;11494209;0.86101;0.86113;0.86107;2;T;True;2
1621225453000;11494210;0.86101;0.86113;0.86107;0;T;True;2
1621225454000;11494212;0.86101;0.86113;0.86107;1;T;True;2
1621225455000;11494213;0.86101;0.86113;0.86107;0;T;True;2
1621225456000;11494214;0.86101;0.86113;0.86107;0;T;True;2
1621225457000;11494215;0.86101;0.86113;0.86107;0;T;True;2
1621225458000;11494217;0.86101;0.86113;0.86107;1;T;True;2
1621225459000;11494218;0.86101;0.86113;0.86107;0;T;True;2
1621225460000;11494219;0.86101;0.86113;0.86107;0;T;True;2
1621225461000;11494220;0.86101;0.86113;0.86107;0;T;True;2
1621225462000;11494221;0.86101;0.86113;0.86107;0;T;True;2
1621225463000;11494222;0.86101;0.86113;0.86107;0;T;True;2
1621225464000;11494224;0.86101;0.86113;0.86107;1;T;True;2
1621225465000;11494226;0.86101;0.86113;0.86107;1;T;True;2
1621225466000;11494227;0.86101;0.86113;0.86107;0;T;True;2
1621225467000;11494228;0.86101;0.86113;0.86107;0;T;True;2
1621225468000;11494229;0.86101;0.86113;0.86107;0;T;True;2
1621225469000;11494230;0.86101;0.86113;0.86107;0;T;True;2
1621225470000;11494231;0.86101;0.86113;0.86107;0;T;True;2
1621225471000;11494232;0.86101;0.86113;0.86107;0;T;True;2
1621225472000;11494234;0.86101;0.86113;0.86107;1;T;True;2
1621225473000;11494235;0.86101;0.86113;0.86107;0;T;True;2
1621225474000;11494236;0.86101;0.86113;0.86107;0;T;True;2
1621225475000;11494238;0.86101;0.86113;0.86107;1;T;True;2
1621225476000;11494239;0.86101;0.86113;0.86107;0;T;True;2
1621225477000;11494240;0.86101;0.86113;0.86107;0;T;True;2
1621225478000;11494241;0.86101;0.86113;0.86107;0;T;True;2
1621225479000;11494245;0.86102;0.86114;0.86108;3;T;True;2
1621225480000;11494246;0.86102;0.86114;0.86108;0;T;True;2
1621225481000;11494247;0.86102;0.86114;0.86108;0;T;True;2
1621225482000;11494248;0.86102;0.86114;0.86108;0;T;True;2
1621225483000;11494249;0.86102;0.86114;0.86108;0;T;True;2
1621225484000;11494250;0.86102;0.86114;0.86108;0;T;True;2
1621225485000;11494251;0.86102;0.86114;0.86108;0;T;True;2
1621225486000;11494252;0.86102;0.86114;0.86108;0;T;True;2
1621225487000;11494253;0.86102;0.86114;0.86108;0;T;True;2
1621225488000;11494254;0.86102;0.86114;0.86108;0;T;True;2
1621225489000;11494255;0.86102;0.86114;0.86108;0;T;True;2
1621225490000;11494256;0.86102;0.86114;0.86108;0;T;True;2
1621225491000;11494257;0.86102;0.86114;0.86108;0;T;True;2
1621225492000;11494258;0.86102;0.86114;0.86108;0;T;True;2
1621225493000;11494259;0.86102;0.86114;0.86108;0;T;True;2
1621225494000;11494261;0.86103;0.86115;0.86109;1;T;True;2
1621225495000;11494262;0.86103;0.86115;0.86109;0;T;True;2
1621225496000;11494263;0.86103;0.86115;0.86109;0;T;True;2
1621225497000;11494264;0.86103;0.86115;0.86109;0;T;True;2
1621225498000;11494265;0.86103;0.86115;0.86109;0;T;True;2
1621225499000;11494266;0.86103;0.86115;0.86109;0;T;True;2
1621225500000;11494267;0.86103;0.86115;0.86109;0;T;True;2
1621225501000;11494268;0.86103;0.86115;0.86109;0;T;True;2
1621225502000;11494269;0.86103;0.86115;0.86109;0;T;True;2
1621225503000;11494270;0.86103;0.86115;0.86109;0;T;True;2
1621225504000;11494271;0.86103;0.86115;0.86109;0;T;True;2
1621225505000;11494272;0.86103;0.86115;0.86109;0;T;True;2
1621225506000;11494273;0.86103;0.86115;0.86109;0;T;True;2
1621225507000;11494274;0.86103;0.86115;0.86109;0;T;True;2
1621225508000;11494275;0.86103;0.86115;0.86109;0;T;True;2
1621225509000;11494276;0.86103;0.86115;0.86109;0;T;True;2
1621225510000;11494277;0.86103;0.86115;0.86109;0;T;True;2
1621225511000;11494278;0.86103;0.86115;0.86109;0;T;True;2
1621225512000;11494281;0.86103;0.86115;0.86109;2;T;True;2
1621225513000;11494282;0.86103;0.86115;0.86109;0;T;True;2
1621225514000;11494283;0.86103;0.86115;0.86109;0;T;True;2
1621225515000;11494284;0.86103;0.86115;0.86109;0;T;True;2
1621225516000;11494285;0.86103;0.86115;0.86109;0;T;True;2
1621225517000;11494286;0.86103;0.86115;0.86109;0;T;True;2
1621225518000;11494287;0.86103;0.86115;0.86109;0;T;True;2
1621225519000;11494288;0.86103;0.86115;0.86109;0;T;True;2
1621225520000;11494289;0.86103;0.86115;0.86109;0;T;True;2
1621225521000;11494290;0.86103;0.86115;0.86109;0;T;True;2
1621225522000;11494291;0.86103;0.86115;0.86109;0;T;True;2
1621225523000;11494292;0.86103;0.86115;0.86109;0;T;True;2
1621225524000;11494293;0.86103;0.86115;0.86109;0;T;True;2
1621225525000;11494294;0.86103;0.86115;0.86109;0;T;True;2
1621225526000;11494295;0.86103;0.86115;0.86109;0;T;True;2
1621225527000;11494296;0.86103;0.86115;0.86109;0;T;True;2
1621225528000;11494297;0.86103;0.86115;0.86109;0;T;True;2
1621225529000;11494298;0.86103;0.86115;0.86109;0;T;True;2
1621225530000;11494299;0.86103;0.86115;0.86109;0;T;True;2
1621225531000;11494300;0.86103;0.86115;0.86109;0;T;True;2
1621225532000;11494302;0.86103;0.86115;0.86109;1;T;True;2
1621225533000;11494304;0.86103;0.86115;0.86109;1;T;True;2
1621225534000;11494305;0.86103;0.86115;0.86109;0;T;True;2
1621225535000;11494306;0.86103;0.86115;0.86109;0;T;True;2
1621225536000;11494307;0.86103;0.86115;0.86109;0;T;True;2
1621225537000;11494308;0.86103;0.86115;0.86109;0;T;True;2
1621225538000;11494309;0.86103;0.86115;0.86109;0;T;True;2
1621225539000;11494310;0.86103;0.86115;0.86109;0;T;True;2
1621225540000;11494311;0.86103;0.86115;0.86109;0;T;True;2
1621225541000;11494312;0.86103;0.86115;0.86109;0;T;True;2
1621225542000;11494315;0.86103;0.86115;0.86109;2;T;True;2
1621225543000;11494316;0.86103;0.86115;0.86109;0;T;True;2
1621225544000;11494317;0.86103;0.86115;0.86109;0;T;True;2
1621225545000;11494318;0.86103;0.86115;0.86109;0;T;True;2
1621225546000;11494320;0.86103;0.86115;0.86109;1;T;True;2
1621225547000;11494323;0.86103;0.86115;0.86109;2;T;True;2
1621225548000;11494324;0.86103;0.86115;0.86109;0;T;True;2
1621225549000;11494325;0.86103;0.86115;0.86109;0;T;True;2
1621225550000;11494326;0.86103;0.86115;0.86109;0;T;True;2
1621225551000;11494327;0.86103;0.86115;0.86109;0;T;True;2
1621225552000;11494328;0.86103;0.86115;0.86109;0;T;True;2
1621225553000;11494329;0.86103;0.86115;0.86109;0;T;True;2
1621225554000;11494331;0.86102;0.86114;0.86108;1;T;True;2
1621225555000;11494332;0.86102;0.86114;0.86108;0;T;True;2
1621225556000;11494333;0.86102;0.86114;0.86108;0;T;True;2
1621225557000;11494334;0.86102;0.86114;0.86108;0;T;True;2
1621225558000;11494335;0.86102;0.86114;0.86108;0;T;True;2
1621225559000;11494336;0.86102;0.86114;0.86108;0;T;True;2
1621225560000;11494337;0.86102;0.86114;0.86108;0;T;True;2
1621225561000;11494338;0.86102;0.86114;0.86108;0;T;True;2
1621225562000;11494339;0.86102;0.86114;0.86108;0;T;True;2
1621225563000;11494340;0.86102;0.86114;0.86108;0;T;True;2
1621225564000;11494341;0.86102;0.86114;0.86108;0;T;True;2
1621225565000;11494342;0.86102;0.86114;0.86108;0;T;True;2
1621225566000;11494343;0.86102;0.86114;0.86108;0;T;True;2
1621225567000;11494345;0.86101;0.86113;0.86107;1;T;True;2
1621225568000;11494347;0.86101;0.86113;0.86107;1;T;True;2
1621225569000;11494348;0.86101;0.86113;0.86107;0;T;True;2
1621225570000;11494349;0.86101;0.86113;0.86107;0;T;True;2
1621225571000;11494351;0.86101;0.86113;0.86107;1;T;True;2
1621225572000;11494352;0.86101;0.86113;0.86107;0;T;True;2
1621225573000;11494354;0.86101;0.86113;0.86107;1;T;True;2
1621225574000;11494355;0.86101;0.86113;0.86107;0;T;True;2
1621225575000;11494358;0.86102;0.86114;0.86108;2;T;True;2
1621225576000;11494359;0.86102;0.86114;0.86108;0;T;True;2
1621225577000;11494360;0.86102;0.86114;0.86108;0;T;True;2
1621225578000;11494361;0.86102;0.86114;0.86108;0;T;True;2
1621225579000;11494362;0.86102;0.86114;0.86108;0;T;True;2
1621225580000;11494363;0.86102;0.86114;0.86108;0;T;True;2
1621225581000;11494365;0.86101;0.86113;0.86107;1;T;True;2
1621225582000;11494366;0.86101;0.86113;0.86107;0;T;True;2
1621225583000;11494367;0.86101;0.86113;0.86107;0;T;True;2
1621225584000;11494368;0.86101;0.86113;0.86107;0;T;True;2
1621225585000;11494370;0.86101;0.86113;0.86107;1;T;True;2
1621225586000;11494371;0.86101;0.86113;0.86107;0;T;True;2
1621225587000;11494372;0.86101;0.86113;0.86107;0;T;True;2
1621225588000;11494373;0.86101;0.86113;0.86107;0;T;True;2
