ts;n;bid;ask;value;volume;phase;round;active_id
1621268863000;11579878;0.86;0.86012;0.86006;1;T;True;2
1621268864000;11579879;0.86;0.86012;0.86006;0;T;True;2
1621268865000;11579883;0.85999;0.86011;0.86005;3;T;True;2
1621268866000;11579884;0.85999;0.86011;0.86005;0;T;True;2
1621268867000;11579886;0.85999;0.86011;0.86005;1;T;True;2
1621268868000;11579890;0.86;0.86012;0.86006;3;T;True;2
1621268869000;11579891;0.86;0.86012;0.86006;0;T;True;2
1621268870000;11579892;0.86;0.86012;0.86006;0;T;True;2
1621268871000;11579894;0.85999;0.86011;0.86005;1;T;True;2
1621268872000;11579895;0.85999;0.86011;0.86005;0;T;True;2
1621268873000;11579896;0.85999;0.86011;0.86005;0;T;True;2
1621268874000;11579899;0.85999;0.86011;0.86005;2;T;True;2
1621268875000;11579900;0.85999;0.86011;0.86005;0;T;True;2
1621268876000;11579901;0.85999;0.86011;0.86005;0;T;True;2
1621268877000;11579902;0.85999;0.86011;0.86005;0;T;True;2
1621268878000;11579903;0.85999;0.86011;0.86005;0;T;True;2
1621268879000;11579904;0.85999;0.86011;0.86005;0;T;True;2
1621268880000;11579905;0.85999;0.86011;0.86005;0;T;True;2
1621268881000;11579906;0.85999;0.86011;0.86005;0;T;True;2
1621268882000;11579907;0.85999;0.86011;0.86005;0;T;True;2
1621268883000;11579908;0.85999;0.86011;0.86005;0;T;True;2
1621268884000;11579909;0.85999;0.86011;0.86005;0;T;True;2
1621268885000;11579910;0.85999;0.86011;0.86005;0;T;True;2
1621268886000;11579911;0.85999;0.86011;0.86005;0;T;True;2
1621268887000;11579912;0.85999;0.86011;0.86005;0;T;True;2
1621268888000;11579915;0.85997;0.86009;0.86003;2;T;True;2
1621268889000;11579916;0.85997;0.86009;0.86003;0;T;True;2
1621268890000;11579919;0.85996;0.86008;0.86002;2;T;True;2
1621268891000;11579920;0.85996;0.86008;0.86002;0;T;True;2
1621268892000;11579921;0.85996;0.86008;0.86002;0;T;True;2
1621268893000;11579922;0.85996;0.86008;0.86002;0;T;True;2
1621268894000;11579925;0.85997;0.86009;0.86003;2;T;True;2
1621268895000;11579929;0.85997;0.86009;0.86003;3;T;True;2
1621268896000;11579930;0.85997;0.86009;0.86003;0;T;True;2
1621268897000;11579931;0.85997;0.86009;0.86003;0;T;True;2
1621268898000;11579932;0.85997;0.86009;0.86003;0;T;True;2
1621268899000;11579934;0.85997;0.86009;0.86003;1;T;True;2
1621268900000;11579935;0.85997;0.86009;0.86003;0;T;True;2
1621268901000;11579937;0.85998;0.8601;0.86004;1;T;True;2
1621268902000;11579938;0.85998;0.8601;0.86004;0;T;True;2
1621268903000;11579939;0.85998;0.8601;0.86004;0;T;True;2
1621268904000;11579940;0.85998;0.8601;0.86004;0;T;True;2
1621268905000;11579941;0.85998;0.8601;0.86004;0;T;True;2
1621268906000;11579942;0.85998;0.8601;0.86004;0;T;True;2
1621268907000;11579943;0.85998;0.8601;0.86004;0;T;True;2
1621268908000;11579944;0.85998;0.8601;0.86004;0;T;True;2
1621268909000;11579946;0.85997;0.86009;0.86003;1;T;True;2
1621268910000;11579947;0.85997;0.86009;0.86003;0;T;True;2
1621268911000;11579950;0.85995;0.86007;0.86001;2;T;True;2
1621268912000;11579952;0.85995;0.86007;0.86001;1;T;True;2
1621268913000;11579953;0.85995;0.86007;0.86001;0;T;True;2
1621268914000;11579954;0.85995;0.86007;0.86001;0;T;True;2
1621268915000;11579955;0.85995;0.86007;0.86001;0;T;True;2
1621268916000;11579956;0.85995;0.86007;0.86001;0;T;True;2
1621268917000;11579957;0.85995;0.86007;0.86001;0;T;True;2
1621268918000;11579958;0.85995;0.86007;0.86001;0;T;True;2
1621268919000;11579960;0.85995;0.86007;0.86001;1;T;True;2
1621268920000;11579961;0.85995;0.86007;0.86001;0;T;True;2
1621268921000;11579963;0.85996;0.86008;0.86002;1;T;True;2
1621268922000;11579964;0.85996;0.86008;0.86002;0;T;True;2
1621268923000;11579965;0.85996;0.86008;0.86002;0;T;True;2
1621268924000;11579966;0.85996;0.86008;0.86002;0;T;True;2
1621268925000;11579967;0.85996;0.86008;0.86002;0;T;True;2
1621268926000;11579968;0.85996;0.86008;0.86002;0;T;True;2
1621268927000;11579969;0.85996;0.86008;0.86002;0;T;True;2
1621268928000;11579970;0.85996;0.86008;0.86002;0;T;True;2
1621268929000;11579972;0.85995;0.86007;0.86001;1;T;True;2
1621268930000;11579975;0.85996;0.86008;0.86002;2;T;True;2
1621268931000;11579976;0.85996;0.86008;0.86002;0;T;True;2
1621268932000;11579977;0.85996;0.86008;0.86002;0;T;True;2
1621268933000;11579978;0.85996;0.86008;0.86002;0;T;True;2
1621268934000;11579980;0.85996;0.86008;0.86002;1;T;True;2
1621268935000;11579981;0.85996;0.86008;0.86002;0;T;True;2
1621268936000;11579986;0.85998;0.8601;0.86004;4;T;True;2
1621268937000;11579988;0.85999;0.86011;0.86005;1;T;True;2
1621268938000;11579989;0.85999;0.86011;0.86005;0;T;True;2
1621268939000;11579990;0.85999;0.86011;0.86005;0;T;True;2
1621268940000;11579992;0.85999;0.86011;0.86005;1;T;True;2
1621268941000;11579995;0.85999;0.86011;0.86005;2;T;True;2
1621268942000;11579996;0.85999;0.86011;0.86005;0;T;True;2
1621268943000;11580000;0.85999;0.86011;0.86005;3;T;True;2
1621268944000;11580003;0.85999;0.86011;0.86005;2;T;True;2
1621268945000;11580007;0.85999;0.86011;0.86005;3;T;True;2
1621268946000;11580009;0.85999;0.86011;0.86005;1;T;True;2
1621268947000;11580010;0.85999;0.86011;0.86005;0;T;True;2
1621268948000;11580011;0.85999;0.86011;0.86005;0;T;True;2
1621268949000;11580012;0.85999;0.86011;0.86005;0;T;True;2
1621268950000;11580014;0.85999;0.86011;0.86005;1;T;True;2
1621268951000;11580015;0.85999;0.86011;0.86005;0;T;True;2
1621268952000;11580016;0.85999;0.86011;0.86005;0;T;True;2
1621268953000;11580017;0.85999;0.86011;0.86005;0;T;True;2
1621268954000;11580018;0.85999;0.86011;0.86005;0;T;True;2
1621268955000;11580019;0.85999;0.86011;0.86005;0;T;True;2
1621268956000;11580021;0.85999;0.86011;0.86005;1;T;True;2
1621268957000;11580024;0.85999;0.86011;0.86005;2;T;True;2
1621268958000;11580027;0.85999;0.86011;0.86005;2;T;True;2
1621268959000;11580028;0.85999;0.86011;0.86005;0;T;True;2
1621268960000;11580029;0.85999;0.86011;0.86005;0;T;True;2
1621268961000;11580030;0.85999;0.86011;0.86005;0;T;True;2
1621268962000;11580031;0.85999;0.86011;0.86005;0;T;True;2
1621268963000;11580032;0.85999;0.86011;0.86005;0;T;True;2
1621268964000;11580034;0.85999;0.86011;0.86005;1;T;True;2
1621268965000;11580036;0.85999;0.86011;0.86005;1;T;True;2
1621268966000;11580037;0.85999;0.86011;0.86005;0;T;True;2
1621268967000;11580038;0.85999;0.86011;0.86005;0;T;True;2
1621268968000;11580039;0.85999;0.86011;0.86005;0;T;True;2
1621268969000;11580041;0.85999;0.86011;0.86005;1;T;True;2
1621268970000;11580042;0.85999;0.86011;0.86005;0;T;True;2
1621268971000;11580044;0.85999;0.86011;0.86005;1;T;True;2
1621268972000;11580045;0.85999;0.86011;0.86005;0;T;True;2
1621268973000;11580046;0.85999;0.86011;0.86005;0;T;True;2
1621268974000;11580047;0.85999;0.86011;0.86005;0;T;True;2
1621268975000;11580048;0.85999;0.86011;0.86005;0;T;True;2
1621268976000;11580051;0.85999;0.86011;0.86005;2;T;True;2
1621268977000;11580052;0.85999;0.86011;0.86005;0;T;True;2
1621268978000;11580053;0.85999;0.86011;0.86005;0;T;True;2
1621268979000;11580054;0.85999;0.86011;0.86005;0;T;True;2
1621268980000;11580056;0.86;0.86012;0.86006;1;T;True;2
1621268981000;11580057;0.86;0.86012;0.86006;0;T;True;2
1621268982000;11580060;0.86;0.86012;0.86006;2;T;True;2
1621268983000;11580062;0.85999;0.86011;0.86005;1;T;True;2
1621268984000;11580063;0.85999;0.86011;0.86005;0;T;True;2
1621268985000;11580064;0.85999;0.86011;0.86005;0;T;True;2
1621268986000;11580065;0.85999;0.86011;0.86005;0;T;True;2
1621268987000;11580066;0.85999;0.86011;0.86005;0;T;True;2
1621268988000;11580067;0.85999;0.86011;0.86005;0;T;True;2
1621268989000;11580068;0.85999;0.86011;0.86005;0;T;True;2
1621268990000;11580069;0.85999;0.86011;0.86005;0;T;True;2
1621268991000;11580070;0.85999;0.86011;0.86005;0;T;True;2
1621268992000;11580071;0.85999;0.86011;0.86005;0;T;True;2
1621268993000;11580072;0.85999;0.86011;0.86005;0;T;True;2
1621268994000;11580073;0.85999;0.86011;0.86005;0;T;True;2
1621268995000;11580074;0.85999;0.86011;0.86005;0;T;True;2
1621268996000;11580075;0.85999;0.86011;0.86005;0;T;True;2
1621268997000;11580076;0.85999;0.86011;0.86005;0;T;True;2
1621268998000;11580078;0.85999;0.86011;0.86005;1;T;True;2
1621268999000;11580080;0.85999;0.86011;0.86005;1;T;True;2
1621269000000;11580081;0.85999;0.86011;0.86005;0;T;True;2
1621269001000;11580084;0.85999;0.86011;0.86005;2;T;True;2
1621269002000;11580085;0.85999;0.86011;0.86005;0;T;True;2
1621269003000;11580086;0.85999;0.86011;0.86005;0;T;True;2
1621269004000;11580088;0.85999;0.86011;0.86005;1;T;True;2
1621269005000;11580090;0.85999;0.86011;0.86005;1;T;True;2
1621269006000;11580092;0.85999;0.86011;0.86005;1;T;True;2
1621269007000;11580095;0.85999;0.86011;0.86005;2;T;True;2
1621269008000;11580096;0.85999;0.86011;0.86005;0;T;True;2
1621269009000;11580097;0.85999;0.86011;0.86005;0;T;True;2
1621269010000;11580098;0.85999;0.86011;0.86005;0;T;True;2
1621269011000;11580099;0.85999;0.86011;0.86005;0;T;True;2
1621269012000;11580103;0.85999;0.86011;0.86005;3;T;True;2
1621269013000;11580104;0.85999;0.86011;0.86005;0;T;True;2
1621269014000;11580105;0.85999;0.86011;0.86005;0;T;True;2
1621269015000;11580106;0.85999;0.86011;0.86005;0;T;True;2
1621269016000;11580108;0.85999;0.86011;0.86005;1;T;True;2
1621269017000;11580110;0.85999;0.86011;0.86005;1;T;True;2
1621269018000;11580111;0.85999;0.86011;0.86005;0;T;True;2
1621269019000;11580112;0.85999;0.86011;0.86005;0;T;True;2
1621269020000;11580113;0.85999;0.86011;0.86005;0;T;True;2
1621269021000;11580114;0.85999;0.86011;0.86005;0;T;True;2
1621269022000;11580115;0.85999;0.86011;0.86005;0;T;True;2
1621269023000;11580116;0.85999;0.86011;0.86005;0;T;True;2
1621269024000;11580117;0.85999;0.86011;0.86005;0;T;True;2
1621269025000;11580118;0.85999;0.86011;0.86005;0;T;True;2
1621269026000;11580120;0.85999;0.86011;0.86005;1;T;True;2
1621269027000;11580122;0.85999;0.86011;0.86005;1;T;True;2
1621269028000;11580124;0.85999;0.86011;0.86005;1;T;True;2
1621269029000;11580125;0.85999;0.86011;0.86005;0;T;True;2
1621269030000;11580126;0.85999;0.86011;0.86005;0;T;True;2
1621269031000;11580128;0.85999;0.86011;0.86005;1;T;True;2
1621269032000;11580130;0.86001;0.86013;0.86007;1;T;True;2
1621269033000;11580133;0.85999;0.86011;0.86005;2;T;True;2
1621269034000;11580134;0.85999;0.86011;0.86005;0;T;True;2
1621269035000;11580135;0.85999;0.86011;0.86005;0;T;True;2
1621269036000;11580137;0.85998;0.8601;0.86004;1;T;True;2
1621269037000;11580138;0.85998;0.8601;0.86004;0;T;True;2
1621269038000;11580139;0.85998;0.8601;0.86004;0;T;True;2
1621269039000;11580140;0.85998;0.8601;0.86004;0;T;True;2
1621269040000;11580141;0.85998;0.8601;0.86004;0;T;True;2
1621269041000;11580143;0.85999;0.86011;0.86005;1;T;True;2
1621269042000;11580144;0.85999;0.86011;0.86005;0;T;True;2
1621269043000;11580145;0.85999;0.86011;0.86005;0;T;True;2
1621269044000;11580146;0.85999;0.86011;0.86005;0;T;True;2
1621269045000;11580147;0.85999;0.86011;0.86005;0;T;True;2
1621269046000;11580148;0.85999;0.86011;0.86005;0;T;True;2
1621269047000;11580149;0.85999;0.86011;0.86005;0;T;True;2
1621269048000;11580150;0.85999;0.86011;0.86005;0;T;True;2
1621269049000;11580151;0.85999;0.86011;0.86005;0;T;True;2
1621269050000;11580152;0.85999;0.86011;0.86005;0;T;True;2
1621269051000;11580153;0.85999;0.86011;0.86005;0;T;True;2
1621269052000;11580154;0.85999;0.86011;0.86005;0;T;True;2
1621269053000;11580155;0.85999;0.86011;0.86005;0;T;True;2
1621269054000;11580156;0.85999;0.86011;0.86005;0;T;True;2
1621269055000;11580157;0.85999;0.86011;0.86005;0;T;True;2
1621269056000;11580158;0.85999;0.86011;0.86005;0;T;True;2
1621269057000;11580159;0.85999;0.86011;0.86005;0;T;True;2
1621269058000;11580160;0.85999;0.86011;0.86005;0;T;True;2
1621269059000;11580161;0.85999;0.86011;0.86005;0;T;True;2
1621269060000;11580162;0.85999;0.86011;0.86005;0;T;True;2
1621269061000;11580163;0.85999;0.86011;0.86005;0;T;True;2
1621269062000;11580164;0.85999;0.86011;0.86005;0;T;True;2
1621269063000;11580165;0.85999;0.86011;0.86005;0;T;True;2
1621269064000;11580166;0.85999;0.86011;0.86005;0;T;True;2
1621269065000;11580169;0.86001;0.86013;0.86007;2;T;True;2
1621269066000;11580171;0.86;0.86012;0.86006;1;T;True;2
1621269067000;11580172;0.86;0.86012;0.86006;0;T;True;2
1621269068000;11580173;0.86;0.86012;0.86006;0;T;True;2
1621269069000;11580174;0.86;0.86012;0.86006;0;T;True;2
1621269070000;11580175;0.86;0.86012;0.86006;0;T;True;2
1621269071000;11580176;0.86;0.86012;0.86006;0;T;True;2
1621269072000;11580177;0.86;0.86012;0.86006;0;T;True;2
1621269073000;11580178;0.86;0.86012;0.86006;0;T;True;2
1621269074000;11580179;0.86;0.86012;0.86006;0;T;True;2
1621269075000;11580180;0.86;0.86012;0.86006;0;T;True;2
1621269076000;11580181;0.86;0.86012;0.86006;0;T;True;2
1621269077000;11580182;0.86;0.86012;0.86006;0;T;True;2
1621269078000;11580185;0.86;0.86012;0.86006;2;T;True;2
1621269079000;11580186;0.86;0.86012;0.86006;0;T;True;2
1621269080000;11580188;0.86001;0.86013;0.86007;1;T;True;2
1621269081000;11580190;0.86001;0.86013;0.86007;1;T;True;2
1621269082000;11580191;0.86001;0.86013;0.86007;0;T;True;2
1621269083000;11580192;0.86001;0.86013;0.86007;0;T;True;2
1621269084000;11580193;0.86001;0.86013;0.86007;0;T;True;2
1621269085000;11580195;0.86001;0.86013;0.86007;1;T;True;2
1621269086000;11580196;0.86001;0.86013;0.86007;0;T;True;2
1621269087000;11580198;0.86003;0.86015;0.86009;1;T;True;2
1621269088000;11580199;0.86003;0.86015;0.86009;0;T;True;2
1621269089000;11580200;0.86003;0.86015;0.86009;0;T;True;2
1621269090000;11580201;0.86003;0.86015;0.86009;0;T;True;2
1621269091000;11580202;0.86003;0.86015;0.86009;0;T;True;2
1621269092000;11580203;0.86003;0.86015;0.86009;0;T;True;2
1621269093000;11580204;0.86003;0.86015;0.86009;0;T;True;2
1621269094000;11580205;0.86003;0.86015;0.86009;0;T;True;2
1621269095000;11580206;0.86003;0.86015;0.86009;0;T;True;2
1621269096000;11580207;0.86003;0.86015;0.86009;0;T;True;2
1621269097000;11580208;0.86003;0.86015;0.86009;0;T;True;2
1621269098000;11580209;0.86003;0.86015;0.86009;0;T;True;2
1621269099000;11580210;0.86003;0.86015;0.86009;0;T;True;2
1621269100000;11580211;0.86003;0.86015;0.86009;0;T;True;2
1621269101000;11580212;0.86003;0.86015;0.86009;0;T;True;2
1621269102000;11580215;0.86001;0.86013;0.86007;2;T;True;2
1621269103000;11580216;0.86001;0.86013;0.86007;0;T;True;2
1621269104000;11580217;0.86001;0.86013;0.86007;0;T;True;2
1621269105000;11580218;0.86001;0.86013;0.86007;0;T;True;2
1621269106000;11580219;0.86001;0.86013;0.86007;0;T;True;2
1621269107000;11580220;0.86001;0.86013;0.86007;0;T;True;2
1621269108000;11580221;0.86001;0.86013;0.86007;0;T;True;2
1621269109000;11580222;0.86001;0.86013;0.86007;0;T;True;2
1621269110000;11580223;0.86001;0.86013;0.86007;0;T;True;2
1621269111000;11580224;0.86001;0.86013;0.86007;0;T;True;2
1621269112000;11580225;0.86001;0.86013;0.86007;0;T;True;2
1621269113000;11580226;0.86001;0.86013;0.86007;0;T;True;2
1621269114000;11580227;0.86001;0.86013;0.86007;0;T;True;2
1621269115000;11580228;0.86001;0.86013;0.86007;0;T;True;2
1621269116000;11580229;0.86001;0.86013;0.86007;0;T;True;2
1621269117000;11580230;0.86001;0.86013;0.86007;0;T;True;2
1621269118000;11580231;0.86001;0.86013;0.86007;0;T;True;2
1621269119000;11580234;0.86002;0.86014;0.86008;2;T;True;2
1621269120000;11580238;0.86001;0.86013;0.86007;3;T;True;2
1621269121000;11580239;0.86001;0.86013;0.86007;0;T;True;2
1621269122000;11580241;0.86001;0.86013;0.86007;1;T;True;2
1621269123000;11580242;0.86001;0.86013;0.86007;0;T;True;2
1621269124000;11580243;0.86001;0.86013;0.86007;0;T;True;2
1621269125000;11580244;0.86001;0.86013;0.86007;0;T;True;2
1621269126000;11580245;0.86001;0.86013;0.86007;0;T;True;2
1621269127000;11580246;0.86001;0.86013;0.86007;0;T;True;2
1621269128000;11580247;0.86001;0.86013;0.86007;0;T;True;2
1621269129000;11580248;0.86001;0.86013;0.86007;0;T;True;2
1621269130000;11580249;0.86001;0.86013;0.86007;0;T;True;2
1621269131000;11580250;0.86001;0.86013;0.86007;0;T;True;2
1621269132000;11580251;0.86001;0.86013;0.86007;0;T;True;2
1621269133000;11580253;0.86001;0.86013;0.86007;1;T;True;2
1621269134000;11580255;0.86001;0.86013;0.86007;1;T;True;2
1621269135000;11580265;0.86006;0.86018;0.86012;9;T;True;2
1621269136000;11580266;0.86006;0.86018;0.86012;0;T;True;2
1621269137000;11580270;0.86006;0.86018;0.86012;3;T;True;2
1621269138000;11580272;0.86006;0.86018;0.86012;1;T;True;2
1621269139000;11580275;0.86006;0.86018;0.86012;2;T;True;2
1621269140000;11580276;0.86006;0.86018;0.86012;0;T;True;2
1621269141000;11580277;0.86006;0.86018;0.86012;0;T;True;2
1621269142000;11580278;0.86006;0.86018;0.86012;0;T;True;2
1621269143000;11580279;0.86006;0.86018;0.86012;0;T;True;2
1621269144000;11580280;0.86006;0.86018;0.86012;0;T;True;2
1621269145000;11580281;0.86006;0.86018;0.86012;0;T;True;2
1621269146000;11580282;0.86006;0.86018;0.86012;0;T;True;2
1621269147000;11580283;0.86006;0.86018;0.86012;0;T;True;2
1621269148000;11580289;0.86011;0.86023;0.86017;5;T;True;2
1621269149000;11580292;0.86011;0.86023;0.86017;2;T;True;2
1621269150000;11580293;0.86011;0.86023;0.86017;0;T;True;2
1621269151000;11580295;0.86009;0.86021;0.86015;1;T;True;2
1621269152000;11580297;0.86008;0.8602;0.86014;1;T;True;2
1621269153000;11580299;0.86009;0.86021;0.86015;1;T;True;2
1621269154000;11580300;0.86009;0.86021;0.86015;0;T;True;2
1621269155000;11580301;0.86009;0.86021;0.86015;0;T;True;2
1621269156000;11580302;0.86009;0.86021;0.86015;0;T;True;2
1621269157000;11580305;0.86008;0.8602;0.86014;2;T;True;2
1621269158000;11580306;0.86008;0.8602;0.86014;0;T;True;2
1621269159000;11580307;0.86008;0.8602;0.86014;0;T;True;2
1621269160000;11580308;0.86008;0.8602;0.86014;0;T;True;2
1621269161000;11580309;0.86008;0.8602;0.86014;0;T;True;2
1621269162000;11580310;0.86008;0.8602;0.86014;0;T;True;2
1621269163000;11580312;0.86007;0.86019;0.86013;1;T;True;2
1621269164000;11580313;0.86007;0.86019;0.86013;0;T;True;2
1621269165000;11580314;0.86007;0.86019;0.86013;0;T;True;2
1621269166000;11580315;0.86007;0.86019;0.86013;0;T;True;2
1621269167000;11580316;0.86007;0.86019;0.86013;0;T;True;2
1621269168000;11580317;0.86007;0.86019;0.86013;0;T;True;2
1621269169000;11580318;0.86007;0.86019;0.86013;0;T;True;2
1621269170000;11580319;0.86007;0.86019;0.86013;0;T;True;2
1621269171000;11580320;0.86007;0.86019;0.86013;0;T;True;2
1621269172000;11580321;0.86007;0.86019;0.86013;0;T;True;2
1621269173000;11580322;0.86007;0.86019;0.86013;0;T;True;2
1621269174000;11580324;0.86007;0.86019;0.86013;1;T;True;2
1621269175000;11580325;0.86007;0.86019;0.86013;0;T;True;2
1621269176000;11580326;0.86007;0.86019;0.86013;0;T;True;2
1621269177000;11580328;0.86007;0.86019;0.86013;1;T;True;2
1621269178000;11580329;0.86007;0.86019;0.86013;0;T;True;2
1621269179000;11580332;0.86007;0.86019;0.86013;2;T;True;2
1621269180000;11580333;0.86007;0.86019;0.86013;0;T;True;2
1621269181000;11580334;0.86007;0.86019;0.86013;0;T;True;2
1621269182000;11580337;0.86008;0.8602;0.86014;2;T;True;2
1621269183000;11580339;0.86009;0.86021;0.86015;1;T;True;2
1621269184000;11580341;0.86009;0.86021;0.86015;1;T;True;2
1621269185000;11580344;0.86009;0.86021;0.86015;2;T;True;2
1621269186000;11580345;0.86009;0.86021;0.86015;0;T;True;2
1621269187000;11580347;0.86009;0.86021;0.86015;1;T;True;2
1621269188000;11580348;0.86009;0.86021;0.86015;0;T;True;2
1621269189000;11580349;0.86009;0.86021;0.86015;0;T;True;2
1621269190000;11580350;0.86009;0.86021;0.86015;0;T;True;2
1621269191000;11580351;0.86009;0.86021;0.86015;0;T;True;2
1621269192000;11580352;0.86009;0.86021;0.86015;0;T;True;2
1621269193000;11580353;0.86009;0.86021;0.86015;0;T;True;2
1621269194000;11580354;0.86009;0.86021;0.86015;0;T;True;2
1621269195000;11580355;0.86009;0.86021;0.86015;0;T;True;2
1621269196000;11580356;0.86009;0.86021;0.86015;0;T;True;2
1621269197000;11580357;0.86009;0.86021;0.86015;0;T;True;2
1621269198000;11580359;0.86009;0.86021;0.86015;1;T;True;2
1621269199000;11580360;0.86009;0.86021;0.86015;0;T;True;2
1621269200000;11580361;0.86009;0.86021;0.86015;0;T;True;2
1621269201000;11580362;0.86009;0.86021;0.86015;0;T;True;2
1621269202000;11580363;0.86009;0.86021;0.86015;0;T;True;2
1621269203000;11580365;0.86009;0.86021;0.86015;1;T;True;2
1621269204000;11580366;0.86009;0.86021;0.86015;0;T;True;2
1621269205000;11580367;0.86009;0.86021;0.86015;0;T;True;2
1621269206000;11580368;0.86009;0.86021;0.86015;0;T;True;2
1621269207000;11580369;0.86009;0.86021;0.86015;0;T;True;2
1621269208000;11580370;0.86009;0.86021;0.86015;0;T;True;2
1621269209000;11580371;0.86009;0.86021;0.86015;0;T;True;2
1621269210000;11580372;0.86009;0.86021;0.86015;0;T;True;2
1621269211000;11580373;0.86009;0.86021;0.86015;0;T;True;2
1621269212000;11580374;0.86009;0.86021;0.86015;0;T;True;2
1621269213000;11580375;0.86009;0.86021;0.86015;0;T;True;2
1621269214000;11580376;0.86009;0.86021;0.86015;0;T;True;2
1621269215000;11580377;0.86009;0.86021;0.86015;0;T;True;2
1621269216000;11580378;0.86009;0.86021;0.86015;0;T;True;2
1621269217000;11580379;0.86009;0.86021;0.86015;0;T;True;2
1621269218000;11580381;0.86007;0.86019;0.86013;1;T;True;2
1621269219000;11580382;0.86007;0.86019;0.86013;0;T;True;2
1621269220000;11580383;0.86007;0.86019;0.86013;0;T;True;2
1621269221000;11580384;0.86007;0.86019;0.86013;0;T;True;2
1621269222000;11580385;0.86007;0.86019;0.86013;0;T;True;2
1621269223000;11580386;0.86007;0.86019;0.86013;0;T;True;2
1621269224000;11580387;0.86007;0.86019;0.86013;0;T;True;2
1621269225000;11580388;0.86007;0.86019;0.86013;0;T;True;2
1621269226000;11580389;0.86007;0.86019;0.86013;0;T;True;2
1621269227000;11580390;0.86007;0.86019;0.86013;0;T;True;2
1621269228000;11580391;0.86007;0.86019;0.86013;0;T;True;2
1621269229000;11580392;0.86007;0.86019;0.86013;0;T;True;2
1621269230000;11580393;0.86007;0.86019;0.86013;0;T;True;2
1621269231000;11580394;0.86007;0.86019;0.86013;0;T;True;2
1621269232000;11580395;0.86007;0.86019;0.86013;0;T;True;2
1621269233000;11580396;0.86007;0.86019;0.86013;0;T;True;2
1621269234000;11580397;0.86007;0.86019;0.86013;0;T;True;2
1621269235000;11580398;0.86007;0.86019;0.86013;0;T;True;2
1621269236000;11580399;0.86007;0.86019;0.86013;0;T;True;2
1621269237000;11580400;0.86007;0.86019;0.86013;0;T;True;2
1621269238000;11580401;0.86007;0.86019;0.86013;0;T;True;2
1621269239000;11580403;0.86007;0.86019;0.86013;1;T;True;2
1621269240000;11580405;0.86007;0.86019;0.86013;1;T;True;2
1621269241000;11580406;0.86007;0.86019;0.86013;0;T;True;2
1621269242000;11580407;0.86007;0.86019;0.86013;0;T;True;2
1621269243000;11580408;0.86007;0.86019;0.86013;0;T;True;2
1621269244000;11580409;0.86007;0.86019;0.86013;0;T;True;2
1621269245000;11580410;0.86007;0.86019;0.86013;0;T;True;2
1621269246000;11580411;0.86007;0.86019;0.86013;0;T;True;2
1621269247000;11580412;0.86007;0.86019;0.86013;0;T;True;2
1621269248000;11580413;0.86007;0.86019;0.86013;0;T;True;2
1621269249000;11580414;0.86007;0.86019;0.86013;0;T;True;2
1621269250000;11580415;0.86007;0.86019;0.86013;0;T;True;2
1621269251000;11580416;0.86007;0.86019;0.86013;0;T;True;2
1621269252000;11580418;0.86004;0.86016;0.8601;1;T;True;2
1621269253000;11580419;0.86004;0.86016;0.8601;0;T;True;2
1621269254000;11580420;0.86004;0.86016;0.8601;0;T;True;2
1621269255000;11580421;0.86004;0.86016;0.8601;0;T;True;2
1621269256000;11580422;0.86004;0.86016;0.8601;0;T;True;2
1621269257000;11580423;0.86004;0.86016;0.8601;0;T;True;2
1621269258000;11580425;0.86005;0.86017;0.86011;1;T;True;2
1621269259000;11580426;0.86005;0.86017;0.86011;0;T;True;2
1621269260000;11580429;0.86006;0.86018;0.86012;2;T;True;2
1621269261000;11580430;0.86006;0.86018;0.86012;0;T;True;2
1621269262000;11580432;0.86006;0.86018;0.86012;1;T;True;2
1621269263000;11580433;0.86006;0.86018;0.86012;0;T;True;2
1621269264000;11580434;0.86006;0.86018;0.86012;0;T;True;2
1621269265000;11580435;0.86006;0.86018;0.86012;0;T;True;2
1621269266000;11580436;0.86006;0.86018;0.86012;0;T;True;2
1621269267000;11580437;0.86006;0.86018;0.86012;0;T;True;2
1621269268000;11580438;0.86006;0.86018;0.86012;0;T;True;2
1621269269000;11580439;0.86006;0.86018;0.86012;0;T;True;2
1621269270000;11580440;0.86006;0.86018;0.86012;0;T;True;2
1621269271000;11580441;0.86006;0.86018;0.86012;0;T;True;2
1621269272000;11580444;0.86006;0.86018;0.86012;2;T;True;2
1621269273000;11580445;0.86006;0.86018;0.86012;0;T;True;2
1621269274000;11580446;0.86006;0.86018;0.86012;0;T;True;2
1621269275000;11580447;0.86006;0.86018;0.86012;0;T;True;2
1621269276000;11580448;0.86006;0.86018;0.86012;0;T;True;2
1621269277000;11580449;0.86006;0.86018;0.86012;0;T;True;2
1621269278000;11580450;0.86006;0.86018;0.86012;0;T;True;2
1621269279000;11580451;0.86006;0.86018;0.86012;0;T;True;2
1621269280000;11580452;0.86006;0.86018;0.86012;0;T;True;2
1621269281000;11580453;0.86006;0.86018;0.86012;0;T;True;2
1621269282000;11580454;0.86006;0.86018;0.86012;0;T;True;2
1621269283000;11580455;0.86006;0.86018;0.86012;0;T;True;2
1621269284000;11580456;0.86006;0.86018;0.86012;0;T;True;2
1621269285000;11580458;0.86007;0.86019;0.86013;1;T;True;2
1621269286000;11580460;0.86007;0.86019;0.86013;1;T;True;2
1621269287000;11580461;0.86007;0.86019;0.86013;0;T;True;2
1621269288000;11580463;0.86007;0.86019;0.86013;1;T;True;2
1621269289000;11580464;0.86007;0.86019;0.86013;0;T;True;2
1621269290000;11580465;0.86007;0.86019;0.86013;0;T;True;2
1621269291000;11580466;0.86007;0.86019;0.86013;0;T;True;2
1621269292000;11580467;0.86007;0.86019;0.86013;0;T;True;2
1621269293000;11580470;0.86005;0.86017;0.86011;2;T;True;2
1621269294000;11580471;0.86005;0.86017;0.86011;0;T;True;2
1621269295000;11580473;0.86005;0.86017;0.86011;1;T;True;2
1621269296000;11580474;0.86005;0.86017;0.86011;0;T;True;2
1621269297000;11580477;0.86004;0.86016;0.8601;2;T;True;2
1621269298000;11580480;0.86005;0.86017;0.86011;2;T;True;2
1621269299000;11580481;0.86005;0.86017;0.86011;0;T;True;2
1621269300000;11580482;0.86005;0.86017;0.86011;0;T;True;2
1621269301000;11580483;0.86005;0.86017;0.86011;0;T;True;2
1621269302000;11580484;0.86005;0.86017;0.86011;0;T;True;2
1621269303000;11580485;0.86005;0.86017;0.86011;0;T;True;2
1621269304000;11580486;0.86005;0.86017;0.86011;0;T;True;2
1621269305000;11580490;0.86006;0.86018;0.86012;3;T;True;2
1621269306000;11580491;0.86006;0.86018;0.86012;0;T;True;2
1621269307000;11580497;0.86003;0.86015;0.86009;5;T;True;2
1621269308000;11580500;0.86005;0.86017;0.86011;2;T;True;2
1621269309000;11580501;0.86005;0.86017;0.86011;0;T;True;2
1621269310000;11580502;0.86005;0.86017;0.86011;0;T;True;2
1621269311000;11580503;0.86005;0.86017;0.86011;0;T;True;2
1621269312000;11580504;0.86005;0.86017;0.86011;0;T;True;2
1621269313000;11580505;0.86005;0.86017;0.86011;0;T;True;2
1621269314000;11580508;0.86003;0.86015;0.86009;2;T;True;2
1621269315000;11580510;0.86003;0.86015;0.86009;1;T;True;2
1621269316000;11580513;0.86001;0.86013;0.86007;2;T;True;2
1621269317000;11580515;0.86001;0.86013;0.86007;1;T;True;2
1621269318000;11580517;0.86001;0.86013;0.86007;1;T;True;2
1621269319000;11580519;0.86001;0.86013;0.86007;1;T;True;2
1621269320000;11580520;0.86001;0.86013;0.86007;0;T;True;2
1621269321000;11580523;0.86001;0.86013;0.86007;2;T;True;2
1621269322000;11580525;0.86001;0.86013;0.86007;1;T;True;2
1621269323000;11580526;0.86001;0.86013;0.86007;0;T;True;2
1621269324000;11580527;0.86001;0.86013;0.86007;0;T;True;2
1621269325000;11580528;0.86001;0.86013;0.86007;0;T;True;2
1621269326000;11580529;0.86001;0.86013;0.86007;0;T;True;2
1621269327000;11580534;0.85998;0.8601;0.86004;4;T;True;2
1621269328000;11580539;0.85997;0.86009;0.86003;4;T;True;2
1621269329000;11580542;0.85997;0.86009;0.86003;2;T;True;2
1621269330000;11580544;0.85997;0.86009;0.86003;1;T;True;2
1621269331000;11580545;0.85997;0.86009;0.86003;0;T;True;2
1621269332000;11580546;0.85997;0.86009;0.86003;0;T;True;2
1621269333000;11580547;0.85997;0.86009;0.86003;0;T;True;2
1621269334000;11580551;0.85998;0.8601;0.86004;3;T;True;2
1621269335000;11580552;0.85998;0.8601;0.86004;0;T;True;2
1621269336000;11580553;0.85998;0.8601;0.86004;0;T;True;2
1621269337000;11580554;0.85998;0.8601;0.86004;0;T;True;2
1621269338000;11580555;0.85998;0.8601;0.86004;0;T;True;2
1621269339000;11580559;0.86001;0.86013;0.86007;3;T;True;2
1621269340000;11580562;0.86001;0.86013;0.86007;2;T;True;2
1621269341000;11580564;0.86002;0.86014;0.86008;1;T;True;2
1621269342000;11580565;0.86002;0.86014;0.86008;0;T;True;2
1621269343000;11580567;0.86001;0.86013;0.86007;1;T;True;2
1621269344000;11580568;0.86001;0.86013;0.86007;0;T;True;2
1621269345000;11580569;0.86001;0.86013;0.86007;0;T;True;2
1621269346000;11580570;0.86001;0.86013;0.86007;0;T;True;2
1621269347000;11580571;0.86001;0.86013;0.86007;0;T;True;2
1621269348000;11580572;0.86001;0.86013;0.86007;0;T;True;2
1621269349000;11580574;0.86001;0.86013;0.86007;1;T;True;2
1621269350000;11580575;0.86001;0.86013;0.86007;0;T;True;2
1621269351000;11580577;0.86;0.86012;0.86006;1;T;True;2
1621269352000;11580578;0.86;0.86012;0.86006;0;T;True;2
1621269353000;11580579;0.86;0.86012;0.86006;0;T;True;2
1621269354000;11580580;0.86;0.86012;0.86006;0;T;True;2
1621269355000;11580581;0.86;0.86012;0.86006;0;T;True;2
1621269356000;11580582;0.86;0.86012;0.86006;0;T;True;2
1621269357000;11580583;0.86;0.86012;0.86006;0;T;True;2
1621269358000;11580584;0.86;0.86012;0.86006;0;T;True;2
1621269359000;11580585;0.86;0.86012;0.86006;0;T;True;2
1621269360000;11580586;0.86;0.86012;0.86006;0;T;True;2
1621269361000;11580591;0.85997;0.86009;0.86003;4;T;True;2
1621269362000;11580594;0.85998;0.8601;0.86004;2;T;True;2
1621269363000;11580595;0.85998;0.8601;0.86004;0;T;True;2
1621269364000;11580596;0.85998;0.8601;0.86004;0;T;True;2
1621269365000;11580597;0.85998;0.8601;0.86004;0;T;True;2
1621269366000;11580598;0.85998;0.8601;0.86004;0;T;True;2
1621269367000;11580600;0.85997;0.86009;0.86003;1;T;True;2
1621269368000;11580602;0.85997;0.86009;0.86003;1;T;True;2
1621269369000;11580607;0.85998;0.8601;0.86004;4;T;True;2
1621269370000;11580608;0.85998;0.8601;0.86004;0;T;True;2
1621269371000;11580609;0.85998;0.8601;0.86004;0;T;True;2
1621269372000;11580611;0.85998;0.8601;0.86004;1;T;True;2
1621269373000;11580612;0.85998;0.8601;0.86004;0;T;True;2
1621269374000;11580615;0.85997;0.86009;0.86003;2;T;True;2
1621269375000;11580618;0.85996;0.86008;0.86002;2;T;True;2
1621269376000;11580619;0.85996;0.86008;0.86002;0;T;True;2
1621269377000;11580621;0.85995;0.86007;0.86001;1;T;True;2
1621269378000;11580623;0.85995;0.86007;0.86001;1;T;True;2
1621269379000;11580625;0.85995;0.86007;0.86001;1;T;True;2
1621269380000;11580626;0.85995;0.86007;0.86001;0;T;True;2
1621269381000;11580627;0.85995;0.86007;0.86001;0;T;True;2
1621269382000;11580629;0.85995;0.86007;0.86001;1;T;True;2
1621269383000;11580631;0.85995;0.86007;0.86001;1;T;True;2
1621269384000;11580632;0.85995;0.86007;0.86001;0;T;True;2
1621269385000;11580633;0.85995;0.86007;0.86001;0;T;True;2
1621269386000;11580635;0.85995;0.86007;0.86001;1;T;True;2
1621269387000;11580636;0.85995;0.86007;0.86001;0;T;True;2
1621269388000;11580637;0.85995;0.86007;0.86001;0;T;True;2
1621269389000;11580639;0.85995;0.86007;0.86001;1;T;True;2
1621269390000;11580641;0.85995;0.86007;0.86001;1;T;True;2
1621269391000;11580643;0.85995;0.86007;0.86001;1;T;True;2
1621269392000;11580644;0.85995;0.86007;0.86001;0;T;True;2
1621269393000;11580645;0.85995;0.86007;0.86001;0;T;True;2
1621269394000;11580646;0.85995;0.86007;0.86001;0;T;True;2
1621269395000;11580648;0.85995;0.86007;0.86001;1;T;True;2
1621269396000;11580651;0.85994;0.86006;0.86;2;T;True;2
1621269397000;11580652;0.85994;0.86006;0.86;0;T;True;2
1621269398000;11580654;0.85993;0.86005;0.85999;1;T;True;2
1621269399000;11580655;0.85993;0.86005;0.85999;0;T;True;2
1621269400000;11580656;0.85993;0.86005;0.85999;0;T;True;2
1621269401000;11580657;0.85993;0.86005;0.85999;0;T;True;2
1621269402000;11580659;0.85994;0.86006;0.86;1;T;True;2
1621269403000;11580660;0.85994;0.86006;0.86;0;T;True;2
1621269404000;11580661;0.85994;0.86006;0.86;0;T;True;2
1621269405000;11580662;0.85994;0.86006;0.86;0;T;True;2
1621269406000;11580663;0.85994;0.86006;0.86;0;T;True;2
1621269407000;11580664;0.85994;0.86006;0.86;0;T;True;2
1621269408000;11580665;0.85994;0.86006;0.86;0;T;True;2
1621269409000;11580666;0.85994;0.86006;0.86;0;T;True;2
1621269410000;11580667;0.85994;0.86006;0.86;0;T;True;2
1621269411000;11580668;0.85994;0.86006;0.86;0;T;True;2
1621269412000;11580669;0.85994;0.86006;0.86;0;T;True;2
1621269413000;11580670;0.85994;0.86006;0.86;0;T;True;2
1621269414000;11580671;0.85994;0.86006;0.86;0;T;True;2
1621269415000;11580672;0.85994;0.86006;0.86;0;T;True;2
1621269416000;11580674;0.85993;0.86005;0.85999;1;T;True;2
1621269417000;11580675;0.85993;0.86005;0.85999;0;T;True;2
1621269418000;11580676;0.85993;0.86005;0.85999;0;T;True;2
1621269419000;11580677;0.85993;0.86005;0.85999;0;T;True;2
1621269420000;11580678;0.85993;0.86005;0.85999;0;T;True;2
1621269421000;11580679;0.85993;0.86005;0.85999;0;T;True;2
1621269422000;11580680;0.85993;0.86005;0.85999;0;T;True;2
1621269423000;11580681;0.85993;0.86005;0.85999;0;T;True;2
1621269424000;11580683;0.85994;0.86006;0.86;1;T;True;2
1621269425000;11580684;0.85994;0.86006;0.86;0;T;True;2
1621269426000;11580685;0.85994;0.86006;0.86;0;T;True;2
1621269427000;11580686;0.85994;0.86006;0.86;0;T;True;2
1621269428000;11580688;0.85995;0.86007;0.86001;1;T;True;2
1621269429000;11580689;0.85995;0.86007;0.86001;0;T;True;2
1621269430000;11580690;0.85995;0.86007;0.86001;0;T;True;2
1621269431000;11580691;0.85995;0.86007;0.86001;0;T;True;2
1621269432000;11580692;0.85995;0.86007;0.86001;0;T;True;2
1621269433000;11580693;0.85995;0.86007;0.86001;0;T;True;2
1621269434000;11580694;0.85995;0.86007;0.86001;0;T;True;2
1621269435000;11580695;0.85995;0.86007;0.86001;0;T;True;2
1621269436000;11580697;0.85995;0.86007;0.86001;1;T;True;2
1621269437000;11580698;0.85995;0.86007;0.86001;0;T;True;2
1621269438000;11580699;0.85995;0.86007;0.86001;0;T;True;2
1621269439000;11580700;0.85995;0.86007;0.86001;0;T;True;2
1621269440000;11580701;0.85995;0.86007;0.86001;0;T;True;2
1621269441000;11580702;0.85995;0.86007;0.86001;0;T;True;2
1621269442000;11580705;0.85996;0.86008;0.86002;2;T;True;2
1621269443000;11580706;0.85996;0.86008;0.86002;0;T;True;2
1621269444000;11580707;0.85996;0.86008;0.86002;0;T;True;2
1621269445000;11580709;0.85997;0.86009;0.86003;1;T;True;2
1621269446000;11580710;0.85997;0.86009;0.86003;0;T;True;2
1621269447000;11580711;0.85997;0.86009;0.86003;0;T;True;2
1621269448000;11580713;0.85997;0.86009;0.86003;1;T;True;2
1621269449000;11580714;0.85997;0.86009;0.86003;0;T;True;2
1621269450000;11580715;0.85997;0.86009;0.86003;0;T;True;2
1621269451000;11580717;0.85996;0.86008;0.86002;1;T;True;2
1621269452000;11580720;0.85996;0.86008;0.86002;2;T;True;2
1621269453000;11580721;0.85996;0.86008;0.86002;0;T;True;2
1621269454000;11580722;0.85996;0.86008;0.86002;0;T;True;2
1621269455000;11580723;0.85996;0.86008;0.86002;0;T;True;2
1621269456000;11580724;0.85996;0.86008;0.86002;0;T;True;2
1621269457000;11580725;0.85996;0.86008;0.86002;0;T;True;2
1621269458000;11580726;0.85996;0.86008;0.86002;0;T;True;2
1621269459000;11580727;0.85996;0.86008;0.86002;0;T;True;2
1621269460000;11580728;0.85996;0.86008;0.86002;0;T;True;2
1621269461000;11580729;0.85996;0.86008;0.86002;0;T;True;2
1621269462000;11580730;0.85996;0.86008;0.86002;0;T;True;2
1621269463000;11580731;0.85996;0.86008;0.86002;0;T;True;2
1621269464000;11580732;0.85996;0.86008;0.86002;0;T;True;2
1621269465000;11580734;0.85996;0.86008;0.86002;1;T;True;2
1621269466000;11580735;0.85996;0.86008;0.86002;0;T;True;2
1621269467000;11580736;0.85996;0.86008;0.86002;0;T;True;2
1621269468000;11580737;0.85996;0.86008;0.86002;0;T;True;2
1621269469000;11580738;0.85996;0.86008;0.86002;0;T;True;2
1621269470000;11580739;0.85996;0.86008;0.86002;0;T;True;2
1621269471000;11580740;0.85996;0.86008;0.86002;0;T;True;2
1621269472000;11580741;0.85996;0.86008;0.86002;0;T;True;2
1621269473000;11580743;0.85996;0.86008;0.86002;1;T;True;2
1621269474000;11580744;0.85996;0.86008;0.86002;0;T;True;2
1621269475000;11580745;0.85996;0.86008;0.86002;0;T;True;2
1621269476000;11580746;0.85996;0.86008;0.86002;0;T;True;2
1621269477000;11580747;0.85996;0.86008;0.86002;0;T;True;2
1621269478000;11580748;0.85996;0.86008;0.86002;0;T;True;2
1621269479000;11580749;0.85996;0.86008;0.86002;0;T;True;2
1621269480000;11580750;0.85996;0.86008;0.86002;0;T;True;2
1621269481000;11580753;0.85996;0.86008;0.86002;2;T;True;2
1621269482000;11580754;0.85996;0.86008;0.86002;0;T;True;2
1621269483000;11580755;0.85996;0.86008;0.86002;0;T;True;2
1621269484000;11580760;0.85995;0.86007;0.86001;4;T;True;2
1621269485000;11580764;0.85993;0.86005;0.85999;3;T;True;2
1621269486000;11580765;0.85993;0.86005;0.85999;0;T;True;2
1621269487000;11580766;0.85993;0.86005;0.85999;0;T;True;2
1621269488000;11580767;0.85993;0.86005;0.85999;0;T;True;2
1621269489000;11580768;0.85993;0.86005;0.85999;0;T;True;2
1621269490000;11580770;0.85993;0.86005;0.85999;1;T;True;2
1621269491000;11580775;0.85993;0.86005;0.85999;4;T;True;2
1621269492000;11580777;0.85994;0.86006;0.86;1;T;True;2
1621269493000;11580779;0.85995;0.86007;0.86001;1;T;True;2
1621269494000;11580780;0.85995;0.86007;0.86001;0;T;True;2
1621269495000;11580781;0.85995;0.86007;0.86001;0;T;True;2
1621269496000;11580782;0.85995;0.86007;0.86001;0;T;True;2
1621269497000;11580783;0.85995;0.86007;0.86001;0;T;True;2
1621269498000;11580785;0.85996;0.86008;0.86002;1;T;True;2
1621269499000;11580786;0.85996;0.86008;0.86002;0;T;True;2
1621269500000;11580787;0.85996;0.86008;0.86002;0;T;True;2
1621269501000;11580788;0.85996;0.86008;0.86002;0;T;True;2
1621269502000;11580789;0.85996;0.86008;0.86002;0;T;True;2
1621269503000;11580790;0.85996;0.86008;0.86002;0;T;True;2
1621269504000;11580791;0.85996;0.86008;0.86002;0;T;True;2
1621269505000;11580792;0.85996;0.86008;0.86002;0;T;True;2
1621269506000;11580793;0.85996;0.86008;0.86002;0;T;True;2
1621269507000;11580794;0.85996;0.86008;0.86002;0;T;True;2
1621269508000;11580797;0.85995;0.86007;0.86001;2;T;True;2
1621269509000;11580798;0.85995;0.86007;0.86001;0;T;True;2
1621269510000;11580799;0.85995;0.86007;0.86001;0;T;True;2
1621269511000;11580800;0.85995;0.86007;0.86001;0;T;True;2
1621269512000;11580803;0.85995;0.86007;0.86001;2;T;True;2
1621269513000;11580804;0.85995;0.86007;0.86001;0;T;True;2
1621269514000;11580806;0.85996;0.86008;0.86002;1;T;True;2
1621269515000;11580808;0.85995;0.86007;0.86001;1;T;True;2
1621269516000;11580810;0.85994;0.86006;0.86;1;T;True;2
1621269517000;11580812;0.85994;0.86006;0.86;1;T;True;2
1621269518000;11580813;0.85994;0.86006;0.86;0;T;True;2
1621269519000;11580815;0.85993;0.86005;0.85999;1;T;True;2
1621269520000;11580816;0.85993;0.86005;0.85999;0;T;True;2
1621269521000;11580821;0.85993;0.86005;0.85999;4;T;True;2
1621269522000;11580823;0.85993;0.86005;0.85999;1;T;True;2
1621269523000;11580824;0.85993;0.86005;0.85999;0;T;True;2
1621269524000;11580825;0.85993;0.86005;0.85999;0;T;True;2
1621269525000;11580826;0.85993;0.86005;0.85999;0;T;True;2
1621269526000;11580827;0.85993;0.86005;0.85999;0;T;True;2
1621269527000;11580828;0.85993;0.86005;0.85999;0;T;True;2
1621269528000;11580832;0.85993;0.86005;0.85999;3;T;True;2
1621269529000;11580834;0.85993;0.86005;0.85999;1;T;True;2
1621269530000;11580835;0.85993;0.86005;0.85999;0;T;True;2
1621269531000;11580837;0.85993;0.86005;0.85999;1;T;True;2
1621269532000;11580838;0.85993;0.86005;0.85999;0;T;True;2
1621269533000;11580840;0.85993;0.86005;0.85999;1;T;True;2
1621269534000;11580846;0.85996;0.86008;0.86002;5;T;True;2
1621269535000;11580847;0.85996;0.86008;0.86002;0;T;True;2
1621269536000;11580848;0.85996;0.86008;0.86002;0;T;True;2
1621269537000;11580850;0.85996;0.86008;0.86002;1;T;True;2
1621269538000;11580851;0.85996;0.86008;0.86002;0;T;True;2
1621269539000;11580852;0.85996;0.86008;0.86002;0;T;True;2
1621269540000;11580853;0.85996;0.86008;0.86002;0;T;True;2
1621269541000;11580854;0.85996;0.86008;0.86002;0;T;True;2
1621269542000;11580856;0.85995;0.86007;0.86001;1;T;True;2
1621269543000;11580857;0.85995;0.86007;0.86001;0;T;True;2
1621269544000;11580859;0.85994;0.86006;0.86;1;T;True;2
1621269545000;11580860;0.85994;0.86006;0.86;0;T;True;2
1621269546000;11580863;0.85992;0.86004;0.85998;2;T;True;2
1621269547000;11580864;0.85992;0.86004;0.85998;0;T;True;2
1621269548000;11580865;0.85992;0.86004;0.85998;0;T;True;2
1621269549000;11580867;0.85991;0.86003;0.85997;1;T;True;2
1621269550000;11580868;0.85991;0.86003;0.85997;0;T;True;2
1621269551000;11580870;0.8599;0.86002;0.85996;1;T;True;2
1621269552000;11580871;0.8599;0.86002;0.85996;0;T;True;2
1621269553000;11580873;0.85989;0.86001;0.85995;1;T;True;2
1621269554000;11580876;0.85989;0.86001;0.85995;2;T;True;2
1621269555000;11580878;0.85988;0.86;0.85994;1;T;True;2
1621269556000;11580880;0.85988;0.86;0.85994;1;T;True;2
1621269557000;11580882;0.85987;0.85999;0.85993;1;T;True;2
1621269558000;11580883;0.85987;0.85999;0.85993;0;T;True;2
1621269559000;11580884;0.85987;0.85999;0.85993;0;T;True;2
1621269560000;11580886;0.85988;0.86;0.85994;1;T;True;2
1621269561000;11580887;0.85988;0.86;0.85994;0;T;True;2
1621269562000;11580888;0.85988;0.86;0.85994;0;T;True;2
1621269563000;11580889;0.85988;0.86;0.85994;0;T;True;2
1621269564000;11580890;0.85988;0.86;0.85994;0;T;True;2
1621269565000;11580892;0.85989;0.86001;0.85995;1;T;True;2
1621269566000;11580893;0.85989;0.86001;0.85995;0;T;True;2
1621269567000;11580894;0.85989;0.86001;0.85995;0;T;True;2
1621269568000;11580895;0.85989;0.86001;0.85995;0;T;True;2
1621269569000;11580896;0.85989;0.86001;0.85995;0;T;True;2
1621269570000;11580897;0.85989;0.86001;0.85995;0;T;True;2
1621269571000;11580898;0.85989;0.86001;0.85995;0;T;True;2
1621269572000;11580899;0.85989;0.86001;0.85995;0;T;True;2
1621269573000;11580900;0.85989;0.86001;0.85995;0;T;True;2
1621269574000;11580901;0.85989;0.86001;0.85995;0;T;True;2
1621269575000;11580902;0.85989;0.86001;0.85995;0;T;True;2
1621269576000;11580903;0.85989;0.86001;0.85995;0;T;True;2
1621269577000;11580904;0.85989;0.86001;0.85995;0;T;True;2
1621269578000;11580905;0.85989;0.86001;0.85995;0;T;True;2
1621269579000;11580906;0.85989;0.86001;0.85995;0;T;True;2
1621269580000;11580908;0.85988;0.86;0.85994;1;T;True;2
1621269581000;11580913;0.85988;0.86;0.85994;4;T;True;2
1621269582000;11580914;0.85988;0.86;0.85994;0;T;True;2
1621269583000;11580915;0.85988;0.86;0.85994;0;T;True;2
1621269584000;11580916;0.85988;0.86;0.85994;0;T;True;2
1621269585000;11580917;0.85988;0.86;0.85994;0;T;True;2
1621269586000;11580918;0.85988;0.86;0.85994;0;T;True;2
1621269587000;11580919;0.85988;0.86;0.85994;0;T;True;2
1621269588000;11580920;0.85988;0.86;0.85994;0;T;True;2
1621269589000;11580921;0.85988;0.86;0.85994;0;T;True;2
1621269590000;11580923;0.85987;0.85999;0.85993;1;T;True;2
1621269591000;11580924;0.85987;0.85999;0.85993;0;T;True;2
1621269592000;11580925;0.85987;0.85999;0.85993;0;T;True;2
1621269593000;11580926;0.85987;0.85999;0.85993;0;T;True;2
1621269594000;11580930;0.85983;0.85995;0.85989;3;T;True;2
1621269595000;11580931;0.85983;0.85995;0.85989;0;T;True;2
1621269596000;11580932;0.85983;0.85995;0.85989;0;T;True;2
1621269597000;11580934;0.85982;0.85994;0.85988;1;T;True;2
1621269598000;11580935;0.85982;0.85994;0.85988;0;T;True;2
1621269599000;11580936;0.85982;0.85994;0.85988;0;T;True;2
1621269600000;11580938;0.85981;0.85993;0.85987;1;T;True;2
1621269601000;11580940;0.85981;0.85993;0.85987;1;T;True;2
1621269602000;11580941;0.85981;0.85993;0.85987;0;T;True;2
1621269603000;11580942;0.85981;0.85993;0.85987;0;T;True;2
1621269604000;11580943;0.85981;0.85993;0.85987;0;T;True;2
1621269605000;11580944;0.85981;0.85993;0.85987;0;T;True;2
1621269606000;11580945;0.85981;0.85993;0.85987;0;T;True;2
1621269607000;11580946;0.85981;0.85993;0.85987;0;T;True;2
1621269608000;11580949;0.85979;0.85991;0.85985;2;T;True;2
1621269609000;11580950;0.85979;0.85991;0.85985;0;T;True;2
1621269610000;11580955;0.85977;0.85989;0.85983;4;T;True;2
1621269611000;11580956;0.85977;0.85989;0.85983;0;T;True;2
1621269612000;11580961;0.85979;0.85991;0.85985;4;T;True;2
1621269613000;11580962;0.85979;0.85991;0.85985;0;T;True;2
1621269614000;11580965;0.85975;0.85987;0.85981;2;T;True;2
1621269615000;11580969;0.85973;0.85985;0.85979;3;T;True;2
1621269616000;11580970;0.85973;0.85985;0.85979;0;T;True;2
1621269617000;11580971;0.85973;0.85985;0.85979;0;T;True;2
1621269618000;11580972;0.85973;0.85985;0.85979;0;T;True;2
1621269619000;11580977;0.85973;0.85985;0.85979;4;T;True;2
1621269620000;11580978;0.85973;0.85985;0.85979;0;T;True;2
1621269621000;11580979;0.85973;0.85985;0.85979;0;T;True;2
1621269622000;11580981;0.85973;0.85985;0.85979;1;T;True;2
