ts;n;bid;ask;value;volume;phase;round;active_id
1621269622000;11580981;0.85973;0.85985;0.85979;1;T;True;2
1621269623000;11580984;0.85975;0.85987;0.85981;2;T;True;2
1621269624000;11580985;0.85975;0.85987;0.85981;0;T;True;2
1621269625000;11580986;0.85975;0.85987;0.85981;0;T;True;2
1621269626000;11580987;0.85975;0.85987;0.85981;0;T;True;2
1621269627000;11580988;0.85975;0.85987;0.85981;0;T;True;2
1621269628000;11580989;0.85975;0.85987;0.85981;0;T;True;2
1621269629000;11580990;0.85975;0.85987;0.85981;0;T;True;2
1621269630000;11580992;0.85977;0.85989;0.85983;1;T;True;2
1621269631000;11580993;0.85977;0.85989;0.85983;0;T;True;2
1621269632000;11580994;0.85977;0.85989;0.85983;0;T;True;2
1621269633000;11580995;0.85977;0.85989;0.85983;0;T;True;2
1621269634000;11580996;0.85977;0.85989;0.85983;0;T;True;2
1621269635000;11580997;0.85977;0.85989;0.85983;0;T;True;2
1621269636000;11580998;0.85977;0.85989;0.85983;0;T;True;2
1621269637000;11580999;0.85977;0.85989;0.85983;0;T;True;2
1621269638000;11581000;0.85977;0.85989;0.85983;0;T;True;2
1621269639000;11581002;0.85979;0.85991;0.85985;1;T;True;2
1621269640000;11581010;0.85981;0.85993;0.85987;7;T;True;2
1621269641000;11581012;0.85983;0.85995;0.85989;1;T;True;2
1621269642000;11581013;0.85983;0.85995;0.85989;0;T;True;2
1621269643000;11581014;0.85983;0.85995;0.85989;0;T;True;2
1621269644000;11581015;0.85983;0.85995;0.85989;0;T;True;2
1621269645000;11581016;0.85983;0.85995;0.85989;0;T;True;2
1621269646000;11581018;0.85984;0.85996;0.8599;1;T;True;2
1621269647000;11581019;0.85984;0.85996;0.8599;0;T;True;2
1621269648000;11581020;0.85984;0.85996;0.8599;0;T;True;2
1621269649000;11581021;0.85984;0.85996;0.8599;0;T;True;2
1621269650000;11581022;0.85984;0.85996;0.8599;0;T;True;2
1621269651000;11581023;0.85984;0.85996;0.8599;0;T;True;2
1621269652000;11581025;0.85985;0.85997;0.85991;1;T;True;2
1621269653000;11581026;0.85985;0.85997;0.85991;0;T;True;2
1621269654000;11581027;0.85985;0.85997;0.85991;0;T;True;2
1621269655000;11581028;0.85985;0.85997;0.85991;0;T;True;2
1621269656000;11581029;0.85985;0.85997;0.85991;0;T;True;2
1621269657000;11581030;0.85985;0.85997;0.85991;0;T;True;2
1621269658000;11581031;0.85985;0.85997;0.85991;0;T;True;2
1621269659000;11581032;0.85985;0.85997;0.85991;0;T;True;2
1621269660000;11581033;0.85985;0.85997;0.85991;0;T;True;2
1621269661000;11581035;0.85985;0.85997;0.85991;1;T;True;2
1621269662000;11581036;0.85985;0.85997;0.85991;0;T;True;2
1621269663000;11581037;0.85985;0.85997;0.85991;0;T;True;2
1621269664000;11581038;0.85985;0.85997;0.85991;0;T;True;2
1621269665000;11581039;0.85985;0.85997;0.85991;0;T;True;2
1621269666000;11581040;0.85985;0.85997;0.85991;0;T;True;2
1621269667000;11581041;0.85985;0.85997;0.85991;0;T;True;2
1621269668000;11581042;0.85985;0.85997;0.85991;0;T;True;2
1621269669000;11581043;0.85985;0.85997;0.85991;0;T;True;2
1621269670000;11581044;0.85985;0.85997;0.85991;0;T;True;2
1621269671000;11581045;0.85985;0.85997;0.85991;0;T;True;2
1621269672000;11581047;0.85985;0.85997;0.85991;1;T;True;2
1621269673000;11581051;0.85988;0.86;0.85994;3;T;True;2
1621269674000;11581052;0.85988;0.86;0.85994;0;T;True;2
1621269675000;11581053;0.85988;0.86;0.85994;0;T;True;2
1621269676000;11581055;0.85989;0.86001;0.85995;1;T;True;2
1621269677000;11581058;0.85988;0.86;0.85994;2;T;True;2
1621269678000;11581059;0.85988;0.86;0.85994;0;T;True;2
1621269679000;11581060;0.85988;0.86;0.85994;0;T;True;2
1621269680000;11581061;0.85988;0.86;0.85994;0;T;True;2
1621269681000;11581062;0.85988;0.86;0.85994;0;T;True;2
1621269682000;11581063;0.85988;0.86;0.85994;0;T;True;2
1621269683000;11581065;0.85988;0.86;0.85994;1;T;True;2
1621269684000;11581066;0.85988;0.86;0.85994;0;T;True;2
1621269685000;11581067;0.85988;0.86;0.85994;0;T;True;2
1621269686000;11581068;0.85988;0.86;0.85994;0;T;True;2
1621269687000;11581069;0.85988;0.86;0.85994;0;T;True;2
1621269688000;11581070;0.85988;0.86;0.85994;0;T;True;2
1621269689000;11581071;0.85988;0.86;0.85994;0;T;True;2
1621269690000;11581072;0.85988;0.86;0.85994;0;T;True;2
1621269691000;11581073;0.85988;0.86;0.85994;0;T;True;2
1621269692000;11581076;0.85987;0.85999;0.85993;2;T;True;2
1621269693000;11581077;0.85987;0.85999;0.85993;0;T;True;2
1621269694000;11581078;0.85987;0.85999;0.85993;0;T;True;2
1621269695000;11581079;0.85987;0.85999;0.85993;0;T;True;2
1621269696000;11581080;0.85987;0.85999;0.85993;0;T;True;2
1621269697000;11581082;0.85987;0.85999;0.85993;1;T;True;2
1621269698000;11581083;0.85987;0.85999;0.85993;0;T;True;2
1621269699000;11581084;0.85987;0.85999;0.85993;0;T;True;2
1621269700000;11581085;0.85987;0.85999;0.85993;0;T;True;2
1621269701000;11581087;0.85989;0.86001;0.85995;1;T;True;2
1621269702000;11581088;0.85989;0.86001;0.85995;0;T;True;2
1621269703000;11581089;0.85989;0.86001;0.85995;0;T;True;2
1621269704000;11581090;0.85989;0.86001;0.85995;0;T;True;2
1621269705000;11581091;0.85989;0.86001;0.85995;0;T;True;2
1621269706000;11581092;0.85989;0.86001;0.85995;0;T;True;2
1621269707000;11581093;0.85989;0.86001;0.85995;0;T;True;2
1621269708000;11581094;0.85989;0.86001;0.85995;0;T;True;2
1621269709000;11581095;0.85989;0.86001;0.85995;0;T;True;2
1621269710000;11581096;0.85989;0.86001;0.85995;0;T;True;2
1621269711000;11581097;0.85989;0.86001;0.85995;0;T;True;2
1621269712000;11581098;0.85989;0.86001;0.85995;0;T;True;2
1621269713000;11581099;0.85989;0.86001;0.85995;0;T;True;2
1621269714000;11581100;0.85989;0.86001;0.85995;0;T;True;2
1621269715000;11581102;0.85987;0.85999;0.85993;1;T;True;2
1621269716000;11581103;0.85987;0.85999;0.85993;0;T;True;2
1621269717000;11581104;0.85987;0.85999;0.85993;0;T;True;2
1621269718000;11581105;0.85987;0.85999;0.85993;0;T;True;2
1621269719000;11581107;0.85987;0.85999;0.85993;1;T;True;2
1621269720000;11581109;0.85988;0.86;0.85994;1;T;True;2
1621269721000;11581110;0.85988;0.86;0.85994;0;T;True;2
1621269722000;11581111;0.85988;0.86;0.85994;0;T;True;2
1621269723000;11581112;0.85988;0.86;0.85994;0;T;True;2
1621269724000;11581113;0.85988;0.86;0.85994;0;T;True;2
1621269725000;11581114;0.85988;0.86;0.85994;0;T;True;2
1621269726000;11581115;0.85988;0.86;0.85994;0;T;True;2
1621269727000;11581116;0.85988;0.86;0.85994;0;T;True;2
1621269728000;11581117;0.85988;0.86;0.85994;0;T;True;2
1621269729000;11581118;0.85988;0.86;0.85994;0;T;True;2
1621269730000;11581119;0.85988;0.86;0.85994;0;T;True;2
1621269731000;11581120;0.85988;0.86;0.85994;0;T;True;2
1621269732000;11581121;0.85988;0.86;0.85994;0;T;True;2
1621269733000;11581123;0.85988;0.86;0.85994;1;T;True;2
1621269734000;11581124;0.85988;0.86;0.85994;0;T;True;2
1621269735000;11581125;0.85988;0.86;0.85994;0;T;True;2
1621269736000;11581126;0.85988;0.86;0.85994;0;T;True;2
1621269737000;11581128;0.85988;0.86;0.85994;1;T;True;2
1621269738000;11581129;0.85988;0.86;0.85994;0;T;True;2
1621269739000;11581131;0.85988;0.86;0.85994;1;T;True;2
1621269740000;11581132;0.85988;0.86;0.85994;0;T;True;2
1621269741000;11581133;0.85988;0.86;0.85994;0;T;True;2
1621269742000;11581134;0.85988;0.86;0.85994;0;T;True;2
1621269743000;11581135;0.85988;0.86;0.85994;0;T;True;2
1621269744000;11581136;0.85988;0.86;0.85994;0;T;True;2
1621269745000;11581137;0.85988;0.86;0.85994;0;T;True;2
1621269746000;11581138;0.85988;0.86;0.85994;0;T;True;2
1621269747000;11581139;0.85988;0.86;0.85994;0;T;True;2
1621269748000;11581140;0.85988;0.86;0.85994;0;T;True;2
1621269749000;11581141;0.85988;0.86;0.85994;0;T;True;2
1621269750000;11581142;0.85988;0.86;0.85994;0;T;True;2
1621269751000;11581143;0.85988;0.86;0.85994;0;T;True;2
1621269752000;11581144;0.85988;0.86;0.85994;0;T;True;2
1621269753000;11581145;0.85988;0.86;0.85994;0;T;True;2
1621269754000;11581146;0.85988;0.86;0.85994;0;T;True;2
1621269755000;11581147;0.85988;0.86;0.85994;0;T;True;2
1621269756000;11581148;0.85988;0.86;0.85994;0;T;True;2
1621269757000;11581149;0.85988;0.86;0.85994;0;T;True;2
1621269758000;11581150;0.85988;0.86;0.85994;0;T;True;2
1621269759000;11581151;0.85988;0.86;0.85994;0;T;True;2
1621269760000;11581153;0.85988;0.86;0.85994;1;T;True;2
1621269761000;11581155;0.85987;0.85999;0.85993;1;T;True;2
1621269762000;11581156;0.85987;0.85999;0.85993;0;T;True;2
1621269763000;11581157;0.85987;0.85999;0.85993;0;T;True;2
1621269764000;11581158;0.85987;0.85999;0.85993;0;T;True;2
1621269765000;11581160;0.85987;0.85999;0.85993;1;T;True;2
1621269766000;11581161;0.85987;0.85999;0.85993;0;T;True;2
1621269767000;11581162;0.85987;0.85999;0.85993;0;T;True;2
1621269768000;11581163;0.85987;0.85999;0.85993;0;T;True;2
1621269769000;11581164;0.85987;0.85999;0.85993;0;T;True;2
1621269770000;11581165;0.85987;0.85999;0.85993;0;T;True;2
1621269771000;11581166;0.85987;0.85999;0.85993;0;T;True;2
1621269772000;11581167;0.85987;0.85999;0.85993;0;T;True;2
1621269773000;11581168;0.85987;0.85999;0.85993;0;T;True;2
1621269774000;11581169;0.85987;0.85999;0.85993;0;T;True;2
1621269775000;11581170;0.85987;0.85999;0.85993;0;T;True;2
1621269776000;11581171;0.85987;0.85999;0.85993;0;T;True;2
1621269777000;11581172;0.85987;0.85999;0.85993;0;T;True;2
1621269778000;11581173;0.85987;0.85999;0.85993;0;T;True;2
1621269779000;11581174;0.85987;0.85999;0.85993;0;T;True;2
1621269780000;11581175;0.85987;0.85999;0.85993;0;T;True;2
1621269781000;11581176;0.85987;0.85999;0.85993;0;T;True;2
1621269782000;11581177;0.85987;0.85999;0.85993;0;T;True;2
1621269783000;11581179;0.85987;0.85999;0.85993;1;T;True;2
1621269784000;11581180;0.85987;0.85999;0.85993;0;T;True;2
1621269785000;11581181;0.85987;0.85999;0.85993;0;T;True;2
1621269786000;11581182;0.85987;0.85999;0.85993;0;T;True;2
1621269787000;11581183;0.85987;0.85999;0.85993;0;T;True;2
1621269788000;11581184;0.85987;0.85999;0.85993;0;T;True;2
1621269789000;11581185;0.85987;0.85999;0.85993;0;T;True;2
1621269790000;11581186;0.85987;0.85999;0.85993;0;T;True;2
1621269791000;11581187;0.85987;0.85999;0.85993;0;T;True;2
1621269792000;11581188;0.85987;0.85999;0.85993;0;T;True;2
1621269793000;11581189;0.85987;0.85999;0.85993;0;T;True;2
1621269794000;11581190;0.85987;0.85999;0.85993;0;T;True;2
1621269795000;11581191;0.85987;0.85999;0.85993;0;T;True;2
1621269796000;11581192;0.85987;0.85999;0.85993;0;T;True;2
1621269797000;11581193;0.85987;0.85999;0.85993;0;T;True;2
1621269798000;11581194;0.85987;0.85999;0.85993;0;T;True;2
1621269799000;11581201;0.8599;0.86002;0.85996;6;T;True;2
1621269800000;11581207;0.85996;0.86008;0.86002;5;T;True;2
1621269801000;11581209;0.85995;0.86007;0.86001;1;T;True;2
1621269802000;11581210;0.85995;0.86007;0.86001;0;T;True;2
1621269803000;11581212;0.85996;0.86008;0.86002;1;T;True;2
1621269804000;11581213;0.85996;0.86008;0.86002;0;T;True;2
1621269805000;11581214;0.85996;0.86008;0.86002;0;T;True;2
1621269806000;11581215;0.85996;0.86008;0.86002;0;T;True;2
1621269807000;11581217;0.85996;0.86008;0.86002;1;T;True;2
1621269808000;11581218;0.85996;0.86008;0.86002;0;T;True;2
1621269809000;11581219;0.85996;0.86008;0.86002;0;T;True;2
1621269810000;11581220;0.85996;0.86008;0.86002;0;T;True;2
1621269811000;11581221;0.85996;0.86008;0.86002;0;T;True;2
1621269812000;11581223;0.85996;0.86008;0.86002;1;T;True;2
1621269813000;11581224;0.85996;0.86008;0.86002;0;T;True;2
1621269814000;11581225;0.85996;0.86008;0.86002;0;T;True;2
1621269815000;11581226;0.85996;0.86008;0.86002;0;T;True;2
1621269816000;11581227;0.85996;0.86008;0.86002;0;T;True;2
1621269817000;11581233;0.85998;0.8601;0.86004;5;T;True;2
1621269818000;11581234;0.85998;0.8601;0.86004;0;T;True;2
1621269819000;11581235;0.85998;0.8601;0.86004;0;T;True;2
1621269820000;11581236;0.85998;0.8601;0.86004;0;T;True;2
1621269821000;11581237;0.85998;0.8601;0.86004;0;T;True;2
1621269822000;11581238;0.85998;0.8601;0.86004;0;T;True;2
1621269823000;11581239;0.85998;0.8601;0.86004;0;T;True;2
1621269824000;11581241;0.85998;0.8601;0.86004;1;T;True;2
1621269825000;11581242;0.85998;0.8601;0.86004;0;T;True;2
1621269826000;11581244;0.85997;0.86009;0.86003;1;T;True;2
1621269827000;11581245;0.85997;0.86009;0.86003;0;T;True;2
1621269828000;11581246;0.85997;0.86009;0.86003;0;T;True;2
1621269829000;11581247;0.85997;0.86009;0.86003;0;T;True;2
1621269830000;11581248;0.85997;0.86009;0.86003;0;T;True;2
1621269831000;11581249;0.85997;0.86009;0.86003;0;T;True;2
1621269832000;11581250;0.85997;0.86009;0.86003;0;T;True;2
1621269833000;11581251;0.85997;0.86009;0.86003;0;T;True;2
1621269834000;11581252;0.85997;0.86009;0.86003;0;T;True;2
1621269835000;11581254;0.85997;0.86009;0.86003;1;T;True;2
1621269836000;11581256;0.85997;0.86009;0.86003;1;T;True;2
1621269837000;11581257;0.85997;0.86009;0.86003;0;T;True;2
1621269838000;11581258;0.85997;0.86009;0.86003;0;T;True;2
1621269839000;11581259;0.85997;0.86009;0.86003;0;T;True;2
1621269840000;11581260;0.85997;0.86009;0.86003;0;T;True;2
1621269841000;11581261;0.85997;0.86009;0.86003;0;T;True;2
1621269842000;11581262;0.85997;0.86009;0.86003;0;T;True;2
1621269843000;11581265;0.85993;0.86005;0.85999;2;T;True;2
1621269844000;11581268;0.85991;0.86003;0.85997;2;T;True;2
1621269845000;11581270;0.85991;0.86003;0.85997;1;T;True;2
1621269846000;11581271;0.85991;0.86003;0.85997;0;T;True;2
1621269847000;11581272;0.85991;0.86003;0.85997;0;T;True;2
1621269848000;11581274;0.85991;0.86003;0.85997;1;T;True;2
1621269849000;11581275;0.85991;0.86003;0.85997;0;T;True;2
1621269850000;11581276;0.85991;0.86003;0.85997;0;T;True;2
1621269851000;11581277;0.85991;0.86003;0.85997;0;T;True;2
1621269852000;11581278;0.85991;0.86003;0.85997;0;T;True;2
1621269853000;11581279;0.85991;0.86003;0.85997;0;T;True;2
1621269854000;11581281;0.8599;0.86002;0.85996;1;T;True;2
1621269855000;11581282;0.8599;0.86002;0.85996;0;T;True;2
1621269856000;11581283;0.8599;0.86002;0.85996;0;T;True;2
1621269857000;11581285;0.85991;0.86003;0.85997;1;T;True;2
1621269858000;11581286;0.85991;0.86003;0.85997;0;T;True;2
1621269859000;11581287;0.85991;0.86003;0.85997;0;T;True;2
1621269860000;11581289;0.8599;0.86002;0.85996;1;T;True;2
1621269861000;11581290;0.8599;0.86002;0.85996;0;T;True;2
1621269862000;11581291;0.8599;0.86002;0.85996;0;T;True;2
1621269863000;11581292;0.8599;0.86002;0.85996;0;T;True;2
1621269864000;11581293;0.8599;0.86002;0.85996;0;T;True;2
1621269865000;11581295;0.85989;0.86001;0.85995;1;T;True;2
1621269866000;11581296;0.85989;0.86001;0.85995;0;T;True;2
1621269867000;11581297;0.85989;0.86001;0.85995;0;T;True;2
1621269868000;11581299;0.85988;0.86;0.85994;1;T;True;2
1621269869000;11581302;0.85987;0.85999;0.85993;2;T;True;2
1621269870000;11581305;0.85987;0.85999;0.85993;2;T;True;2
1621269871000;11581306;0.85987;0.85999;0.85993;0;T;True;2
1621269872000;11581308;0.85987;0.85999;0.85993;1;T;True;2
1621269873000;11581310;0.85987;0.85999;0.85993;1;T;True;2
1621269874000;11581311;0.85987;0.85999;0.85993;0;T;True;2
1621269875000;11581312;0.85987;0.85999;0.85993;0;T;True;2
1621269876000;11581313;0.85987;0.85999;0.85993;0;T;True;2
1621269877000;11581315;0.85987;0.85999;0.85993;1;T;True;2
1621269878000;11581316;0.85987;0.85999;0.85993;0;T;True;2
1621269879000;11581317;0.85987;0.85999;0.85993;0;T;True;2
1621269880000;11581318;0.85987;0.85999;0.85993;0;T;True;2
1621269881000;11581319;0.85987;0.85999;0.85993;0;T;True;2
1621269882000;11581320;0.85987;0.85999;0.85993;0;T;True;2
1621269883000;11581321;0.85987;0.85999;0.85993;0;T;True;2
1621269884000;11581322;0.85987;0.85999;0.85993;0;T;True;2
1621269885000;11581323;0.85987;0.85999;0.85993;0;T;True;2
1621269886000;11581324;0.85987;0.85999;0.85993;0;T;True;2
1621269887000;11581325;0.85987;0.85999;0.85993;0;T;True;2
1621269888000;11581326;0.85987;0.85999;0.85993;0;T;True;2
1621269889000;11581327;0.85987;0.85999;0.85993;0;T;True;2
1621269890000;11581328;0.85987;0.85999;0.85993;0;T;True;2
1621269891000;11581329;0.85987;0.85999;0.85993;0;T;True;2
1621269892000;11581330;0.85987;0.85999;0.85993;0;T;True;2
1621269893000;11581331;0.85987;0.85999;0.85993;0;T;True;2
1621269894000;11581332;0.85987;0.85999;0.85993;0;T;True;2
1621269895000;11581333;0.85987;0.85999;0.85993;0;T;True;2
1621269896000;11581335;0.85987;0.85999;0.85993;1;T;True;2
1621269897000;11581336;0.85987;0.85999;0.85993;0;T;True;2
1621269898000;11581337;0.85987;0.85999;0.85993;0;T;True;2
1621269899000;11581338;0.85987;0.85999;0.85993;0;T;True;2
1621269900000;11581339;0.85987;0.85999;0.85993;0;T;True;2
1621269901000;11581342;0.85989;0.86001;0.85995;2;T;True;2
1621269902000;11581343;0.85989;0.86001;0.85995;0;T;True;2
1621269903000;11581344;0.85989;0.86001;0.85995;0;T;True;2
1621269904000;11581345;0.85989;0.86001;0.85995;0;T;True;2
1621269905000;11581346;0.85989;0.86001;0.85995;0;T;True;2
1621269906000;11581347;0.85989;0.86001;0.85995;0;T;True;2
1621269907000;11581348;0.85989;0.86001;0.85995;0;T;True;2
1621269908000;11581349;0.85989;0.86001;0.85995;0;T;True;2
1621269909000;11581350;0.85989;0.86001;0.85995;0;T;True;2
1621269910000;11581351;0.85989;0.86001;0.85995;0;T;True;2
1621269911000;11581352;0.85989;0.86001;0.85995;0;T;True;2
1621269912000;11581353;0.85989;0.86001;0.85995;0;T;True;2
1621269913000;11581354;0.85989;0.86001;0.85995;0;T;True;2
1621269914000;11581355;0.85989;0.86001;0.85995;0;T;True;2
1621269915000;11581356;0.85989;0.86001;0.85995;0;T;True;2
1621269916000;11581357;0.85989;0.86001;0.85995;0;T;True;2
1621269917000;11581358;0.85989;0.86001;0.85995;0;T;True;2
1621269918000;11581359;0.85989;0.86001;0.85995;0;T;True;2
1621269919000;11581361;0.85989;0.86001;0.85995;1;T;True;2
1621269920000;11581362;0.85989;0.86001;0.85995;0;T;True;2
1621269921000;11581364;0.85989;0.86001;0.85995;1;T;True;2
1621269922000;11581365;0.85989;0.86001;0.85995;0;T;True;2
1621269923000;11581366;0.85989;0.86001;0.85995;0;T;True;2
1621269924000;11581367;0.85989;0.86001;0.85995;0;T;True;2
1621269925000;11581368;0.85989;0.86001;0.85995;0;T;True;2
1621269926000;11581369;0.85989;0.86001;0.85995;0;T;True;2
1621269927000;11581370;0.85989;0.86001;0.85995;0;T;True;2
1621269928000;11581377;0.85993;0.86005;0.85999;6;T;True;2
1621269929000;11581378;0.85993;0.86005;0.85999;0;T;True;2
1621269930000;11581379;0.85993;0.86005;0.85999;0;T;True;2
1621269931000;11581380;0.85993;0.86005;0.85999;0;T;True;2
1621269932000;11581381;0.85993;0.86005;0.85999;0;T;True;2
1621269933000;11581382;0.85993;0.86005;0.85999;0;T;True;2
1621269934000;11581384;0.85993;0.86005;0.85999;1;T;True;2
1621269935000;11581386;0.85993;0.86005;0.85999;1;T;True;2
1621269936000;11581387;0.85993;0.86005;0.85999;0;T;True;2
1621269937000;11581389;0.85991;0.86003;0.85997;1;T;True;2
1621269938000;11581390;0.85991;0.86003;0.85997;0;T;True;2
1621269939000;11581391;0.85991;0.86003;0.85997;0;T;True;2
1621269940000;11581392;0.85991;0.86003;0.85997;0;T;True;2
1621269941000;11581393;0.85991;0.86003;0.85997;0;T;True;2
1621269942000;11581394;0.85991;0.86003;0.85997;0;T;True;2
1621269943000;11581395;0.85991;0.86003;0.85997;0;T;True;2
1621269944000;11581397;0.85991;0.86003;0.85997;1;T;True;2
1621269945000;11581398;0.85991;0.86003;0.85997;0;T;True;2
1621269946000;11581402;0.85991;0.86003;0.85997;3;T;True;2
1621269947000;11581403;0.85991;0.86003;0.85997;0;T;True;2
1621269948000;11581404;0.85991;0.86003;0.85997;0;T;True;2
1621269949000;11581405;0.85991;0.86003;0.85997;0;T;True;2
1621269950000;11581408;0.85991;0.86003;0.85997;2;T;True;2
1621269951000;11581411;0.85991;0.86003;0.85997;2;T;True;2
1621269952000;11581413;0.85991;0.86003;0.85997;1;T;True;2
1621269953000;11581415;0.85991;0.86003;0.85997;1;T;True;2
1621269954000;11581416;0.85991;0.86003;0.85997;0;T;True;2
1621269955000;11581417;0.85991;0.86003;0.85997;0;T;True;2
1621269956000;11581418;0.85991;0.86003;0.85997;0;T;True;2
1621269957000;11581419;0.85991;0.86003;0.85997;0;T;True;2
1621269958000;11581420;0.85991;0.86003;0.85997;0;T;True;2
1621269959000;11581421;0.85991;0.86003;0.85997;0;T;True;2
1621269960000;11581422;0.85991;0.86003;0.85997;0;T;True;2
1621269961000;11581423;0.85991;0.86003;0.85997;0;T;True;2
1621269962000;11581424;0.85991;0.86003;0.85997;0;T;True;2
1621269963000;11581426;0.85989;0.86001;0.85995;1;T;True;2
1621269964000;11581427;0.85989;0.86001;0.85995;0;T;True;2
1621269965000;11581429;0.85989;0.86001;0.85995;1;T;True;2
1621269966000;11581430;0.85989;0.86001;0.85995;0;T;True;2
1621269967000;11581431;0.85989;0.86001;0.85995;0;T;True;2
1621269968000;11581433;0.85989;0.86001;0.85995;1;T;True;2
1621269969000;11581435;0.85989;0.86001;0.85995;1;T;True;2
1621269970000;11581436;0.85989;0.86001;0.85995;0;T;True;2
1621269971000;11581437;0.85989;0.86001;0.85995;0;T;True;2
1621269972000;11581438;0.85989;0.86001;0.85995;0;T;True;2
1621269973000;11581439;0.85989;0.86001;0.85995;0;T;True;2
1621269974000;11581440;0.85989;0.86001;0.85995;0;T;True;2
1621269975000;11581441;0.85989;0.86001;0.85995;0;T;True;2
1621269976000;11581442;0.85989;0.86001;0.85995;0;T;True;2
1621269977000;11581447;0.85989;0.86001;0.85995;4;T;True;2
1621269978000;11581448;0.85989;0.86001;0.85995;0;T;True;2
1621269979000;11581450;0.85989;0.86001;0.85995;1;T;True;2
1621269980000;11581451;0.85989;0.86001;0.85995;0;T;True;2
1621269981000;11581453;0.85989;0.86001;0.85995;1;T;True;2
1621269982000;11581454;0.85989;0.86001;0.85995;0;T;True;2
1621269983000;11581455;0.85989;0.86001;0.85995;0;T;True;2
1621269984000;11581456;0.85989;0.86001;0.85995;0;T;True;2
1621269985000;11581457;0.85989;0.86001;0.85995;0;T;True;2
1621269986000;11581458;0.85989;0.86001;0.85995;0;T;True;2
1621269987000;11581459;0.85989;0.86001;0.85995;0;T;True;2
1621269988000;11581460;0.85989;0.86001;0.85995;0;T;True;2
1621269989000;11581461;0.85989;0.86001;0.85995;0;T;True;2
1621269990000;11581462;0.85989;0.86001;0.85995;0;T;True;2
1621269991000;11581463;0.85989;0.86001;0.85995;0;T;True;2
1621269992000;11581464;0.85989;0.86001;0.85995;0;T;True;2
1621269993000;11581465;0.85989;0.86001;0.85995;0;T;True;2
1621269994000;11581468;0.85988;0.86;0.85994;2;T;True;2
1621269995000;11581469;0.85988;0.86;0.85994;0;T;True;2
1621269996000;11581470;0.85988;0.86;0.85994;0;T;True;2
1621269997000;11581471;0.85988;0.86;0.85994;0;T;True;2
1621269998000;11581472;0.85988;0.86;0.85994;0;T;True;2
1621269999000;11581473;0.85988;0.86;0.85994;0;T;True;2
1621270000000;11581474;0.85988;0.86;0.85994;0;T;True;2
1621270001000;11581475;0.85988;0.86;0.85994;0;T;True;2
1621270002000;11581476;0.85988;0.86;0.85994;0;T;True;2
1621270003000;11581477;0.85988;0.86;0.85994;0;T;True;2
1621270004000;11581478;0.85988;0.86;0.85994;0;T;True;2
1621270005000;11581479;0.85988;0.86;0.85994;0;T;True;2
1621270006000;11581480;0.85988;0.86;0.85994;0;T;True;2
1621270007000;11581481;0.85988;0.86;0.85994;0;T;True;2
1621270008000;11581482;0.85988;0.86;0.85994;0;T;True;2
1621270009000;11581483;0.85988;0.86;0.85994;0;T;True;2
1621270010000;11581484;0.85988;0.86;0.85994;0;T;True;2
1621270011000;11581485;0.85988;0.86;0.85994;0;T;True;2
1621270012000;11581486;0.85988;0.86;0.85994;0;T;True;2
1621270013000;11581487;0.85988;0.86;0.85994;0;T;True;2
1621270014000;11581488;0.85988;0.86;0.85994;0;T;True;2
1621270015000;11581489;0.85988;0.86;0.85994;0;T;True;2
1621270016000;11581490;0.85988;0.86;0.85994;0;T;True;2
1621270017000;11581491;0.85988;0.86;0.85994;0;T;True;2
1621270018000;11581492;0.85988;0.86;0.85994;0;T;True;2
1621270019000;11581493;0.85988;0.86;0.85994;0;T;True;2
1621270020000;11581495;0.85989;0.86001;0.85995;1;T;True;2
1621270021000;11581496;0.85989;0.86001;0.85995;0;T;True;2
1621270022000;11581497;0.85989;0.86001;0.85995;0;T;True;2
1621270023000;11581498;0.85989;0.86001;0.85995;0;T;True;2
1621270024000;11581499;0.85989;0.86001;0.85995;0;T;True;2
1621270025000;11581500;0.85989;0.86001;0.85995;0;T;True;2
1621270026000;11581501;0.85989;0.86001;0.85995;0;T;True;2
1621270027000;11581502;0.85989;0.86001;0.85995;0;T;True;2
1621270028000;11581503;0.85989;0.86001;0.85995;0;T;True;2
1621270029000;11581504;0.85989;0.86001;0.85995;0;T;True;2
1621270030000;11581505;0.85989;0.86001;0.85995;0;T;True;2
1621270031000;11581506;0.85989;0.86001;0.85995;0;T;True;2
1621270032000;11581507;0.85989;0.86001;0.85995;0;T;True;2
1621270033000;11581508;0.85989;0.86001;0.85995;0;T;True;2
1621270034000;11581509;0.85989;0.86001;0.85995;0;T;True;2
1621270035000;11581510;0.85989;0.86001;0.85995;0;T;True;2
1621270036000;11581511;0.85989;0.86001;0.85995;0;T;True;2
1621270037000;11581512;0.85989;0.86001;0.85995;0;T;True;2
1621270038000;11581513;0.85989;0.86001;0.85995;0;T;True;2
1621270039000;11581514;0.85989;0.86001;0.85995;0;T;True;2
1621270040000;11581515;0.85989;0.86001;0.85995;0;T;True;2
1621270041000;11581516;0.85989;0.86001;0.85995;0;T;True;2
1621270042000;11581517;0.85989;0.86001;0.85995;0;T;True;2
1621270043000;11581518;0.85989;0.86001;0.85995;0;T;True;2
1621270044000;11581519;0.85989;0.86001;0.85995;0;T;True;2
1621270045000;11581521;0.85991;0.86003;0.85997;1;T;True;2
1621270046000;11581524;0.85989;0.86001;0.85995;2;T;True;2
1621270047000;11581525;0.85989;0.86001;0.85995;0;T;True;2
1621270048000;11581526;0.85989;0.86001;0.85995;0;T;True;2
1621270049000;11581528;0.8599;0.86002;0.85996;1;T;True;2
1621270050000;11581529;0.8599;0.86002;0.85996;0;T;True;2
1621270051000;11581530;0.8599;0.86002;0.85996;0;T;True;2
1621270052000;11581531;0.8599;0.86002;0.85996;0;T;True;2
1621270053000;11581532;0.8599;0.86002;0.85996;0;T;True;2
1621270054000;11581533;0.8599;0.86002;0.85996;0;T;True;2
1621270055000;11581534;0.8599;0.86002;0.85996;0;T;True;2
1621270056000;11581535;0.8599;0.86002;0.85996;0;T;True;2
1621270057000;11581536;0.8599;0.86002;0.85996;0;T;True;2
1621270058000;11581537;0.8599;0.86002;0.85996;0;T;True;2
1621270059000;11581538;0.8599;0.86002;0.85996;0;T;True;2
1621270060000;11581539;0.8599;0.86002;0.85996;0;T;True;2
1621270061000;11581545;0.85995;0.86007;0.86001;5;T;True;2
1621270062000;11581547;0.85995;0.86007;0.86001;1;T;True;2
1621270063000;11581549;0.85996;0.86008;0.86002;1;T;True;2
1621270064000;11581550;0.85996;0.86008;0.86002;0;T;True;2
1621270065000;11581551;0.85996;0.86008;0.86002;0;T;True;2
1621270066000;11581552;0.85996;0.86008;0.86002;0;T;True;2
1621270067000;11581553;0.85996;0.86008;0.86002;0;T;True;2
1621270068000;11581554;0.85996;0.86008;0.86002;0;T;True;2
1621270069000;11581555;0.85996;0.86008;0.86002;0;T;True;2
1621270070000;11581556;0.85996;0.86008;0.86002;0;T;True;2
1621270071000;11581559;0.85994;0.86006;0.86;2;T;True;2
1621270072000;11581560;0.85994;0.86006;0.86;0;T;True;2
1621270073000;11581561;0.85994;0.86006;0.86;0;T;True;2
1621270074000;11581562;0.85994;0.86006;0.86;0;T;True;2
1621270075000;11581567;0.85992;0.86004;0.85998;4;T;True;2
1621270076000;11581568;0.85992;0.86004;0.85998;0;T;True;2
1621270077000;11581569;0.85992;0.86004;0.85998;0;T;True;2
1621270078000;11581570;0.85992;0.86004;0.85998;0;T;True;2
1621270079000;11581571;0.85992;0.86004;0.85998;0;T;True;2
1621270080000;11581572;0.85992;0.86004;0.85998;0;T;True;2
1621270081000;11581573;0.85992;0.86004;0.85998;0;T;True;2
1621270082000;11581574;0.85992;0.86004;0.85998;0;T;True;2
1621270083000;11581575;0.85992;0.86004;0.85998;0;T;True;2
1621270084000;11581576;0.85992;0.86004;0.85998;0;T;True;2
1621270085000;11581577;0.85992;0.86004;0.85998;0;T;True;2
1621270086000;11581578;0.85992;0.86004;0.85998;0;T;True;2
1621270087000;11581579;0.85992;0.86004;0.85998;0;T;True;2
1621270088000;11581580;0.85992;0.86004;0.85998;0;T;True;2
1621270089000;11581581;0.85992;0.86004;0.85998;0;T;True;2
1621270090000;11581582;0.85992;0.86004;0.85998;0;T;True;2
1621270091000;11581583;0.85992;0.86004;0.85998;0;T;True;2
1621270092000;11581584;0.85992;0.86004;0.85998;0;T;True;2
1621270093000;11581586;0.85991;0.86003;0.85997;1;T;True;2
1621270094000;11581587;0.85991;0.86003;0.85997;0;T;True;2
1621270095000;11581588;0.85991;0.86003;0.85997;0;T;True;2
1621270096000;11581589;0.85991;0.86003;0.85997;0;T;True;2
1621270097000;11581590;0.85991;0.86003;0.85997;0;T;True;2
1621270098000;11581591;0.85991;0.86003;0.85997;0;T;True;2
1621270099000;11581592;0.85991;0.86003;0.85997;0;T;True;2
1621270100000;11581593;0.85991;0.86003;0.85997;0;T;True;2
1621270101000;11581594;0.85991;0.86003;0.85997;0;T;True;2
1621270102000;11581595;0.85991;0.86003;0.85997;0;T;True;2
1621270103000;11581596;0.85991;0.86003;0.85997;0;T;True;2
1621270104000;11581597;0.85991;0.86003;0.85997;0;T;True;2
1621270105000;11581598;0.85991;0.86003;0.85997;0;T;True;2
1621270106000;11581599;0.85991;0.86003;0.85997;0;T;True;2
1621270107000;11581600;0.85991;0.86003;0.85997;0;T;True;2
1621270108000;11581602;0.85992;0.86004;0.85998;1;T;True;2
1621270109000;11581603;0.85992;0.86004;0.85998;0;T;True;2
1621270110000;11581605;0.85991;0.86003;0.85997;1;T;True;2
1621270111000;11581607;0.85992;0.86004;0.85998;1;T;True;2
1621270112000;11581608;0.85992;0.86004;0.85998;0;T;True;2
1621270113000;11581610;0.85993;0.86005;0.85999;1;T;True;2
1621270114000;11581611;0.85993;0.86005;0.85999;0;T;True;2
1621270115000;11581612;0.85993;0.86005;0.85999;0;T;True;2
1621270116000;11581614;0.85993;0.86005;0.85999;1;T;True;2
1621270117000;11581616;0.85993;0.86005;0.85999;1;T;True;2
1621270118000;11581617;0.85993;0.86005;0.85999;0;T;True;2
1621270119000;11581618;0.85993;0.86005;0.85999;0;T;True;2
1621270120000;11581619;0.85993;0.86005;0.85999;0;T;True;2
1621270121000;11581620;0.85993;0.86005;0.85999;0;T;True;2
1621270122000;11581622;0.85993;0.86005;0.85999;1;T;True;2
1621270123000;11581623;0.85993;0.86005;0.85999;0;T;True;2
1621270124000;11581625;0.85993;0.86005;0.85999;1;T;True;2
1621270125000;11581626;0.85993;0.86005;0.85999;0;T;True;2
1621270126000;11581627;0.85993;0.86005;0.85999;0;T;True;2
1621270127000;11581628;0.85993;0.86005;0.85999;0;T;True;2
1621270128000;11581629;0.85993;0.86005;0.85999;0;T;True;2
1621270129000;11581631;0.85993;0.86005;0.85999;1;T;True;2
1621270130000;11581632;0.85993;0.86005;0.85999;0;T;True;2
1621270131000;11581633;0.85993;0.86005;0.85999;0;T;True;2
1621270132000;11581634;0.85993;0.86005;0.85999;0;T;True;2
1621270133000;11581636;0.85994;0.86006;0.86;1;T;True;2
1621270134000;11581637;0.85994;0.86006;0.86;0;T;True;2
1621270135000;11581638;0.85994;0.86006;0.86;0;T;True;2
1621270136000;11581639;0.85994;0.86006;0.86;0;T;True;2
1621270137000;11581640;0.85994;0.86006;0.86;0;T;True;2
1621270138000;11581641;0.85994;0.86006;0.86;0;T;True;2
1621270139000;11581643;0.85993;0.86005;0.85999;1;T;True;2
1621270140000;11581645;0.85993;0.86005;0.85999;1;T;True;2
1621270141000;11581646;0.85993;0.86005;0.85999;0;T;True;2
1621270142000;11581647;0.85993;0.86005;0.85999;0;T;True;2
1621270143000;11581648;0.85993;0.86005;0.85999;0;T;True;2
1621270144000;11581649;0.85993;0.86005;0.85999;0;T;True;2
1621270145000;11581650;0.85993;0.86005;0.85999;0;T;True;2
1621270146000;11581652;0.85992;0.86004;0.85998;1;T;True;2
1621270147000;11581653;0.85992;0.86004;0.85998;0;T;True;2
1621270148000;11581654;0.85992;0.86004;0.85998;0;T;True;2
1621270149000;11581655;0.85992;0.86004;0.85998;0;T;True;2
1621270150000;11581656;0.85992;0.86004;0.85998;0;T;True;2
1621270151000;11581657;0.85992;0.86004;0.85998;0;T;True;2
1621270152000;11581660;0.85991;0.86003;0.85997;2;T;True;2
1621270153000;11581661;0.85991;0.86003;0.85997;0;T;True;2
1621270154000;11581662;0.85991;0.86003;0.85997;0;T;True;2
1621270155000;11581664;0.85991;0.86003;0.85997;1;T;True;2
1621270156000;11581665;0.85991;0.86003;0.85997;0;T;True;2
1621270157000;11581666;0.85991;0.86003;0.85997;0;T;True;2
1621270158000;11581667;0.85991;0.86003;0.85997;0;T;True;2
1621270159000;11581668;0.85991;0.86003;0.85997;0;T;True;2
1621270160000;11581669;0.85991;0.86003;0.85997;0;T;True;2
1621270161000;11581670;0.85991;0.86003;0.85997;0;T;True;2
1621270162000;11581671;0.85991;0.86003;0.85997;0;T;True;2
1621270163000;11581673;0.85991;0.86003;0.85997;1;T;True;2
1621270164000;11581674;0.85991;0.86003;0.85997;0;T;True;2
1621270165000;11581675;0.85991;0.86003;0.85997;0;T;True;2
1621270166000;11581680;0.85989;0.86001;0.85995;4;T;True;2
1621270167000;11581683;0.85989;0.86001;0.85995;2;T;True;2
1621270168000;11581685;0.85989;0.86001;0.85995;1;T;True;2
1621270169000;11581691;0.8599;0.86002;0.85996;5;T;True;2
1621270170000;11581694;0.8599;0.86002;0.85996;2;T;True;2
1621270171000;11581695;0.8599;0.86002;0.85996;0;T;True;2
1621270172000;11581699;0.8599;0.86002;0.85996;3;T;True;2
1621270173000;11581702;0.85989;0.86001;0.85995;2;T;True;2
1621270174000;11581703;0.85989;0.86001;0.85995;0;T;True;2
1621270175000;11581704;0.85989;0.86001;0.85995;0;T;True;2
1621270176000;11581705;0.85989;0.86001;0.85995;0;T;True;2
1621270177000;11581706;0.85989;0.86001;0.85995;0;T;True;2
1621270178000;11581708;0.8599;0.86002;0.85996;1;T;True;2
1621270179000;11581709;0.8599;0.86002;0.85996;0;T;True;2
1621270180000;11581710;0.8599;0.86002;0.85996;0;T;True;2
1621270181000;11581711;0.8599;0.86002;0.85996;0;T;True;2
1621270182000;11581712;0.8599;0.86002;0.85996;0;T;True;2
1621270183000;11581713;0.8599;0.86002;0.85996;0;T;True;2
1621270184000;11581716;0.8599;0.86002;0.85996;2;T;True;2
1621270185000;11581717;0.8599;0.86002;0.85996;0;T;True;2
1621270186000;11581718;0.8599;0.86002;0.85996;0;T;True;2
1621270187000;11581721;0.85989;0.86001;0.85995;2;T;True;2
1621270188000;11581723;0.85988;0.86;0.85994;1;T;True;2
1621270189000;11581725;0.85988;0.86;0.85994;1;T;True;2
1621270190000;11581728;0.85987;0.85999;0.85993;2;T;True;2
1621270191000;11581729;0.85987;0.85999;0.85993;0;T;True;2
1621270192000;11581730;0.85987;0.85999;0.85993;0;T;True;2
1621270193000;11581731;0.85987;0.85999;0.85993;0;T;True;2
1621270194000;11581732;0.85987;0.85999;0.85993;0;T;True;2
1621270195000;11581735;0.85987;0.85999;0.85993;2;T;True;2
1621270196000;11581736;0.85987;0.85999;0.85993;0;T;True;2
1621270197000;11581737;0.85987;0.85999;0.85993;0;T;True;2
1621270198000;11581738;0.85987;0.85999;0.85993;0;T;True;2
1621270199000;11581739;0.85987;0.85999;0.85993;0;T;True;2
1621270200000;11581740;0.85987;0.85999;0.85993;0;T;True;2
1621270201000;11581741;0.85987;0.85999;0.85993;0;T;True;2
1621270202000;11581742;0.85987;0.85999;0.85993;0;T;True;2
1621270203000;11581743;0.85987;0.85999;0.85993;0;T;True;2
1621270204000;11581745;0.85986;0.85998;0.85992;1;T;True;2
1621270205000;11581746;0.85986;0.85998;0.85992;0;T;True;2
1621270206000;11581747;0.85986;0.85998;0.85992;0;T;True;2
1621270207000;11581748;0.85986;0.85998;0.85992;0;T;True;2
1621270208000;11581749;0.85986;0.85998;0.85992;0;T;True;2
1621270209000;11581750;0.85986;0.85998;0.85992;0;T;True;2
1621270210000;11581752;0.85986;0.85998;0.85992;1;T;True;2
1621270211000;11581753;0.85986;0.85998;0.85992;0;T;True;2
1621270212000;11581754;0.85986;0.85998;0.85992;0;T;True;2
1621270213000;11581757;0.85987;0.85999;0.85993;2;T;True;2
1621270214000;11581759;0.85987;0.85999;0.85993;1;T;True;2
1621270215000;11581760;0.85987;0.85999;0.85993;0;T;True;2
1621270216000;11581761;0.85987;0.85999;0.85993;0;T;True;2
1621270217000;11581764;0.85989;0.86001;0.85995;2;T;True;2
1621270218000;11581766;0.85989;0.86001;0.85995;1;T;True;2
1621270219000;11581767;0.85989;0.86001;0.85995;0;T;True;2
1621270220000;11581768;0.85989;0.86001;0.85995;0;T;True;2
1621270221000;11581769;0.85989;0.86001;0.85995;0;T;True;2
1621270222000;11581770;0.85989;0.86001;0.85995;0;T;True;2
1621270223000;11581771;0.85989;0.86001;0.85995;0;T;True;2
1621270224000;11581772;0.85989;0.86001;0.85995;0;T;True;2
1621270225000;11581773;0.85989;0.86001;0.85995;0;T;True;2
1621270226000;11581774;0.85989;0.86001;0.85995;0;T;True;2
1621270227000;11581775;0.85989;0.86001;0.85995;0;T;True;2
1621270228000;11581776;0.85989;0.86001;0.85995;0;T;True;2
1621270229000;11581777;0.85989;0.86001;0.85995;0;T;True;2
1621270230000;11581778;0.85989;0.86001;0.85995;0;T;True;2
1621270231000;11581779;0.85989;0.86001;0.85995;0;T;True;2
1621270232000;11581780;0.85989;0.86001;0.85995;0;T;True;2
1621270233000;11581781;0.85989;0.86001;0.85995;0;T;True;2
1621270234000;11581782;0.85989;0.86001;0.85995;0;T;True;2
1621270235000;11581784;0.85987;0.85999;0.85993;1;T;True;2
1621270236000;11581785;0.85987;0.85999;0.85993;0;T;True;2
1621270237000;11581786;0.85987;0.85999;0.85993;0;T;True;2
1621270238000;11581787;0.85987;0.85999;0.85993;0;T;True;2
1621270239000;11581788;0.85987;0.85999;0.85993;0;T;True;2
1621270240000;11581789;0.85987;0.85999;0.85993;0;T;True;2
1621270241000;11581791;0.85989;0.86001;0.85995;1;T;True;2
1621270242000;11581792;0.85989;0.86001;0.85995;0;T;True;2
1621270243000;11581794;0.85989;0.86001;0.85995;1;T;True;2
1621270244000;11581796;0.85989;0.86001;0.85995;1;T;True;2
1621270245000;11581797;0.85989;0.86001;0.85995;0;T;True;2
1621270246000;11581799;0.85987;0.85999;0.85993;1;T;True;2
1621270247000;11581800;0.85987;0.85999;0.85993;0;T;True;2
1621270248000;11581801;0.85987;0.85999;0.85993;0;T;True;2
1621270249000;11581802;0.85987;0.85999;0.85993;0;T;True;2
1621270250000;11581803;0.85987;0.85999;0.85993;0;T;True;2
1621270251000;11581804;0.85987;0.85999;0.85993;0;T;True;2
1621270252000;11581805;0.85987;0.85999;0.85993;0;T;True;2
1621270253000;11581806;0.85987;0.85999;0.85993;0;T;True;2
1621270254000;11581807;0.85987;0.85999;0.85993;0;T;True;2
1621270255000;11581808;0.85987;0.85999;0.85993;0;T;True;2
1621270256000;11581809;0.85987;0.85999;0.85993;0;T;True;2
1621270257000;11581810;0.85987;0.85999;0.85993;0;T;True;2
1621270258000;11581811;0.85987;0.85999;0.85993;0;T;True;2
1621270259000;11581812;0.85987;0.85999;0.85993;0;T;True;2
1621270260000;11581813;0.85987;0.85999;0.85993;0;T;True;2
1621270261000;11581814;0.85987;0.85999;0.85993;0;T;True;2
1621270262000;11581815;0.85987;0.85999;0.85993;0;T;True;2
1621270263000;11581816;0.85987;0.85999;0.85993;0;T;True;2
1621270264000;11581817;0.85987;0.85999;0.85993;0;T;True;2
1621270265000;11581818;0.85987;0.85999;0.85993;0;T;True;2
1621270266000;11581821;0.85984;0.85996;0.8599;2;T;True;2
1621270267000;11581823;0.85985;0.85997;0.85991;1;T;True;2
1621270268000;11581824;0.85985;0.85997;0.85991;0;T;True;2
1621270269000;11581825;0.85985;0.85997;0.85991;0;T;True;2
1621270270000;11581826;0.85985;0.85997;0.85991;0;T;True;2
1621270271000;11581827;0.85985;0.85997;0.85991;0;T;True;2
1621270272000;11581828;0.85985;0.85997;0.85991;0;T;True;2
1621270273000;11581829;0.85985;0.85997;0.85991;0;T;True;2
1621270274000;11581830;0.85985;0.85997;0.85991;0;T;True;2
1621270275000;11581831;0.85985;0.85997;0.85991;0;T;True;2
1621270276000;11581832;0.85985;0.85997;0.85991;0;T;True;2
1621270277000;11581833;0.85985;0.85997;0.85991;0;T;True;2
1621270278000;11581835;0.85984;0.85996;0.8599;1;T;True;2
1621270279000;11581837;0.85985;0.85997;0.85991;1;T;True;2
1621270280000;11581839;0.85985;0.85997;0.85991;1;T;True;2
1621270281000;11581840;0.85985;0.85997;0.85991;0;T;True;2
1621270282000;11581841;0.85985;0.85997;0.85991;0;T;True;2
1621270283000;11581842;0.85985;0.85997;0.85991;0;T;True;2
1621270284000;11581843;0.85985;0.85997;0.85991;0;T;True;2
1621270285000;11581844;0.85985;0.85997;0.85991;0;T;True;2
1621270286000;11581847;0.85985;0.85997;0.85991;2;T;True;2
1621270287000;11581848;0.85985;0.85997;0.85991;0;T;True;2
1621270288000;11581849;0.85985;0.85997;0.85991;0;T;True;2
1621270289000;11581850;0.85985;0.85997;0.85991;0;T;True;2
1621270290000;11581851;0.85985;0.85997;0.85991;0;T;True;2
1621270291000;11581853;0.85985;0.85997;0.85991;1;T;True;2
1621270292000;11581854;0.85985;0.85997;0.85991;0;T;True;2
1621270293000;11581855;0.85985;0.85997;0.85991;0;T;True;2
1621270294000;11581856;0.85985;0.85997;0.85991;0;T;True;2
1621270295000;11581857;0.85985;0.85997;0.85991;0;T;True;2
1621270296000;11581858;0.85985;0.85997;0.85991;0;T;True;2
1621270297000;11581859;0.85985;0.85997;0.85991;0;T;True;2
1621270298000;11581860;0.85985;0.85997;0.85991;0;T;True;2
1621270299000;11581862;0.85985;0.85997;0.85991;1;T;True;2
1621270300000;11581863;0.85985;0.85997;0.85991;0;T;True;2
1621270301000;11581864;0.85985;0.85997;0.85991;0;T;True;2
1621270302000;11581865;0.85985;0.85997;0.85991;0;T;True;2
1621270303000;11581868;0.85983;0.85995;0.85989;2;T;True;2
1621270304000;11581870;0.85982;0.85994;0.85988;1;T;True;2
1621270305000;11581871;0.85982;0.85994;0.85988;0;T;True;2
1621270306000;11581872;0.85982;0.85994;0.85988;0;T;True;2
1621270307000;11581873;0.85982;0.85994;0.85988;0;T;True;2
1621270308000;11581876;0.85983;0.85995;0.85989;2;T;True;2
1621270309000;11581877;0.85983;0.85995;0.85989;0;T;True;2
1621270310000;11581878;0.85983;0.85995;0.85989;0;T;True;2
1621270311000;11581879;0.85983;0.85995;0.85989;0;T;True;2
1621270312000;11581882;0.85983;0.85995;0.85989;2;T;True;2
1621270313000;11581883;0.85983;0.85995;0.85989;0;T;True;2
1621270314000;11581884;0.85983;0.85995;0.85989;0;T;True;2
1621270315000;11581885;0.85983;0.85995;0.85989;0;T;True;2
1621270316000;11581886;0.85983;0.85995;0.85989;0;T;True;2
1621270317000;11581887;0.85983;0.85995;0.85989;0;T;True;2
1621270318000;11581888;0.85983;0.85995;0.85989;0;T;True;2
1621270319000;11581889;0.85983;0.85995;0.85989;0;T;True;2
1621270320000;11581893;0.85982;0.85994;0.85988;3;T;True;2
1621270321000;11581894;0.85982;0.85994;0.85988;0;T;True;2
1621270322000;11581895;0.85982;0.85994;0.85988;0;T;True;2
1621270323000;11581896;0.85982;0.85994;0.85988;0;T;True;2
1621270324000;11581900;0.85983;0.85995;0.85989;3;T;True;2
1621270325000;11581901;0.85983;0.85995;0.85989;0;T;True;2
1621270326000;11581902;0.85983;0.85995;0.85989;0;T;True;2
1621270327000;11581903;0.85983;0.85995;0.85989;0;T;True;2
1621270328000;11581904;0.85983;0.85995;0.85989;0;T;True;2
1621270329000;11581905;0.85983;0.85995;0.85989;0;T;True;2
1621270330000;11581906;0.85983;0.85995;0.85989;0;T;True;2
1621270331000;11581907;0.85983;0.85995;0.85989;0;T;True;2
1621270332000;11581908;0.85983;0.85995;0.85989;0;T;True;2
1621270333000;11581909;0.85983;0.85995;0.85989;0;T;True;2
1621270334000;11581910;0.85983;0.85995;0.85989;0;T;True;2
1621270335000;11581911;0.85983;0.85995;0.85989;0;T;True;2
1621270336000;11581914;0.85985;0.85997;0.85991;2;T;True;2
1621270337000;11581915;0.85985;0.85997;0.85991;0;T;True;2
1621270338000;11581916;0.85985;0.85997;0.85991;0;T;True;2
1621270339000;11581919;0.85986;0.85998;0.85992;2;T;True;2
1621270340000;11581920;0.85986;0.85998;0.85992;0;T;True;2
1621270341000;11581921;0.85986;0.85998;0.85992;0;T;True;2
1621270342000;11581922;0.85986;0.85998;0.85992;0;T;True;2
1621270343000;11581923;0.85986;0.85998;0.85992;0;T;True;2
1621270344000;11581924;0.85986;0.85998;0.85992;0;T;True;2
1621270345000;11581925;0.85986;0.85998;0.85992;0;T;True;2
1621270346000;11581926;0.85986;0.85998;0.85992;0;T;True;2
1621270347000;11581927;0.85986;0.85998;0.85992;0;T;True;2
1621270348000;11581928;0.85986;0.85998;0.85992;0;T;True;2
1621270349000;11581930;0.85985;0.85997;0.85991;1;T;True;2
1621270350000;11581931;0.85985;0.85997;0.85991;0;T;True;2
1621270351000;11581932;0.85985;0.85997;0.85991;0;T;True;2
1621270352000;11581933;0.85985;0.85997;0.85991;0;T;True;2
1621270353000;11581934;0.85985;0.85997;0.85991;0;T;True;2
1621270354000;11581935;0.85985;0.85997;0.85991;0;T;True;2
1621270355000;11581936;0.85985;0.85997;0.85991;0;T;True;2
1621270356000;11581937;0.85985;0.85997;0.85991;0;T;True;2
1621270357000;11581938;0.85985;0.85997;0.85991;0;T;True;2
1621270358000;11581939;0.85985;0.85997;0.85991;0;T;True;2
1621270359000;11581940;0.85985;0.85997;0.85991;0;T;True;2
1621270360000;11581941;0.85985;0.85997;0.85991;0;T;True;2
1621270361000;11581942;0.85985;0.85997;0.85991;0;T;True;2
1621270362000;11581956;0.85983;0.85995;0.85989;13;T;True;2
1621270363000;11581957;0.85983;0.85995;0.85989;0;T;True;2
1621270364000;11581960;0.85981;0.85993;0.85987;2;T;True;2
1621270365000;11581961;0.85981;0.85993;0.85987;0;T;True;2
1621270366000;11581962;0.85981;0.85993;0.85987;0;T;True;2
1621270367000;11581963;0.85981;0.85993;0.85987;0;T;True;2
1621270368000;11581964;0.85981;0.85993;0.85987;0;T;True;2
1621270369000;11581966;0.85981;0.85993;0.85987;1;T;True;2
1621270370000;11581968;0.85981;0.85993;0.85987;1;T;True;2
1621270371000;11581969;0.85981;0.85993;0.85987;0;T;True;2
1621270372000;11581970;0.85981;0.85993;0.85987;0;T;True;2
1621270373000;11581971;0.85981;0.85993;0.85987;0;T;True;2
1621270374000;11581972;0.85981;0.85993;0.85987;0;T;True;2
1621270375000;11581973;0.85981;0.85993;0.85987;0;T;True;2
1621270376000;11581974;0.85981;0.85993;0.85987;0;T;True;2
1621270377000;11581975;0.85981;0.85993;0.85987;0;T;True;2
1621270378000;11581976;0.85981;0.85993;0.85987;0;T;True;2
1621270379000;11581977;0.85981;0.85993;0.85987;0;T;True;2
1621270380000;11581978;0.85981;0.85993;0.85987;0;T;True;2
1621270381000;11581979;0.85981;0.85993;0.85987;0;T;True;2
1621270382000;11581983;0.85985;0.85997;0.85991;3;T;True;2
1621270383000;11581984;0.85985;0.85997;0.85991;0;T;True;2
1621270384000;11581985;0.85985;0.85997;0.85991;0;T;True;2
1621270385000;11581986;0.85985;0.85997;0.85991;0;T;True;2
1621270386000;11581988;0.85985;0.85997;0.85991;1;T;True;2
1621270387000;11581989;0.85985;0.85997;0.85991;0;T;True;2
1621270388000;11581990;0.85985;0.85997;0.85991;0;T;True;2
1621270389000;11581991;0.85985;0.85997;0.85991;0;T;True;2
1621270390000;11581992;0.85985;0.85997;0.85991;0;T;True;2
1621270391000;11581997;0.85985;0.85997;0.85991;4;T;True;2
1621270392000;11581998;0.85985;0.85997;0.85991;0;T;True;2
1621270393000;11581999;0.85985;0.85997;0.85991;0;T;True;2
1621270394000;11582000;0.85985;0.85997;0.85991;0;T;True;2
1621270395000;11582001;0.85985;0.85997;0.85991;0;T;True;2
1621270396000;11582002;0.85985;0.85997;0.85991;0;T;True;2
1621270397000;11582003;0.85985;0.85997;0.85991;0;T;True;2
1621270398000;11582004;0.85985;0.85997;0.85991;0;T;True;2
1621270399000;11582005;0.85985;0.85997;0.85991;0;T;True;2
1621270400000;11582006;0.85985;0.85997;0.85991;0;T;True;2
1621270401000;11582007;0.85985;0.85997;0.85991;0;T;True;2
1621270402000;11582008;0.85985;0.85997;0.85991;0;T;True;2
1621270403000;11582009;0.85985;0.85997;0.85991;0;T;True;2
1621270404000;11582010;0.85985;0.85997;0.85991;0;T;True;2
1621270405000;11582011;0.85985;0.85997;0.85991;0;T;True;2
1621270406000;11582012;0.85985;0.85997;0.85991;0;T;True;2
1621270407000;11582013;0.85985;0.85997;0.85991;0;T;True;2
1621270408000;11582018;0.85983;0.85995;0.85989;4;T;True;2
1621270409000;11582020;0.85983;0.85995;0.85989;1;T;True;2
1621270410000;11582021;0.85983;0.85995;0.85989;0;T;True;2
1621270411000;11582023;0.85983;0.85995;0.85989;1;T;True;2
1621270412000;11582024;0.85983;0.85995;0.85989;0;T;True;2
1621270413000;11582025;0.85983;0.85995;0.85989;0;T;True;2
1621270414000;11582026;0.85983;0.85995;0.85989;0;T;True;2
1621270415000;11582027;0.85983;0.85995;0.85989;0;T;True;2
1621270416000;11582028;0.85983;0.85995;0.85989;0;T;True;2
1621270417000;11582030;0.85983;0.85995;0.85989;1;T;True;2
1621270418000;11582031;0.85983;0.85995;0.85989;0;T;True;2
1621270419000;11582032;0.85983;0.85995;0.85989;0;T;True;2
1621270420000;11582033;0.85983;0.85995;0.85989;0;T;True;2
1621270421000;11582034;0.85983;0.85995;0.85989;0;T;True;2
1621270422000;11582035;0.85983;0.85995;0.85989;0;T;True;2
1621270423000;11582036;0.85983;0.85995;0.85989;0;T;True;2
1621270424000;11582037;0.85983;0.85995;0.85989;0;T;True;2
1621270425000;11582038;0.85983;0.85995;0.85989;0;T;True;2
1621270426000;11582039;0.85983;0.85995;0.85989;0;T;True;2
1621270427000;11582040;0.85983;0.85995;0.85989;0;T;True;2
1621270428000;11582041;0.85983;0.85995;0.85989;0;T;True;2
1621270429000;11582042;0.85983;0.85995;0.85989;0;T;True;2
1621270430000;11582043;0.85983;0.85995;0.85989;0;T;True;2
1621270431000;11582044;0.85983;0.85995;0.85989;0;T;True;2
1621270432000;11582045;0.85983;0.85995;0.85989;0;T;True;2
1621270433000;11582048;0.85981;0.85993;0.85987;2;T;True;2
1621270434000;11582051;0.85981;0.85993;0.85987;2;T;True;2
1621270435000;11582052;0.85981;0.85993;0.85987;0;T;True;2
1621270436000;11582053;0.85981;0.85993;0.85987;0;T;True;2
1621270437000;11582055;0.8598;0.85992;0.85986;1;T;True;2
1621270438000;11582056;0.8598;0.85992;0.85986;0;T;True;2
1621270439000;11582057;0.8598;0.85992;0.85986;0;T;True;2
1621270440000;11582058;0.8598;0.85992;0.85986;0;T;True;2
1621270441000;11582059;0.8598;0.85992;0.85986;0;T;True;2
1621270442000;11582060;0.8598;0.85992;0.85986;0;T;True;2
1621270443000;11582064;0.85979;0.85991;0.85985;3;T;True;2
1621270444000;11582066;0.85979;0.85991;0.85985;1;T;True;2
1621270445000;11582067;0.85979;0.85991;0.85985;0;T;True;2
1621270446000;11582068;0.85979;0.85991;0.85985;0;T;True;2
1621270447000;11582069;0.85979;0.85991;0.85985;0;T;True;2
1621270448000;11582070;0.85979;0.85991;0.85985;0;T;True;2
1621270449000;11582071;0.85979;0.85991;0.85985;0;T;True;2
1621270450000;11582072;0.85979;0.85991;0.85985;0;T;True;2
1621270451000;11582074;0.85979;0.85991;0.85985;1;T;True;2
1621270452000;11582075;0.85979;0.85991;0.85985;0;T;True;2
1621270453000;11582076;0.85979;0.85991;0.85985;0;T;True;2
1621270454000;11582077;0.85979;0.85991;0.85985;0;T;True;2
1621270455000;11582078;0.85979;0.85991;0.85985;0;T;True;2
1621270456000;11582079;0.85979;0.85991;0.85985;0;T;True;2
1621270457000;11582081;0.85979;0.85991;0.85985;1;T;True;2
1621270458000;11582082;0.85979;0.85991;0.85985;0;T;True;2
1621270459000;11582084;0.85979;0.85991;0.85985;1;T;True;2
1621270460000;11582085;0.85979;0.85991;0.85985;0;T;True;2
1621270461000;11582086;0.85979;0.85991;0.85985;0;T;True;2
1621270462000;11582087;0.85979;0.85991;0.85985;0;T;True;2
1621270463000;11582088;0.85979;0.85991;0.85985;0;T;True;2
1621270464000;11582089;0.85979;0.85991;0.85985;0;T;True;2
1621270465000;11582090;0.85979;0.85991;0.85985;0;T;True;2
1621270466000;11582092;0.85978;0.8599;0.85984;1;T;True;2
1621270467000;11582093;0.85978;0.8599;0.85984;0;T;True;2
1621270468000;11582094;0.85978;0.8599;0.85984;0;T;True;2
1621270469000;11582095;0.85978;0.8599;0.85984;0;T;True;2
1621270470000;11582096;0.85978;0.8599;0.85984;0;T;True;2
1621270471000;11582097;0.85978;0.8599;0.85984;0;T;True;2
1621270472000;11582098;0.85978;0.8599;0.85984;0;T;True;2
1621270473000;11582099;0.85978;0.8599;0.85984;0;T;True;2
1621270474000;11582100;0.85978;0.8599;0.85984;0;T;True;2
1621270475000;11582102;0.85978;0.8599;0.85984;1;T;True;2
1621270476000;11582103;0.85978;0.8599;0.85984;0;T;True;2
1621270477000;11582104;0.85978;0.8599;0.85984;0;T;True;2
1621270478000;11582105;0.85978;0.8599;0.85984;0;T;True;2
1621270479000;11582106;0.85978;0.8599;0.85984;0;T;True;2
1621270480000;11582107;0.85978;0.8599;0.85984;0;T;True;2
1621270481000;11582108;0.85978;0.8599;0.85984;0;T;True;2
1621270482000;11582109;0.85978;0.8599;0.85984;0;T;True;2
1621270483000;11582110;0.85978;0.8599;0.85984;0;T;True;2
1621270484000;11582111;0.85978;0.8599;0.85984;0;T;True;2
1621270485000;11582113;0.85977;0.85989;0.85983;1;T;True;2
1621270486000;11582115;0.85977;0.85989;0.85983;1;T;True;2
1621270487000;11582116;0.85977;0.85989;0.85983;0;T;True;2
1621270488000;11582117;0.85977;0.85989;0.85983;0;T;True;2
1621270489000;11582118;0.85977;0.85989;0.85983;0;T;True;2
1621270490000;11582120;0.85977;0.85989;0.85983;1;T;True;2
1621270491000;11582122;0.85977;0.85989;0.85983;1;T;True;2
1621270492000;11582123;0.85977;0.85989;0.85983;0;T;True;2
1621270493000;11582125;0.85977;0.85989;0.85983;1;T;True;2
1621270494000;11582126;0.85977;0.85989;0.85983;0;T;True;2
1621270495000;11582127;0.85977;0.85989;0.85983;0;T;True;2
1621270496000;11582128;0.85977;0.85989;0.85983;0;T;True;2
1621270497000;11582129;0.85977;0.85989;0.85983;0;T;True;2
1621270498000;11582130;0.85977;0.85989;0.85983;0;T;True;2
1621270499000;11582131;0.85977;0.85989;0.85983;0;T;True;2
1621270500000;11582132;0.85977;0.85989;0.85983;0;T;True;2
1621270501000;11582133;0.85977;0.85989;0.85983;0;T;True;2
1621270502000;11582134;0.85977;0.85989;0.85983;0;T;True;2
1621270503000;11582136;0.85977;0.85989;0.85983;1;T;True;2
1621270504000;11582138;0.85977;0.85989;0.85983;1;T;True;2
1621270505000;11582139;0.85977;0.85989;0.85983;0;T;True;2
1621270506000;11582142;0.85977;0.85989;0.85983;2;T;True;2
1621270507000;11582143;0.85977;0.85989;0.85983;0;T;True;2
1621270508000;11582144;0.85977;0.85989;0.85983;0;T;True;2
1621270509000;11582145;0.85977;0.85989;0.85983;0;T;True;2
1621270510000;11582146;0.85977;0.85989;0.85983;0;T;True;2
1621270511000;11582147;0.85977;0.85989;0.85983;0;T;True;2
1621270512000;11582148;0.85977;0.85989;0.85983;0;T;True;2
1621270513000;11582149;0.85977;0.85989;0.85983;0;T;True;2
1621270514000;11582150;0.85977;0.85989;0.85983;0;T;True;2
1621270515000;11582151;0.85977;0.85989;0.85983;0;T;True;2
1621270516000;11582154;0.85975;0.85987;0.85981;2;T;True;2
1621270517000;11582155;0.85975;0.85987;0.85981;0;T;True;2
1621270518000;11582156;0.85975;0.85987;0.85981;0;T;True;2
1621270519000;11582157;0.85975;0.85987;0.85981;0;T;True;2
1621270520000;11582162;0.85975;0.85987;0.85981;4;T;True;2
1621270521000;11582164;0.85973;0.85985;0.85979;1;T;True;2
1621270522000;11582165;0.85973;0.85985;0.85979;0;T;True;2
1621270523000;11582166;0.85973;0.85985;0.85979;0;T;True;2
1621270524000;11582167;0.85973;0.85985;0.85979;0;T;True;2
1621270525000;11582170;0.85973;0.85985;0.85979;2;T;True;2
1621270526000;11582172;0.85972;0.85984;0.85978;1;T;True;2
1621270527000;11582177;0.85971;0.85983;0.85977;4;T;True;2
1621270528000;11582179;0.85969;0.85981;0.85975;1;T;True;2
1621270529000;11582180;0.85969;0.85981;0.85975;0;T;True;2
1621270530000;11582181;0.85969;0.85981;0.85975;0;T;True;2
1621270531000;11582182;0.85969;0.85981;0.85975;0;T;True;2
1621270532000;11582183;0.85969;0.85981;0.85975;0;T;True;2
1621270533000;11582186;0.85967;0.85979;0.85973;2;T;True;2
1621270534000;11582187;0.85967;0.85979;0.85973;0;T;True;2
1621270535000;11582188;0.85967;0.85979;0.85973;0;T;True;2
1621270536000;11582190;0.85967;0.85979;0.85973;1;T;True;2
1621270537000;11582191;0.85967;0.85979;0.85973;0;T;True;2
1621270538000;11582195;0.85969;0.85981;0.85975;3;T;True;2
1621270539000;11582197;0.8597;0.85982;0.85976;1;T;True;2
1621270540000;11582198;0.8597;0.85982;0.85976;0;T;True;2
1621270541000;11582199;0.8597;0.85982;0.85976;0;T;True;2
1621270542000;11582200;0.8597;0.85982;0.85976;0;T;True;2
1621270543000;11582201;0.8597;0.85982;0.85976;0;T;True;2
1621270544000;11582202;0.8597;0.85982;0.85976;0;T;True;2
1621270545000;11582206;0.85968;0.8598;0.85974;3;T;True;2
1621270546000;11582209;0.85968;0.8598;0.85974;2;T;True;2
1621270547000;11582212;0.85969;0.85981;0.85975;2;T;True;2
1621270548000;11582214;0.85968;0.8598;0.85974;1;T;True;2
1621270549000;11582215;0.85968;0.8598;0.85974;0;T;True;2
1621270550000;11582216;0.85968;0.8598;0.85974;0;T;True;2
1621270551000;11582218;0.85967;0.85979;0.85973;1;T;True;2
1621270552000;11582221;0.85968;0.8598;0.85974;2;T;True;2
1621270553000;11582222;0.85968;0.8598;0.85974;0;T;True;2
1621270554000;11582223;0.85968;0.8598;0.85974;0;T;True;2
1621270555000;11582225;0.85967;0.85979;0.85973;1;T;True;2
1621270556000;11582229;0.8597;0.85982;0.85976;3;T;True;2
1621270557000;11582233;0.85969;0.85981;0.85975;3;T;True;2
1621270558000;11582234;0.85969;0.85981;0.85975;0;T;True;2
1621270559000;11582236;0.85969;0.85981;0.85975;1;T;True;2
1621270560000;11582237;0.85969;0.85981;0.85975;0;T;True;2
1621270561000;11582238;0.85969;0.85981;0.85975;0;T;True;2
1621270562000;11582239;0.85969;0.85981;0.85975;0;T;True;2
1621270563000;11582240;0.85969;0.85981;0.85975;0;T;True;2
1621270564000;11582241;0.85969;0.85981;0.85975;0;T;True;2
1621270565000;11582242;0.85969;0.85981;0.85975;0;T;True;2
1621270566000;11582245;0.85969;0.85981;0.85975;2;T;True;2
1621270567000;11582246;0.85969;0.85981;0.85975;0;T;True;2
1621270568000;11582247;0.85969;0.85981;0.85975;0;T;True;2
1621270569000;11582248;0.85969;0.85981;0.85975;0;T;True;2
1621270570000;11582249;0.85969;0.85981;0.85975;0;T;True;2
1621270571000;11582251;0.85969;0.85981;0.85975;1;T;True;2
1621270572000;11582252;0.85969;0.85981;0.85975;0;T;True;2
1621270573000;11582253;0.85969;0.85981;0.85975;0;T;True;2
1621270574000;11582254;0.85969;0.85981;0.85975;0;T;True;2
1621270575000;11582255;0.85969;0.85981;0.85975;0;T;True;2
1621270576000;11582256;0.85969;0.85981;0.85975;0;T;True;2
1621270577000;11582258;0.85969;0.85981;0.85975;1;T;True;2
1621270578000;11582259;0.85969;0.85981;0.85975;0;T;True;2
1621270579000;11582261;0.85969;0.85981;0.85975;1;T;True;2
1621270580000;11582262;0.85969;0.85981;0.85975;0;T;True;2
1621270581000;11582263;0.85969;0.85981;0.85975;0;T;True;2
1621270582000;11582264;0.85969;0.85981;0.85975;0;T;True;2
1621270583000;11582266;0.85969;0.85981;0.85975;1;T;True;2
1621270584000;11582268;0.85969;0.85981;0.85975;1;T;True;2
1621270585000;11582269;0.85969;0.85981;0.85975;0;T;True;2
1621270586000;11582270;0.85969;0.85981;0.85975;0;T;True;2
1621270587000;11582271;0.85969;0.85981;0.85975;0;T;True;2
1621270588000;11582272;0.85969;0.85981;0.85975;0;T;True;2
1621270589000;11582273;0.85969;0.85981;0.85975;0;T;True;2
1621270590000;11582274;0.85969;0.85981;0.85975;0;T;True;2
1621270591000;11582276;0.85969;0.85981;0.85975;1;T;True;2
1621270592000;11582277;0.85969;0.85981;0.85975;0;T;True;2
1621270593000;11582278;0.85969;0.85981;0.85975;0;T;True;2
1621270594000;11582279;0.85969;0.85981;0.85975;0;T;True;2
1621270595000;11582280;0.85969;0.85981;0.85975;0;T;True;2
1621270596000;11582281;0.85969;0.85981;0.85975;0;T;True;2
1621270597000;11582282;0.85969;0.85981;0.85975;0;T;True;2
1621270598000;11582283;0.85969;0.85981;0.85975;0;T;True;2
1621270599000;11582284;0.85969;0.85981;0.85975;0;T;True;2
1621270600000;11582286;0.85969;0.85981;0.85975;1;T;True;2
1621270601000;11582287;0.85969;0.85981;0.85975;0;T;True;2
1621270602000;11582288;0.85969;0.85981;0.85975;0;T;True;2
1621270603000;11582289;0.85969;0.85981;0.85975;0;T;True;2
1621270604000;11582290;0.85969;0.85981;0.85975;0;T;True;2
1621270605000;11582291;0.85969;0.85981;0.85975;0;T;True;2
1621270606000;11582292;0.85969;0.85981;0.85975;0;T;True;2
1621270607000;11582293;0.85969;0.85981;0.85975;0;T;True;2
1621270608000;11582296;0.85969;0.85981;0.85975;2;T;True;2
1621270609000;11582297;0.85969;0.85981;0.85975;0;T;True;2
1621270610000;11582298;0.85969;0.85981;0.85975;0;T;True;2
1621270611000;11582301;0.85968;0.8598;0.85974;2;T;True;2
1621270612000;11582302;0.85968;0.8598;0.85974;0;T;True;2
1621270613000;11582303;0.85968;0.8598;0.85974;0;T;True;2
1621270614000;11582304;0.85968;0.8598;0.85974;0;T;True;2
1621270615000;11582305;0.85968;0.8598;0.85974;0;T;True;2
1621270616000;11582306;0.85968;0.8598;0.85974;0;T;True;2
1621270617000;11582307;0.85968;0.8598;0.85974;0;T;True;2
1621270618000;11582308;0.85968;0.8598;0.85974;0;T;True;2
1621270619000;11582309;0.85968;0.8598;0.85974;0;T;True;2
1621270620000;11582311;0.85969;0.85981;0.85975;1;T;True;2
1621270621000;11582312;0.85969;0.85981;0.85975;0;T;True;2
1621270622000;11582314;0.85969;0.85981;0.85975;1;T;True;2
1621270623000;11582315;0.85969;0.85981;0.85975;0;T;True;2
1621270624000;11582316;0.85969;0.85981;0.85975;0;T;True;2
1621270625000;11582317;0.85969;0.85981;0.85975;0;T;True;2
1621270626000;11582318;0.85969;0.85981;0.85975;0;T;True;2
1621270627000;11582319;0.85969;0.85981;0.85975;0;T;True;2
1621270628000;11582320;0.85969;0.85981;0.85975;0;T;True;2
1621270629000;11582321;0.85969;0.85981;0.85975;0;T;True;2
1621270630000;11582322;0.85969;0.85981;0.85975;0;T;True;2
1621270631000;11582324;0.85968;0.8598;0.85974;1;T;True;2
1621270632000;11582325;0.85968;0.8598;0.85974;0;T;True;2
1621270633000;11582326;0.85968;0.8598;0.85974;0;T;True;2
1621270634000;11582330;0.8597;0.85982;0.85976;3;T;True;2
1621270635000;11582332;0.85969;0.85981;0.85975;1;T;True;2
1621270636000;11582333;0.85969;0.85981;0.85975;0;T;True;2
1621270637000;11582336;0.8597;0.85982;0.85976;2;T;True;2
1621270638000;11582338;0.85971;0.85983;0.85977;1;T;True;2
1621270639000;11582339;0.85971;0.85983;0.85977;0;T;True;2
1621270640000;11582340;0.85971;0.85983;0.85977;0;T;True;2
1621270641000;11582342;0.8597;0.85982;0.85976;1;T;True;2
1621270642000;11582343;0.8597;0.85982;0.85976;0;T;True;2
1621270643000;11582344;0.8597;0.85982;0.85976;0;T;True;2
1621270644000;11582346;0.85969;0.85981;0.85975;1;T;True;2
1621270645000;11582347;0.85969;0.85981;0.85975;0;T;True;2
1621270646000;11582349;0.8597;0.85982;0.85976;1;T;True;2
1621270647000;11582350;0.8597;0.85982;0.85976;0;T;True;2
1621270648000;11582351;0.8597;0.85982;0.85976;0;T;True;2
1621270649000;11582352;0.8597;0.85982;0.85976;0;T;True;2
1621270650000;11582353;0.8597;0.85982;0.85976;0;T;True;2
1621270651000;11582356;0.85971;0.85983;0.85977;2;T;True;2
1621270652000;11582359;0.85973;0.85985;0.85979;2;T;True;2
1621270653000;11582360;0.85973;0.85985;0.85979;0;T;True;2
1621270654000;11582361;0.85973;0.85985;0.85979;0;T;True;2
1621270655000;11582362;0.85973;0.85985;0.85979;0;T;True;2
1621270656000;11582363;0.85973;0.85985;0.85979;0;T;True;2
1621270657000;11582364;0.85973;0.85985;0.85979;0;T;True;2
1621270658000;11582365;0.85973;0.85985;0.85979;0;T;True;2
1621270659000;11582366;0.85973;0.85985;0.85979;0;T;True;2
1621270660000;11582370;0.85972;0.85984;0.85978;3;T;True;2
1621270661000;11582371;0.85972;0.85984;0.85978;0;T;True;2
1621270662000;11582374;0.85973;0.85985;0.85979;2;T;True;2
1621270663000;11582375;0.85973;0.85985;0.85979;0;T;True;2
1621270664000;11582376;0.85973;0.85985;0.85979;0;T;True;2
1621270665000;11582377;0.85973;0.85985;0.85979;0;T;True;2
1621270666000;11582378;0.85973;0.85985;0.85979;0;T;True;2
1621270667000;11582381;0.85973;0.85985;0.85979;2;T;True;2
1621270668000;11582384;0.85973;0.85985;0.85979;2;T;True;2
1621270669000;11582385;0.85973;0.85985;0.85979;0;T;True;2
1621270670000;11582388;0.85976;0.85988;0.85982;2;T;True;2
1621270671000;11582389;0.85976;0.85988;0.85982;0;T;True;2
1621270672000;11582390;0.85976;0.85988;0.85982;0;T;True;2
1621270673000;11582391;0.85976;0.85988;0.85982;0;T;True;2
1621270674000;11582395;0.85979;0.85991;0.85985;3;T;True;2
1621270675000;11582398;0.85981;0.85993;0.85987;2;T;True;2
1621270676000;11582399;0.85981;0.85993;0.85987;0;T;True;2
1621270677000;11582403;0.85977;0.85989;0.85983;3;T;True;2
1621270678000;11582404;0.85977;0.85989;0.85983;0;T;True;2
1621270679000;11582405;0.85977;0.85989;0.85983;0;T;True;2
1621270680000;11582407;0.85977;0.85989;0.85983;1;T;True;2
1621270681000;11582408;0.85977;0.85989;0.85983;0;T;True;2
1621270682000;11582409;0.85977;0.85989;0.85983;0;T;True;2
1621270683000;11582410;0.85977;0.85989;0.85983;0;T;True;2
1621270684000;11582412;0.85976;0.85988;0.85982;1;T;True;2
1621270685000;11582413;0.85976;0.85988;0.85982;0;T;True;2
1621270686000;11582414;0.85976;0.85988;0.85982;0;T;True;2
1621270687000;11582415;0.85976;0.85988;0.85982;0;T;True;2
1621270688000;11582416;0.85976;0.85988;0.85982;0;T;True;2
1621270689000;11582417;0.85976;0.85988;0.85982;0;T;True;2
1621270690000;11582418;0.85976;0.85988;0.85982;0;T;True;2
1621270691000;11582419;0.85976;0.85988;0.85982;0;T;True;2
1621270692000;11582420;0.85976;0.85988;0.85982;0;T;True;2
1621270693000;11582421;0.85976;0.85988;0.85982;0;T;True;2
1621270694000;11582422;0.85976;0.85988;0.85982;0;T;True;2
1621270695000;11582423;0.85976;0.85988;0.85982;0;T;True;2
1621270696000;11582424;0.85976;0.85988;0.85982;0;T;True;2
1621270697000;11582425;0.85976;0.85988;0.85982;0;T;True;2
1621270698000;11582426;0.85976;0.85988;0.85982;0;T;True;2
1621270699000;11582429;0.85976;0.85988;0.85982;2;T;True;2
1621270700000;11582430;0.85976;0.85988;0.85982;0;T;True;2
1621270701000;11582431;0.85976;0.85988;0.85982;0;T;True;2
1621270702000;11582432;0.85976;0.85988;0.85982;0;T;True;2
1621270703000;11582433;0.85976;0.85988;0.85982;0;T;True;2
1621270704000;11582434;0.85976;0.85988;0.85982;0;T;True;2
1621270705000;11582435;0.85976;0.85988;0.85982;0;T;True;2
1621270706000;11582436;0.85976;0.85988;0.85982;0;T;True;2
1621270707000;11582437;0.85976;0.85988;0.85982;0;T;True;2
1621270708000;11582438;0.85976;0.85988;0.85982;0;T;True;2
1621270709000;11582441;0.85976;0.85988;0.85982;2;T;True;2
1621270710000;11582442;0.85976;0.85988;0.85982;0;T;True;2
1621270711000;11582443;0.85976;0.85988;0.85982;0;T;True;2
1621270712000;11582444;0.85976;0.85988;0.85982;0;T;True;2
1621270713000;11582445;0.85976;0.85988;0.85982;0;T;True;2
1621270714000;11582446;0.85976;0.85988;0.85982;0;T;True;2
1621270715000;11582449;0.85975;0.85987;0.85981;2;T;True;2
1621270716000;11582450;0.85975;0.85987;0.85981;0;T;True;2
1621270717000;11582451;0.85975;0.85987;0.85981;0;T;True;2
1621270718000;11582452;0.85975;0.85987;0.85981;0;T;True;2
1621270719000;11582453;0.85975;0.85987;0.85981;0;T;True;2
1621270720000;11582454;0.85975;0.85987;0.85981;0;T;True;2
1621270721000;11582456;0.85975;0.85987;0.85981;1;T;True;2
1621270722000;11582459;0.85976;0.85988;0.85982;2;T;True;2
1621270723000;11582460;0.85976;0.85988;0.85982;0;T;True;2
1621270724000;11582462;0.85977;0.85989;0.85983;1;T;True;2
1621270725000;11582463;0.85977;0.85989;0.85983;0;T;True;2
1621270726000;11582464;0.85977;0.85989;0.85983;0;T;True;2
1621270727000;11582465;0.85977;0.85989;0.85983;0;T;True;2
1621270728000;11582466;0.85977;0.85989;0.85983;0;T;True;2
1621270729000;11582467;0.85977;0.85989;0.85983;0;T;True;2
1621270730000;11582468;0.85977;0.85989;0.85983;0;T;True;2
1621270731000;11582469;0.85977;0.85989;0.85983;0;T;True;2
1621270732000;11582472;0.85977;0.85989;0.85983;2;T;True;2
1621270733000;11582473;0.85977;0.85989;0.85983;0;T;True;2
1621270734000;11582474;0.85977;0.85989;0.85983;0;T;True;2
1621270735000;11582475;0.85977;0.85989;0.85983;0;T;True;2
1621270736000;11582476;0.85977;0.85989;0.85983;0;T;True;2
1621270737000;11582477;0.85977;0.85989;0.85983;0;T;True;2
1621270738000;11582478;0.85977;0.85989;0.85983;0;T;True;2
1621270739000;11582479;0.85977;0.85989;0.85983;0;T;True;2
1621270740000;11582480;0.85977;0.85989;0.85983;0;T;True;2
1621270741000;11582481;0.85977;0.85989;0.85983;0;T;True;2
1621270742000;11582482;0.85977;0.85989;0.85983;0;T;True;2
1621270743000;11582484;0.85977;0.85989;0.85983;1;T;True;2
1621270744000;11582485;0.85977;0.85989;0.85983;0;T;True;2
1621270745000;11582486;0.85977;0.85989;0.85983;0;T;True;2
1621270746000;11582487;0.85977;0.85989;0.85983;0;T;True;2
1621270747000;11582488;0.85977;0.85989;0.85983;0;T;True;2
1621270748000;11582489;0.85977;0.85989;0.85983;0;T;True;2
1621270749000;11582490;0.85977;0.85989;0.85983;0;T;True;2
1621270750000;11582499;0.85965;0.85977;0.85971;8;T;True;2
1621270751000;11582503;0.85969;0.85981;0.85975;3;T;True;2
1621270752000;11582504;0.85969;0.85981;0.85975;0;T;True;2
1621270753000;11582505;0.85969;0.85981;0.85975;0;T;True;2
1621270754000;11582507;0.85969;0.85981;0.85975;1;T;True;2
1621270755000;11582508;0.85969;0.85981;0.85975;0;T;True;2
1621270756000;11582509;0.85969;0.85981;0.85975;0;T;True;2
1621270757000;11582511;0.85967;0.85979;0.85973;1;T;True;2
1621270758000;11582512;0.85967;0.85979;0.85973;0;T;True;2
1621270759000;11582513;0.85967;0.85979;0.85973;0;T;True;2
1621270760000;11582514;0.85967;0.85979;0.85973;0;T;True;2
1621270761000;11582522;0.85961;0.85973;0.85967;7;T;True;2
1621270762000;11582524;0.85961;0.85973;0.85967;1;T;True;2
1621270763000;11582525;0.85961;0.85973;0.85967;0;T;True;2
1621270764000;11582527;0.85962;0.85974;0.85968;1;T;True;2
1621270765000;11582531;0.85962;0.85974;0.85968;3;T;True;2
1621270766000;11582534;0.85964;0.85976;0.8597;2;T;True;2
1621270767000;11582535;0.85964;0.85976;0.8597;0;T;True;2
1621270768000;11582537;0.85965;0.85977;0.85971;1;T;True;2
1621270769000;11582538;0.85965;0.85977;0.85971;0;T;True;2
1621270770000;11582539;0.85965;0.85977;0.85971;0;T;True;2
1621270771000;11582540;0.85965;0.85977;0.85971;0;T;True;2
1621270772000;11582541;0.85965;0.85977;0.85971;0;T;True;2
1621270773000;11582543;0.85965;0.85977;0.85971;1;T;True;2
1621270774000;11582544;0.85965;0.85977;0.85971;0;T;True;2
1621270775000;11582551;0.85967;0.85979;0.85973;6;T;True;2
1621270776000;11582552;0.85967;0.85979;0.85973;0;T;True;2
1621270777000;11582557;0.85968;0.8598;0.85974;4;T;True;2
1621270778000;11582558;0.85968;0.8598;0.85974;0;T;True;2
1621270779000;11582559;0.85968;0.8598;0.85974;0;T;True;2
1621270780000;11582561;0.85968;0.8598;0.85974;1;T;True;2
1621270781000;11582565;0.85969;0.85981;0.85975;3;T;True;2
1621270782000;11582566;0.85969;0.85981;0.85975;0;T;True;2
1621270783000;11582567;0.85969;0.85981;0.85975;0;T;True;2
1621270784000;11582568;0.85969;0.85981;0.85975;0;T;True;2
1621270785000;11582571;0.85967;0.85979;0.85973;2;T;True;2
1621270786000;11582574;0.85967;0.85979;0.85973;2;T;True;2
1621270787000;11582575;0.85967;0.85979;0.85973;0;T;True;2
1621270788000;11582576;0.85967;0.85979;0.85973;0;T;True;2
1621270789000;11582577;0.85967;0.85979;0.85973;0;T;True;2
1621270790000;11582578;0.85967;0.85979;0.85973;0;T;True;2
1621270791000;11582579;0.85967;0.85979;0.85973;0;T;True;2
1621270792000;11582583;0.85969;0.85981;0.85975;3;T;True;2
1621270793000;11582584;0.85969;0.85981;0.85975;0;T;True;2
1621270794000;11582585;0.85969;0.85981;0.85975;0;T;True;2
1621270795000;11582586;0.85969;0.85981;0.85975;0;T;True;2
1621270796000;11582587;0.85969;0.85981;0.85975;0;T;True;2
1621270797000;11582588;0.85969;0.85981;0.85975;0;T;True;2
1621270798000;11582589;0.85969;0.85981;0.85975;0;T;True;2
1621270799000;11582590;0.85969;0.85981;0.85975;0;T;True;2
1621270800000;11582591;0.85969;0.85981;0.85975;0;T;True;2
1621270801000;11582592;0.85969;0.85981;0.85975;0;T;True;2
1621270802000;11582593;0.85969;0.85981;0.85975;0;T;True;2
1621270803000;11582594;0.85969;0.85981;0.85975;0;T;True;2
1621270804000;11582595;0.85969;0.85981;0.85975;0;T;True;2
1621270805000;11582596;0.85969;0.85981;0.85975;0;T;True;2
1621270806000;11582599;0.85969;0.85981;0.85975;2;T;True;2
1621270807000;11582600;0.85969;0.85981;0.85975;0;T;True;2
1621270808000;11582602;0.85969;0.85981;0.85975;1;T;True;2
1621270809000;11582603;0.85969;0.85981;0.85975;0;T;True;2
1621270810000;11582606;0.8597;0.85982;0.85976;2;T;True;2
1621270811000;11582607;0.8597;0.85982;0.85976;0;T;True;2
1621270812000;11582608;0.8597;0.85982;0.85976;0;T;True;2
1621270813000;11582609;0.8597;0.85982;0.85976;0;T;True;2
1621270814000;11582611;0.85972;0.85984;0.85978;1;T;True;2
1621270815000;11582612;0.85972;0.85984;0.85978;0;T;True;2
1621270816000;11582613;0.85972;0.85984;0.85978;0;T;True;2
1621270817000;11582614;0.85972;0.85984;0.85978;0;T;True;2
1621270818000;11582615;0.85972;0.85984;0.85978;0;T;True;2
1621270819000;11582617;0.85971;0.85983;0.85977;1;T;True;2
1621270820000;11582618;0.85971;0.85983;0.85977;0;T;True;2
1621270821000;11582619;0.85971;0.85983;0.85977;0;T;True;2
1621270822000;11582620;0.85971;0.85983;0.85977;0;T;True;2
1621270823000;11582621;0.85971;0.85983;0.85977;0;T;True;2
1621270824000;11582622;0.85971;0.85983;0.85977;0;T;True;2
1621270825000;11582623;0.85971;0.85983;0.85977;0;T;True;2
1621270826000;11582624;0.85971;0.85983;0.85977;0;T;True;2
1621270827000;11582625;0.85971;0.85983;0.85977;0;T;True;2
1621270828000;11582626;0.85971;0.85983;0.85977;0;T;True;2
1621270829000;11582627;0.85971;0.85983;0.85977;0;T;True;2
1621270830000;11582629;0.85971;0.85983;0.85977;1;T;True;2
1621270831000;11582630;0.85971;0.85983;0.85977;0;T;True;2
1621270832000;11582632;0.85971;0.85983;0.85977;1;T;True;2
1621270833000;11582633;0.85971;0.85983;0.85977;0;T;True;2
1621270834000;11582634;0.85971;0.85983;0.85977;0;T;True;2
1621270835000;11582636;0.8597;0.85982;0.85976;1;T;True;2
1621270836000;11582637;0.8597;0.85982;0.85976;0;T;True;2
1621270837000;11582641;0.85967;0.85979;0.85973;3;T;True;2
1621270838000;11582644;0.85965;0.85977;0.85971;2;T;True;2
1621270839000;11582645;0.85965;0.85977;0.85971;0;T;True;2
1621270840000;11582646;0.85965;0.85977;0.85971;0;T;True;2
1621270841000;11582648;0.85964;0.85976;0.8597;1;T;True;2
1621270842000;11582650;0.85963;0.85975;0.85969;1;T;True;2
1621270843000;11582651;0.85963;0.85975;0.85969;0;T;True;2
1621270844000;11582652;0.85963;0.85975;0.85969;0;T;True;2
1621270845000;11582653;0.85963;0.85975;0.85969;0;T;True;2
1621270846000;11582654;0.85963;0.85975;0.85969;0;T;True;2
1621270847000;11582656;0.85962;0.85974;0.85968;1;T;True;2
1621270848000;11582657;0.85962;0.85974;0.85968;0;T;True;2
1621270849000;11582661;0.85959;0.85971;0.85965;3;T;True;2
1621270850000;11582662;0.85959;0.85971;0.85965;0;T;True;2
1621270851000;11582663;0.85959;0.85971;0.85965;0;T;True;2
1621270852000;11582664;0.85959;0.85971;0.85965;0;T;True;2
1621270853000;11582665;0.85959;0.85971;0.85965;0;T;True;2
1621270854000;11582670;0.85953;0.85965;0.85959;4;T;True;2
1621270855000;11582673;0.85951;0.85963;0.85957;2;T;True;2
1621270856000;11582675;0.85951;0.85963;0.85957;1;T;True;2
1621270857000;11582676;0.85951;0.85963;0.85957;0;T;True;2
1621270858000;11582677;0.85951;0.85963;0.85957;0;T;True;2
1621270859000;11582679;0.85953;0.85965;0.85959;1;T;True;2
1621270860000;11582680;0.85953;0.85965;0.85959;0;T;True;2
1621270861000;11582681;0.85953;0.85965;0.85959;0;T;True;2
1621270862000;11582682;0.85953;0.85965;0.85959;0;T;True;2
1621270863000;11582683;0.85953;0.85965;0.85959;0;T;True;2
1621270864000;11582685;0.85954;0.85966;0.8596;1;T;True;2
1621270865000;11582686;0.85954;0.85966;0.8596;0;T;True;2
1621270866000;11582687;0.85954;0.85966;0.8596;0;T;True;2
1621270867000;11582688;0.85954;0.85966;0.8596;0;T;True;2
1621270868000;11582693;0.85957;0.85969;0.85963;4;T;True;2
1621270869000;11582695;0.85958;0.8597;0.85964;1;T;True;2
1621270870000;11582696;0.85958;0.8597;0.85964;0;T;True;2
1621270871000;11582697;0.85958;0.8597;0.85964;0;T;True;2
1621270872000;11582698;0.85958;0.8597;0.85964;0;T;True;2
1621270873000;11582699;0.85958;0.8597;0.85964;0;T;True;2
1621270874000;11582700;0.85958;0.8597;0.85964;0;T;True;2
1621270875000;11582704;0.85957;0.85969;0.85963;3;T;True;2
1621270876000;11582705;0.85957;0.85969;0.85963;0;T;True;2
1621270877000;11582706;0.85957;0.85969;0.85963;0;T;True;2
1621270878000;11582707;0.85957;0.85969;0.85963;0;T;True;2
1621270879000;11582711;0.85957;0.85969;0.85963;3;T;True;2
1621270880000;11582712;0.85957;0.85969;0.85963;0;T;True;2
1621270881000;11582713;0.85957;0.85969;0.85963;0;T;True;2
1621270882000;11582714;0.85957;0.85969;0.85963;0;T;True;2
1621270883000;11582715;0.85957;0.85969;0.85963;0;T;True;2
1621270884000;11582716;0.85957;0.85969;0.85963;0;T;True;2
1621270885000;11582717;0.85957;0.85969;0.85963;0;T;True;2
1621270886000;11582718;0.85957;0.85969;0.85963;0;T;True;2
1621270887000;11582719;0.85957;0.85969;0.85963;0;T;True;2
1621270888000;11582720;0.85957;0.85969;0.85963;0;T;True;2
1621270889000;11582721;0.85957;0.85969;0.85963;0;T;True;2
1621270890000;11582722;0.85957;0.85969;0.85963;0;T;True;2
1621270891000;11582726;0.85957;0.85969;0.85963;3;T;True;2
1621270892000;11582727;0.85957;0.85969;0.85963;0;T;True;2
1621270893000;11582729;0.85957;0.85969;0.85963;1;T;True;2
1621270894000;11582730;0.85957;0.85969;0.85963;0;T;True;2
1621270895000;11582731;0.85957;0.85969;0.85963;0;T;True;2
1621270896000;11582732;0.85957;0.85969;0.85963;0;T;True;2
1621270897000;11582734;0.85958;0.8597;0.85964;1;T;True;2
1621270898000;11582735;0.85958;0.8597;0.85964;0;T;True;2
1621270899000;11582736;0.85958;0.8597;0.85964;0;T;True;2
1621270900000;11582737;0.85958;0.8597;0.85964;0;T;True;2
1621270901000;11582738;0.85958;0.8597;0.85964;0;T;True;2
1621270902000;11582739;0.85958;0.8597;0.85964;0;T;True;2
1621270903000;11582740;0.85958;0.8597;0.85964;0;T;True;2
1621270904000;11582741;0.85958;0.8597;0.85964;0;T;True;2
1621270905000;11582742;0.85958;0.8597;0.85964;0;T;True;2
1621270906000;11582743;0.85958;0.8597;0.85964;0;T;True;2
1621270907000;11582746;0.85956;0.85968;0.85962;2;T;True;2
1621270908000;11582747;0.85956;0.85968;0.85962;0;T;True;2
1621270909000;11582748;0.85956;0.85968;0.85962;0;T;True;2
1621270910000;11582749;0.85956;0.85968;0.85962;0;T;True;2
1621270911000;11582751;0.85957;0.85969;0.85963;1;T;True;2
1621270912000;11582753;0.85957;0.85969;0.85963;1;T;True;2
1621270913000;11582755;0.85959;0.85971;0.85965;1;T;True;2
1621270914000;11582756;0.85959;0.85971;0.85965;0;T;True;2
1621270915000;11582757;0.85959;0.85971;0.85965;0;T;True;2
1621270916000;11582758;0.85959;0.85971;0.85965;0;T;True;2
1621270917000;11582759;0.85959;0.85971;0.85965;0;T;True;2
1621270918000;11582760;0.85959;0.85971;0.85965;0;T;True;2
1621270919000;11582761;0.85959;0.85971;0.85965;0;T;True;2
1621270920000;11582762;0.85959;0.85971;0.85965;0;T;True;2
1621270921000;11582764;0.85961;0.85973;0.85967;1;T;True;2
1621270922000;11582766;0.85962;0.85974;0.85968;1;T;True;2
1621270923000;11582767;0.85962;0.85974;0.85968;0;T;True;2
1621270924000;11582768;0.85962;0.85974;0.85968;0;T;True;2
1621270925000;11582771;0.85962;0.85974;0.85968;2;T;True;2
1621270926000;11582773;0.85961;0.85973;0.85967;1;T;True;2
1621270927000;11582774;0.85961;0.85973;0.85967;0;T;True;2
1621270928000;11582775;0.85961;0.85973;0.85967;0;T;True;2
1621270929000;11582776;0.85961;0.85973;0.85967;0;T;True;2
1621270930000;11582777;0.85961;0.85973;0.85967;0;T;True;2
1621270931000;11582779;0.85959;0.85971;0.85965;1;T;True;2
1621270932000;11582780;0.85959;0.85971;0.85965;0;T;True;2
1621270933000;11582781;0.85959;0.85971;0.85965;0;T;True;2
1621270934000;11582782;0.85959;0.85971;0.85965;0;T;True;2
1621270935000;11582783;0.85959;0.85971;0.85965;0;T;True;2
1621270936000;11582787;0.85957;0.85969;0.85963;3;T;True;2
1621270937000;11582788;0.85957;0.85969;0.85963;0;T;True;2
1621270938000;11582789;0.85957;0.85969;0.85963;0;T;True;2
1621270939000;11582790;0.85957;0.85969;0.85963;0;T;True;2
1621270940000;11582791;0.85957;0.85969;0.85963;0;T;True;2
1621270941000;11582792;0.85957;0.85969;0.85963;0;T;True;2
1621270942000;11582793;0.85957;0.85969;0.85963;0;T;True;2
1621270943000;11582794;0.85957;0.85969;0.85963;0;T;True;2
1621270944000;11582795;0.85957;0.85969;0.85963;0;T;True;2
1621270945000;11582796;0.85957;0.85969;0.85963;0;T;True;2
1621270946000;11582797;0.85957;0.85969;0.85963;0;T;True;2
1621270947000;11582798;0.85957;0.85969;0.85963;0;T;True;2
1621270948000;11582802;0.85956;0.85968;0.85962;3;T;True;2
1621270949000;11582804;0.85955;0.85967;0.85961;1;T;True;2
1621270950000;11582805;0.85955;0.85967;0.85961;0;T;True;2
1621270951000;11582806;0.85955;0.85967;0.85961;0;T;True;2
1621270952000;11582808;0.85955;0.85967;0.85961;1;T;True;2
1621270953000;11582809;0.85955;0.85967;0.85961;0;T;True;2
1621270954000;11582810;0.85955;0.85967;0.85961;0;T;True;2
1621270955000;11582811;0.85955;0.85967;0.85961;0;T;True;2
1621270956000;11582815;0.85953;0.85965;0.85959;3;T;True;2
1621270957000;11582820;0.85949;0.85961;0.85955;4;T;True;2
1621270958000;11582823;0.85953;0.85965;0.85959;2;T;True;2
1621270959000;11582825;0.85955;0.85967;0.85961;1;T;True;2
1621270960000;11582826;0.85955;0.85967;0.85961;0;T;True;2
1621270961000;11582827;0.85955;0.85967;0.85961;0;T;True;2
1621270962000;11582828;0.85955;0.85967;0.85961;0;T;True;2
1621270963000;11582829;0.85955;0.85967;0.85961;0;T;True;2
1621270964000;11582830;0.85955;0.85967;0.85961;0;T;True;2
1621270965000;11582831;0.85955;0.85967;0.85961;0;T;True;2
1621270966000;11582832;0.85955;0.85967;0.85961;0;T;True;2
1621270967000;11582833;0.85955;0.85967;0.85961;0;T;True;2
1621270968000;11582834;0.85955;0.85967;0.85961;0;T;True;2
1621270969000;11582835;0.85955;0.85967;0.85961;0;T;True;2
1621270970000;11582836;0.85955;0.85967;0.85961;0;T;True;2
1621270971000;11582837;0.85955;0.85967;0.85961;0;T;True;2
1621270972000;11582838;0.85955;0.85967;0.85961;0;T;True;2
1621270973000;11582839;0.85955;0.85967;0.85961;0;T;True;2
1621270974000;11582840;0.85955;0.85967;0.85961;0;T;True;2
1621270975000;11582841;0.85955;0.85967;0.85961;0;T;True;2
1621270976000;11582842;0.85955;0.85967;0.85961;0;T;True;2
1621270977000;11582843;0.85955;0.85967;0.85961;0;T;True;2
1621270978000;11582844;0.85955;0.85967;0.85961;0;T;True;2
1621270979000;11582846;0.85954;0.85966;0.8596;1;T;True;2
1621270980000;11582847;0.85954;0.85966;0.8596;0;T;True;2
1621270981000;11582848;0.85954;0.85966;0.8596;0;T;True;2
1621270982000;11582850;0.85954;0.85966;0.8596;1;T;True;2
1621270983000;11582851;0.85954;0.85966;0.8596;0;T;True;2
1621270984000;11582854;0.85954;0.85966;0.8596;2;T;True;2
1621270985000;11582855;0.85954;0.85966;0.8596;0;T;True;2
1621270986000;11582856;0.85954;0.85966;0.8596;0;T;True;2
1621270987000;11582857;0.85954;0.85966;0.8596;0;T;True;2
1621270988000;11582858;0.85954;0.85966;0.8596;0;T;True;2
1621270989000;11582859;0.85954;0.85966;0.8596;0;T;True;2
1621270990000;11582860;0.85954;0.85966;0.8596;0;T;True;2
1621270991000;11582862;0.85955;0.85967;0.85961;1;T;True;2
1621270992000;11582863;0.85955;0.85967;0.85961;0;T;True;2
1621270993000;11582865;0.85956;0.85968;0.85962;1;T;True;2
1621270994000;11582866;0.85956;0.85968;0.85962;0;T;True;2
1621270995000;11582867;0.85956;0.85968;0.85962;0;T;True;2
1621270996000;11582868;0.85956;0.85968;0.85962;0;T;True;2
1621270997000;11582869;0.85956;0.85968;0.85962;0;T;True;2
1621270998000;11582870;0.85956;0.85968;0.85962;0;T;True;2
1621270999000;11582871;0.85956;0.85968;0.85962;0;T;True;2
1621271000000;11582872;0.85956;0.85968;0.85962;0;T;True;2
1621271001000;11582876;0.85957;0.85969;0.85963;3;T;True;2
1621271002000;11582877;0.85957;0.85969;0.85963;0;T;True;2
1621271003000;11582878;0.85957;0.85969;0.85963;0;T;True;2
1621271004000;11582879;0.85957;0.85969;0.85963;0;T;True;2
1621271005000;11582880;0.85957;0.85969;0.85963;0;T;True;2
1621271006000;11582881;0.85957;0.85969;0.85963;0;T;True;2
1621271007000;11582882;0.85957;0.85969;0.85963;0;T;True;2
1621271008000;11582883;0.85957;0.85969;0.85963;0;T;True;2
1621271009000;11582884;0.85957;0.85969;0.85963;0;T;True;2
1621271010000;11582885;0.85957;0.85969;0.85963;0;T;True;2
1621271011000;11582887;0.85959;0.85971;0.85965;1;T;True;2
1621271012000;11582888;0.85959;0.85971;0.85965;0;T;True;2
1621271013000;11582889;0.85959;0.85971;0.85965;0;T;True;2
1621271014000;11582890;0.85959;0.85971;0.85965;0;T;True;2
1621271015000;11582891;0.85959;0.85971;0.85965;0;T;True;2
1621271016000;11582892;0.85959;0.85971;0.85965;0;T;True;2
1621271017000;11582893;0.85959;0.85971;0.85965;0;T;True;2
1621271018000;11582894;0.85959;0.85971;0.85965;0;T;True;2
1621271019000;11582895;0.85959;0.85971;0.85965;0;T;True;2
1621271020000;11582896;0.85959;0.85971;0.85965;0;T;True;2
1621271021000;11582897;0.85959;0.85971;0.85965;0;T;True;2
1621271022000;11582898;0.85959;0.85971;0.85965;0;T;True;2
1621271023000;11582903;0.85962;0.85974;0.85968;4;T;True;2
1621271024000;11582906;0.85961;0.85973;0.85967;2;T;True;2
1621271025000;11582910;0.85959;0.85971;0.85965;3;T;True;2
1621271026000;11582911;0.85959;0.85971;0.85965;0;T;True;2
1621271027000;11582912;0.85959;0.85971;0.85965;0;T;True;2
1621271028000;11582913;0.85959;0.85971;0.85965;0;T;True;2
1621271029000;11582917;0.85959;0.85971;0.85965;3;T;True;2
1621271030000;11582919;0.85959;0.85971;0.85965;1;T;True;2
1621271031000;11582920;0.85959;0.85971;0.85965;0;T;True;2
1621271032000;11582921;0.85959;0.85971;0.85965;0;T;True;2
1621271033000;11582922;0.85959;0.85971;0.85965;0;T;True;2
1621271034000;11582923;0.85959;0.85971;0.85965;0;T;True;2
1621271035000;11582924;0.85959;0.85971;0.85965;0;T;True;2
1621271036000;11582925;0.85959;0.85971;0.85965;0;T;True;2
1621271037000;11582926;0.85959;0.85971;0.85965;0;T;True;2
1621271038000;11582927;0.85959;0.85971;0.85965;0;T;True;2
1621271039000;11582930;0.85963;0.85975;0.85969;2;T;True;2
1621271040000;11582932;0.85963;0.85975;0.85969;1;T;True;2
1621271041000;11582935;0.85961;0.85973;0.85967;2;T;True;2
1621271042000;11582937;0.85961;0.85973;0.85967;1;T;True;2
1621271043000;11582938;0.85961;0.85973;0.85967;0;T;True;2
1621271044000;11582940;0.85959;0.85971;0.85965;1;T;True;2
1621271045000;11582941;0.85959;0.85971;0.85965;0;T;True;2
1621271046000;11582942;0.85959;0.85971;0.85965;0;T;True;2
1621271047000;11582943;0.85959;0.85971;0.85965;0;T;True;2
1621271048000;11582944;0.85959;0.85971;0.85965;0;T;True;2
1621271049000;11582945;0.85959;0.85971;0.85965;0;T;True;2
1621271050000;11582946;0.85959;0.85971;0.85965;0;T;True;2
1621271051000;11582947;0.85959;0.85971;0.85965;0;T;True;2
1621271052000;11582948;0.85959;0.85971;0.85965;0;T;True;2
1621271053000;11582953;0.85959;0.85971;0.85965;4;T;True;2
1621271054000;11582956;0.8596;0.85972;0.85966;2;T;True;2
1621271055000;11582957;0.8596;0.85972;0.85966;0;T;True;2
1621271056000;11582958;0.8596;0.85972;0.85966;0;T;True;2
1621271057000;11582959;0.8596;0.85972;0.85966;0;T;True;2
1621271058000;11582960;0.8596;0.85972;0.85966;0;T;True;2
1621271059000;11582961;0.8596;0.85972;0.85966;0;T;True;2
1621271060000;11582962;0.8596;0.85972;0.85966;0;T;True;2
1621271061000;11582963;0.8596;0.85972;0.85966;0;T;True;2
1621271062000;11582964;0.8596;0.85972;0.85966;0;T;True;2
1621271063000;11582965;0.8596;0.85972;0.85966;0;T;True;2
1621271064000;11582966;0.8596;0.85972;0.85966;0;T;True;2
1621271065000;11582967;0.8596;0.85972;0.85966;0;T;True;2
1621271066000;11582968;0.8596;0.85972;0.85966;0;T;True;2
1621271067000;11582969;0.8596;0.85972;0.85966;0;T;True;2
1621271068000;11582970;0.8596;0.85972;0.85966;0;T;True;2
1621271069000;11582971;0.8596;0.85972;0.85966;0;T;True;2
1621271070000;11582972;0.8596;0.85972;0.85966;0;T;True;2
1621271071000;11582973;0.8596;0.85972;0.85966;0;T;True;2
1621271072000;11582974;0.8596;0.85972;0.85966;0;T;True;2
1621271073000;11582975;0.8596;0.85972;0.85966;0;T;True;2
1621271074000;11582976;0.8596;0.85972;0.85966;0;T;True;2
1621271075000;11582977;0.8596;0.85972;0.85966;0;T;True;2
1621271076000;11582978;0.8596;0.85972;0.85966;0;T;True;2
1621271077000;11582979;0.8596;0.85972;0.85966;0;T;True;2
1621271078000;11582980;0.8596;0.85972;0.85966;0;T;True;2
1621271079000;11582981;0.8596;0.85972;0.85966;0;T;True;2
1621271080000;11582982;0.8596;0.85972;0.85966;0;T;True;2
1621271081000;11582984;0.85961;0.85973;0.85967;1;T;True;2
1621271082000;11582985;0.85961;0.85973;0.85967;0;T;True;2
1621271083000;11582986;0.85961;0.85973;0.85967;0;T;True;2
1621271084000;11582987;0.85961;0.85973;0.85967;0;T;True;2
1621271085000;11582988;0.85961;0.85973;0.85967;0;T;True;2
1621271086000;11582989;0.85961;0.85973;0.85967;0;T;True;2
1621271087000;11582990;0.85961;0.85973;0.85967;0;T;True;2
1621271088000;11582991;0.85961;0.85973;0.85967;0;T;True;2
1621271089000;11582992;0.85961;0.85973;0.85967;0;T;True;2
1621271090000;11582993;0.85961;0.85973;0.85967;0;T;True;2
1621271091000;11582994;0.85961;0.85973;0.85967;0;T;True;2
1621271092000;11582995;0.85961;0.85973;0.85967;0;T;True;2
1621271093000;11582996;0.85961;0.85973;0.85967;0;T;True;2
1621271094000;11582997;0.85961;0.85973;0.85967;0;T;True;2
1621271095000;11582998;0.85961;0.85973;0.85967;0;T;True;2
1621271096000;11582999;0.85961;0.85973;0.85967;0;T;True;2
1621271097000;11583000;0.85961;0.85973;0.85967;0;T;True;2
1621271098000;11583001;0.85961;0.85973;0.85967;0;T;True;2
1621271099000;11583002;0.85961;0.85973;0.85967;0;T;True;2
1621271100000;11583003;0.85961;0.85973;0.85967;0;T;True;2
1621271101000;11583004;0.85961;0.85973;0.85967;0;T;True;2
1621271102000;11583006;0.8596;0.85972;0.85966;1;T;True;2
1621271103000;11583007;0.8596;0.85972;0.85966;0;T;True;2
1621271104000;11583008;0.8596;0.85972;0.85966;0;T;True;2
1621271105000;11583009;0.8596;0.85972;0.85966;0;T;True;2
1621271106000;11583010;0.8596;0.85972;0.85966;0;T;True;2
1621271107000;11583011;0.8596;0.85972;0.85966;0;T;True;2
1621271108000;11583012;0.8596;0.85972;0.85966;0;T;True;2
1621271109000;11583013;0.8596;0.85972;0.85966;0;T;True;2
1621271110000;11583014;0.8596;0.85972;0.85966;0;T;True;2
1621271111000;11583015;0.8596;0.85972;0.85966;0;T;True;2
1621271112000;11583016;0.8596;0.85972;0.85966;0;T;True;2
1621271113000;11583017;0.8596;0.85972;0.85966;0;T;True;2
1621271114000;11583018;0.8596;0.85972;0.85966;0;T;True;2
1621271115000;11583019;0.8596;0.85972;0.85966;0;T;True;2
1621271116000;11583020;0.8596;0.85972;0.85966;0;T;True;2
1621271117000;11583021;0.8596;0.85972;0.85966;0;T;True;2
1621271118000;11583022;0.8596;0.85972;0.85966;0;T;True;2
1621271119000;11583023;0.8596;0.85972;0.85966;0;T;True;2
1621271120000;11583025;0.85959;0.85971;0.85965;1;T;True;2
1621271121000;11583026;0.85959;0.85971;0.85965;0;T;True;2
1621271122000;11583027;0.85959;0.85971;0.85965;0;T;True;2
1621271123000;11583028;0.85959;0.85971;0.85965;0;T;True;2
1621271124000;11583029;0.85959;0.85971;0.85965;0;T;True;2
1621271125000;11583030;0.85959;0.85971;0.85965;0;T;True;2
1621271126000;11583031;0.85959;0.85971;0.85965;0;T;True;2
1621271127000;11583032;0.85959;0.85971;0.85965;0;T;True;2
1621271128000;11583033;0.85959;0.85971;0.85965;0;T;True;2
1621271129000;11583034;0.85959;0.85971;0.85965;0;T;True;2
1621271130000;11583035;0.85959;0.85971;0.85965;0;T;True;2
1621271131000;11583036;0.85959;0.85971;0.85965;0;T;True;2
1621271132000;11583037;0.85959;0.85971;0.85965;0;T;True;2
1621271133000;11583039;0.85959;0.85971;0.85965;1;T;True;2
1621271134000;11583040;0.85959;0.85971;0.85965;0;T;True;2
1621271135000;11583041;0.85959;0.85971;0.85965;0;T;True;2
1621271136000;11583042;0.85959;0.85971;0.85965;0;T;True;2
1621271137000;11583043;0.85959;0.85971;0.85965;0;T;True;2
1621271138000;11583044;0.85959;0.85971;0.85965;0;T;True;2
1621271139000;11583045;0.85959;0.85971;0.85965;0;T;True;2
1621271140000;11583046;0.85959;0.85971;0.85965;0;T;True;2
1621271141000;11583047;0.85959;0.85971;0.85965;0;T;True;2
1621271142000;11583048;0.85959;0.85971;0.85965;0;T;True;2
1621271143000;11583049;0.85959;0.85971;0.85965;0;T;True;2
1621271144000;11583050;0.85959;0.85971;0.85965;0;T;True;2
1621271145000;11583051;0.85959;0.85971;0.85965;0;T;True;2
1621271146000;11583052;0.85959;0.85971;0.85965;0;T;True;2
1621271147000;11583053;0.85959;0.85971;0.85965;0;T;True;2
1621271148000;11583054;0.85959;0.85971;0.85965;0;T;True;2
1621271149000;11583055;0.85959;0.85971;0.85965;0;T;True;2
1621271150000;11583056;0.85959;0.85971;0.85965;0;T;True;2
1621271151000;11583057;0.85959;0.85971;0.85965;0;T;True;2
1621271152000;11583058;0.85959;0.85971;0.85965;0;T;True;2
1621271153000;11583059;0.85959;0.85971;0.85965;0;T;True;2
1621271154000;11583060;0.85959;0.85971;0.85965;0;T;True;2
1621271155000;11583061;0.85959;0.85971;0.85965;0;T;True;2
1621271156000;11583062;0.85959;0.85971;0.85965;0;T;True;2
1621271157000;11583063;0.85959;0.85971;0.85965;0;T;True;2
1621271158000;11583064;0.85959;0.85971;0.85965;0;T;True;2
1621271159000;11583066;0.85957;0.85969;0.85963;1;T;True;2
1621271160000;11583067;0.85957;0.85969;0.85963;0;T;True;2
1621271161000;11583068;0.85957;0.85969;0.85963;0;T;True;2
1621271162000;11583069;0.85957;0.85969;0.85963;0;T;True;2
1621271163000;11583070;0.85957;0.85969;0.85963;0;T;True;2
1621271164000;11583071;0.85957;0.85969;0.85963;0;T;True;2
1621271165000;11583072;0.85957;0.85969;0.85963;0;T;True;2
1621271166000;11583073;0.85957;0.85969;0.85963;0;T;True;2
1621271167000;11583074;0.85957;0.85969;0.85963;0;T;True;2
1621271168000;11583075;0.85957;0.85969;0.85963;0;T;True;2
1621271169000;11583076;0.85957;0.85969;0.85963;0;T;True;2
1621271170000;11583079;0.85959;0.85971;0.85965;2;T;True;2
1621271171000;11583080;0.85959;0.85971;0.85965;0;T;True;2
1621271172000;11583081;0.85959;0.85971;0.85965;0;T;True;2
1621271173000;11583082;0.85959;0.85971;0.85965;0;T;True;2
1621271174000;11583083;0.85959;0.85971;0.85965;0;T;True;2
1621271175000;11583084;0.85959;0.85971;0.85965;0;T;True;2
1621271176000;11583085;0.85959;0.85971;0.85965;0;T;True;2
1621271177000;11583086;0.85959;0.85971;0.85965;0;T;True;2
1621271178000;11583087;0.85959;0.85971;0.85965;0;T;True;2
1621271179000;11583088;0.85959;0.85971;0.85965;0;T;True;2
1621271180000;11583089;0.85959;0.85971;0.85965;0;T;True;2
1621271181000;11583090;0.85959;0.85971;0.85965;0;T;True;2
1621271182000;11583091;0.85959;0.85971;0.85965;0;T;True;2
1621271183000;11583092;0.85959;0.85971;0.85965;0;T;True;2
1621271184000;11583093;0.85959;0.85971;0.85965;0;T;True;2
1621271185000;11583094;0.85959;0.85971;0.85965;0;T;True;2
1621271186000;11583095;0.85959;0.85971;0.85965;0;T;True;2
1621271187000;11583096;0.85959;0.85971;0.85965;0;T;True;2
1621271188000;11583097;0.85959;0.85971;0.85965;0;T;True;2
1621271189000;11583098;0.85959;0.85971;0.85965;0;T;True;2
1621271190000;11583099;0.85959;0.85971;0.85965;0;T;True;2
1621271191000;11583100;0.85959;0.85971;0.85965;0;T;True;2
1621271192000;11583101;0.85959;0.85971;0.85965;0;T;True;2
1621271193000;11583102;0.85959;0.85971;0.85965;0;T;True;2
1621271194000;11583105;0.85959;0.85971;0.85965;2;T;True;2
1621271195000;11583106;0.85959;0.85971;0.85965;0;T;True;2
1621271196000;11583107;0.85959;0.85971;0.85965;0;T;True;2
1621271197000;11583108;0.85959;0.85971;0.85965;0;T;True;2
1621271198000;11583109;0.85959;0.85971;0.85965;0;T;True;2
1621271199000;11583110;0.85959;0.85971;0.85965;0;T;True;2
1621271200000;11583111;0.85959;0.85971;0.85965;0;T;True;2
1621271201000;11583112;0.85959;0.85971;0.85965;0;T;True;2
1621271202000;11583113;0.85959;0.85971;0.85965;0;T;True;2
1621271203000;11583114;0.85959;0.85971;0.85965;0;T;True;2
1621271204000;11583115;0.85959;0.85971;0.85965;0;T;True;2
1621271205000;11583117;0.8596;0.85972;0.85966;1;T;True;2
1621271206000;11583118;0.8596;0.85972;0.85966;0;T;True;2
1621271207000;11583119;0.8596;0.85972;0.85966;0;T;True;2
1621271208000;11583120;0.8596;0.85972;0.85966;0;T;True;2
1621271209000;11583121;0.8596;0.85972;0.85966;0;T;True;2
1621271210000;11583122;0.8596;0.85972;0.85966;0;T;True;2
1621271211000;11583124;0.85959;0.85971;0.85965;1;T;True;2
1621271212000;11583125;0.85959;0.85971;0.85965;0;T;True;2
1621271213000;11583126;0.85959;0.85971;0.85965;0;T;True;2
1621271214000;11583127;0.85959;0.85971;0.85965;0;T;True;2
1621271215000;11583128;0.85959;0.85971;0.85965;0;T;True;2
1621271216000;11583129;0.85959;0.85971;0.85965;0;T;True;2
1621271217000;11583130;0.85959;0.85971;0.85965;0;T;True;2
1621271218000;11583131;0.85959;0.85971;0.85965;0;T;True;2
1621271219000;11583132;0.85959;0.85971;0.85965;0;T;True;2
1621271220000;11583133;0.85959;0.85971;0.85965;0;T;True;2
1621271221000;11583134;0.85959;0.85971;0.85965;0;T;True;2
1621271222000;11583135;0.85959;0.85971;0.85965;0;T;True;2
1621271223000;11583136;0.85959;0.85971;0.85965;0;T;True;2
1621271224000;11583137;0.85959;0.85971;0.85965;0;T;True;2
1621271225000;11583138;0.85959;0.85971;0.85965;0;T;True;2
1621271226000;11583139;0.85959;0.85971;0.85965;0;T;True;2
1621271227000;11583140;0.85959;0.85971;0.85965;0;T;True;2
1621271228000;11583141;0.85959;0.85971;0.85965;0;T;True;2
1621271229000;11583142;0.85959;0.85971;0.85965;0;T;True;2
1621271230000;11583143;0.85959;0.85971;0.85965;0;T;True;2
1621271231000;11583144;0.85959;0.85971;0.85965;0;T;True;2
1621271232000;11583145;0.85959;0.85971;0.85965;0;T;True;2
1621271233000;11583148;0.85959;0.85971;0.85965;2;T;True;2
1621271234000;11583149;0.85959;0.85971;0.85965;0;T;True;2
1621271235000;11583150;0.85959;0.85971;0.85965;0;T;True;2
1621271236000;11583151;0.85959;0.85971;0.85965;0;T;True;2
1621271237000;11583152;0.85959;0.85971;0.85965;0;T;True;2
1621271238000;11583153;0.85959;0.85971;0.85965;0;T;True;2
1621271239000;11583154;0.85959;0.85971;0.85965;0;T;True;2
1621271240000;11583155;0.85959;0.85971;0.85965;0;T;True;2
1621271241000;11583156;0.85959;0.85971;0.85965;0;T;True;2
1621271242000;11583157;0.85959;0.85971;0.85965;0;T;True;2
1621271243000;11583158;0.85959;0.85971;0.85965;0;T;True;2
1621271244000;11583159;0.85959;0.85971;0.85965;0;T;True;2
1621271245000;11583160;0.85959;0.85971;0.85965;0;T;True;2
1621271246000;11583161;0.85959;0.85971;0.85965;0;T;True;2
1621271247000;11583162;0.85959;0.85971;0.85965;0;T;True;2
1621271248000;11583165;0.85962;0.85974;0.85968;2;T;True;2
1621271249000;11583166;0.85962;0.85974;0.85968;0;T;True;2
1621271250000;11583167;0.85962;0.85974;0.85968;0;T;True;2
1621271251000;11583168;0.85962;0.85974;0.85968;0;T;True;2
1621271252000;11583170;0.85963;0.85975;0.85969;1;T;True;2
1621271253000;11583171;0.85963;0.85975;0.85969;0;T;True;2
1621271254000;11583172;0.85963;0.85975;0.85969;0;T;True;2
1621271255000;11583173;0.85963;0.85975;0.85969;0;T;True;2
1621271256000;11583174;0.85963;0.85975;0.85969;0;T;True;2
1621271257000;11583175;0.85963;0.85975;0.85969;0;T;True;2
1621271258000;11583176;0.85963;0.85975;0.85969;0;T;True;2
1621271259000;11583177;0.85963;0.85975;0.85969;0;T;True;2
1621271260000;11583178;0.85963;0.85975;0.85969;0;T;True;2
1621271261000;11583179;0.85963;0.85975;0.85969;0;T;True;2
1621271262000;11583180;0.85963;0.85975;0.85969;0;T;True;2
1621271263000;11583181;0.85963;0.85975;0.85969;0;T;True;2
1621271264000;11583182;0.85963;0.85975;0.85969;0;T;True;2
1621271265000;11583183;0.85963;0.85975;0.85969;0;T;True;2
1621271266000;11583184;0.85963;0.85975;0.85969;0;T;True;2
1621271267000;11583185;0.85963;0.85975;0.85969;0;T;True;2
1621271268000;11583186;0.85963;0.85975;0.85969;0;T;True;2
1621271269000;11583187;0.85963;0.85975;0.85969;0;T;True;2
1621271270000;11583188;0.85963;0.85975;0.85969;0;T;True;2
1621271271000;11583189;0.85963;0.85975;0.85969;0;T;True;2
1621271272000;11583190;0.85963;0.85975;0.85969;0;T;True;2
1621271273000;11583191;0.85963;0.85975;0.85969;0;T;True;2
1621271274000;11583192;0.85963;0.85975;0.85969;0;T;True;2
1621271275000;11583193;0.85963;0.85975;0.85969;0;T;True;2
1621271276000;11583196;0.85961;0.85973;0.85967;2;T;True;2
1621271277000;11583197;0.85961;0.85973;0.85967;0;T;True;2
1621271278000;11583198;0.85961;0.85973;0.85967;0;T;True;2
1621271279000;11583199;0.85961;0.85973;0.85967;0;T;True;2
1621271280000;11583201;0.85962;0.85974;0.85968;1;T;True;2
1621271281000;11583202;0.85962;0.85974;0.85968;0;T;True;2
1621271282000;11583204;0.85961;0.85973;0.85967;1;T;True;2
1621271283000;11583205;0.85961;0.85973;0.85967;0;T;True;2
1621271284000;11583206;0.85961;0.85973;0.85967;0;T;True;2
1621271285000;11583207;0.85961;0.85973;0.85967;0;T;True;2
1621271286000;11583208;0.85961;0.85973;0.85967;0;T;True;2
1621271287000;11583209;0.85961;0.85973;0.85967;0;T;True;2
1621271288000;11583210;0.85961;0.85973;0.85967;0;T;True;2
1621271289000;11583211;0.85961;0.85973;0.85967;0;T;True;2
1621271290000;11583212;0.85961;0.85973;0.85967;0;T;True;2
1621271291000;11583213;0.85961;0.85973;0.85967;0;T;True;2
1621271292000;11583214;0.85961;0.85973;0.85967;0;T;True;2
1621271293000;11583215;0.85961;0.85973;0.85967;0;T;True;2
1621271294000;11583216;0.85961;0.85973;0.85967;0;T;True;2
1621271295000;11583217;0.85961;0.85973;0.85967;0;T;True;2
1621271296000;11583218;0.85961;0.85973;0.85967;0;T;True;2
1621271297000;11583221;0.85959;0.85971;0.85965;2;T;True;2
1621271298000;11583222;0.85959;0.85971;0.85965;0;T;True;2
1621271299000;11583223;0.85959;0.85971;0.85965;0;T;True;2
1621271300000;11583224;0.85959;0.85971;0.85965;0;T;True;2
1621271301000;11583225;0.85959;0.85971;0.85965;0;T;True;2
1621271302000;11583226;0.85959;0.85971;0.85965;0;T;True;2
1621271303000;11583227;0.85959;0.85971;0.85965;0;T;True;2
1621271304000;11583228;0.85959;0.85971;0.85965;0;T;True;2
1621271305000;11583229;0.85959;0.85971;0.85965;0;T;True;2
1621271306000;11583230;0.85959;0.85971;0.85965;0;T;True;2
1621271307000;11583233;0.85959;0.85971;0.85965;2;T;True;2
1621271308000;11583234;0.85959;0.85971;0.85965;0;T;True;2
1621271309000;11583236;0.85959;0.85971;0.85965;1;T;True;2
1621271310000;11583240;0.85958;0.8597;0.85964;3;T;True;2
1621271311000;11583241;0.85958;0.8597;0.85964;0;T;True;2
1621271312000;11583242;0.85958;0.8597;0.85964;0;T;True;2
1621271313000;11583243;0.85958;0.8597;0.85964;0;T;True;2
1621271314000;11583245;0.85959;0.85971;0.85965;1;T;True;2
1621271315000;11583246;0.85959;0.85971;0.85965;0;T;True;2
1621271316000;11583247;0.85959;0.85971;0.85965;0;T;True;2
1621271317000;11583248;0.85959;0.85971;0.85965;0;T;True;2
1621271318000;11583249;0.85959;0.85971;0.85965;0;T;True;2
1621271319000;11583250;0.85959;0.85971;0.85965;0;T;True;2
1621271320000;11583251;0.85959;0.85971;0.85965;0;T;True;2
1621271321000;11583252;0.85959;0.85971;0.85965;0;T;True;2
1621271322000;11583253;0.85959;0.85971;0.85965;0;T;True;2
1621271323000;11583254;0.85959;0.85971;0.85965;0;T;True;2
1621271324000;11583255;0.85959;0.85971;0.85965;0;T;True;2
1621271325000;11583256;0.85959;0.85971;0.85965;0;T;True;2
1621271326000;11583257;0.85959;0.85971;0.85965;0;T;True;2
1621271327000;11583259;0.85958;0.8597;0.85964;1;T;True;2
1621271328000;11583260;0.85958;0.8597;0.85964;0;T;True;2
1621271329000;11583261;0.85958;0.8597;0.85964;0;T;True;2
1621271330000;11583262;0.85958;0.8597;0.85964;0;T;True;2
1621271331000;11583263;0.85958;0.8597;0.85964;0;T;True;2
1621271332000;11583264;0.85958;0.8597;0.85964;0;T;True;2
1621271333000;11583266;0.85957;0.85969;0.85963;1;T;True;2
1621271334000;11583267;0.85957;0.85969;0.85963;0;T;True;2
1621271335000;11583268;0.85957;0.85969;0.85963;0;T;True;2
1621271336000;11583269;0.85957;0.85969;0.85963;0;T;True;2
1621271337000;11583270;0.85957;0.85969;0.85963;0;T;True;2
1621271338000;11583271;0.85957;0.85969;0.85963;0;T;True;2
1621271339000;11583272;0.85957;0.85969;0.85963;0;T;True;2
1621271340000;11583274;0.85958;0.8597;0.85964;1;T;True;2
1621271341000;11583275;0.85958;0.8597;0.85964;0;T;True;2
1621271342000;11583276;0.85958;0.8597;0.85964;0;T;True;2
1621271343000;11583278;0.85959;0.85971;0.85965;1;T;True;2
1621271344000;11583279;0.85959;0.85971;0.85965;0;T;True;2
1621271345000;11583280;0.85959;0.85971;0.85965;0;T;True;2
1621271346000;11583281;0.85959;0.85971;0.85965;0;T;True;2
1621271347000;11583282;0.85959;0.85971;0.85965;0;T;True;2
1621271348000;11583283;0.85959;0.85971;0.85965;0;T;True;2
1621271349000;11583284;0.85959;0.85971;0.85965;0;T;True;2
1621271350000;11583285;0.85959;0.85971;0.85965;0;T;True;2
1621271351000;11583286;0.85959;0.85971;0.85965;0;T;True;2
1621271352000;11583287;0.85959;0.85971;0.85965;0;T;True;2
1621271353000;11583288;0.85959;0.85971;0.85965;0;T;True;2
