ts;n;bid;ask;value;volume;phase;round;active_id
1621269622000;14228490;1.21547;1.21553;1.2155;1;T;True;1
1621269623000;14228491;1.21547;1.21553;1.2155;0;T;True;1
1621269624000;14228495;1.21548;1.21554;1.21551;3;T;True;1
1621269625000;14228497;1.21548;1.21554;1.21551;1;T;True;1
1621269626000;14228500;1.21548;1.21554;1.21551;2;T;True;1
1621269627000;14228501;1.21548;1.21554;1.21551;0;T;True;1
1621269628000;14228502;1.21548;1.21554;1.21551;0;T;True;1
1621269629000;14228506;1.21548;1.21554;1.21551;3;T;True;1
1621269630000;14228513;1.21552;1.21558;1.21555;6;T;True;1
1621269631000;14228516;1.21552;1.21558;1.21555;2;T;True;1
1621269632000;14228519;1.21552;1.21558;1.21555;2;T;True;1
1621269633000;14228521;1.21552;1.21558;1.21555;1;T;True;1
1621269634000;14228523;1.21552;1.21558;1.21555;1;T;True;1
1621269635000;14228524;1.21552;1.21558;1.21555;0;T;True;1
1621269636000;14228525;1.21552;1.21558;1.21555;0;T;True;1
1621269637000;14228527;1.21552;1.21558;1.21555;1;T;True;1
1621269638000;14228532;1.21552;1.21558;1.21555;4;T;True;1
1621269639000;14228534;1.21552;1.21558;1.21555;1;T;True;1
1621269640000;14228537;1.21552;1.21558;1.21555;2;T;True;1
1621269641000;14228539;1.21552;1.21558;1.21555;1;T;True;1
1621269642000;14228541;1.21552;1.21558;1.21555;1;T;True;1
1621269643000;14228542;1.21552;1.21558;1.21555;0;T;True;1
1621269644000;14228546;1.21552;1.21558;1.21555;3;T;True;1
1621269645000;14228550;1.21552;1.21558;1.21555;3;T;True;1
1621269646000;14228551;1.21552;1.21558;1.21555;0;T;True;1
1621269647000;14228554;1.21552;1.21558;1.21555;2;T;True;1
1621269648000;14228555;1.21552;1.21558;1.21555;0;T;True;1
1621269649000;14228557;1.21552;1.21558;1.21555;1;T;True;1
1621269650000;14228558;1.21552;1.21558;1.21555;0;T;True;1
1621269651000;14228560;1.21552;1.21558;1.21555;1;T;True;1
1621269652000;14228561;1.21552;1.21558;1.21555;0;T;True;1
1621269653000;14228562;1.21552;1.21558;1.21555;0;T;True;1
1621269654000;14228563;1.21552;1.21558;1.21555;0;T;True;1
1621269655000;14228564;1.21552;1.21558;1.21555;0;T;True;1
1621269656000;14228565;1.21552;1.21558;1.21555;0;T;True;1
1621269657000;14228568;1.21552;1.21558;1.21555;2;T;True;1
1621269658000;14228569;1.21552;1.21558;1.21555;0;T;True;1
1621269659000;14228570;1.21552;1.21558;1.21555;0;T;True;1
1621269660000;14228571;1.21552;1.21558;1.21555;0;T;True;1
1621269661000;14228575;1.21554;1.2156;1.21557;3;T;True;1
1621269662000;14228576;1.21554;1.2156;1.21557;0;T;True;1
1621269663000;14228577;1.21554;1.2156;1.21557;0;T;True;1
1621269664000;14228579;1.21554;1.2156;1.21557;1;T;True;1
1621269665000;14228580;1.21554;1.2156;1.21557;0;T;True;1
1621269666000;14228581;1.21554;1.2156;1.21557;0;T;True;1
1621269667000;14228582;1.21554;1.2156;1.21557;0;T;True;1
1621269668000;14228583;1.21554;1.2156;1.21557;0;T;True;1
1621269669000;14228585;1.21554;1.2156;1.21557;1;T;True;1
1621269670000;14228586;1.21554;1.2156;1.21557;0;T;True;1
1621269671000;14228587;1.21554;1.2156;1.21557;0;T;True;1
1621269672000;14228589;1.21554;1.2156;1.21557;1;T;True;1
1621269673000;14228597;1.21558;1.21564;1.21561;7;T;True;1
1621269674000;14228598;1.21558;1.21564;1.21561;0;T;True;1
1621269675000;14228599;1.21558;1.21564;1.21561;0;T;True;1
1621269676000;14228605;1.21561;1.21567;1.21564;5;T;True;1
1621269677000;14228608;1.2156;1.21566;1.21563;2;T;True;1
1621269678000;14228609;1.2156;1.21566;1.21563;0;T;True;1
1621269679000;14228610;1.2156;1.21566;1.21563;0;T;True;1
1621269680000;14228613;1.2156;1.21566;1.21563;2;T;True;1
1621269681000;14228614;1.2156;1.21566;1.21563;0;T;True;1
1621269682000;14228615;1.2156;1.21566;1.21563;0;T;True;1
1621269683000;14228617;1.21558;1.21564;1.21561;1;T;True;1
1621269684000;14228619;1.21558;1.21564;1.21561;1;T;True;1
1621269685000;14228621;1.21558;1.21564;1.21561;1;T;True;1
1621269686000;14228622;1.21558;1.21564;1.21561;0;T;True;1
1621269687000;14228623;1.21558;1.21564;1.21561;0;T;True;1
1621269688000;14228624;1.21558;1.21564;1.21561;0;T;True;1
1621269689000;14228625;1.21558;1.21564;1.21561;0;T;True;1
1621269690000;14228626;1.21558;1.21564;1.21561;0;T;True;1
1621269691000;14228627;1.21558;1.21564;1.21561;0;T;True;1
1621269692000;14228628;1.21558;1.21564;1.21561;0;T;True;1
1621269693000;14228629;1.21558;1.21564;1.21561;0;T;True;1
1621269694000;14228630;1.21558;1.21564;1.21561;0;T;True;1
1621269695000;14228631;1.21558;1.21564;1.21561;0;T;True;1
1621269696000;14228632;1.21558;1.21564;1.21561;0;T;True;1
1621269697000;14228637;1.21556;1.21562;1.21559;4;T;True;1
1621269698000;14228639;1.21557;1.21563;1.2156;1;T;True;1
1621269699000;14228640;1.21557;1.21563;1.2156;0;T;True;1
1621269700000;14228644;1.21557;1.21563;1.2156;3;T;True;1
1621269701000;14228647;1.21558;1.21564;1.21561;2;T;True;1
1621269702000;14228648;1.21558;1.21564;1.21561;0;T;True;1
1621269703000;14228651;1.21558;1.21564;1.21561;2;T;True;1
1621269704000;14228653;1.21558;1.21564;1.21561;1;T;True;1
1621269705000;14228655;1.21558;1.21564;1.21561;1;T;True;1
1621269706000;14228656;1.21558;1.21564;1.21561;0;T;True;1
1621269707000;14228657;1.21558;1.21564;1.21561;0;T;True;1
1621269708000;14228661;1.21557;1.21563;1.2156;3;T;True;1
1621269709000;14228662;1.21557;1.21563;1.2156;0;T;True;1
1621269710000;14228663;1.21557;1.21563;1.2156;0;T;True;1
1621269711000;14228664;1.21557;1.21563;1.2156;0;T;True;1
1621269712000;14228665;1.21557;1.21563;1.2156;0;T;True;1
1621269713000;14228666;1.21557;1.21563;1.2156;0;T;True;1
1621269714000;14228667;1.21557;1.21563;1.2156;0;T;True;1
1621269715000;14228670;1.21556;1.21562;1.21559;2;T;True;1
1621269716000;14228671;1.21556;1.21562;1.21559;0;T;True;1
1621269717000;14228674;1.21556;1.21562;1.21559;2;T;True;1
1621269718000;14228680;1.21557;1.21563;1.2156;5;T;True;1
1621269719000;14228682;1.21558;1.21564;1.21561;1;T;True;1
1621269720000;14228684;1.21559;1.21565;1.21562;1;T;True;1
1621269721000;14228685;1.21559;1.21565;1.21562;0;T;True;1
1621269722000;14228686;1.21559;1.21565;1.21562;0;T;True;1
1621269723000;14228687;1.21559;1.21565;1.21562;0;T;True;1
1621269724000;14228689;1.21559;1.21565;1.21562;1;T;True;1
1621269725000;14228690;1.21559;1.21565;1.21562;0;T;True;1
1621269726000;14228691;1.21559;1.21565;1.21562;0;T;True;1
1621269727000;14228692;1.21559;1.21565;1.21562;0;T;True;1
1621269728000;14228698;1.21559;1.21565;1.21562;5;T;True;1
1621269729000;14228701;1.21559;1.21565;1.21562;2;T;True;1
1621269730000;14228705;1.21559;1.21565;1.21562;3;T;True;1
1621269731000;14228706;1.21559;1.21565;1.21562;0;T;True;1
1621269732000;14228707;1.21559;1.21565;1.21562;0;T;True;1
1621269733000;14228708;1.21559;1.21565;1.21562;0;T;True;1
1621269734000;14228710;1.21558;1.21564;1.21561;1;T;True;1
1621269735000;14228711;1.21558;1.21564;1.21561;0;T;True;1
1621269736000;14228712;1.21558;1.21564;1.21561;0;T;True;1
1621269737000;14228714;1.21558;1.21564;1.21561;1;T;True;1
1621269738000;14228715;1.21558;1.21564;1.21561;0;T;True;1
1621269739000;14228716;1.21558;1.21564;1.21561;0;T;True;1
1621269740000;14228717;1.21558;1.21564;1.21561;0;T;True;1
1621269741000;14228718;1.21558;1.21564;1.21561;0;T;True;1
1621269742000;14228719;1.21558;1.21564;1.21561;0;T;True;1
1621269743000;14228720;1.21558;1.21564;1.21561;0;T;True;1
1621269744000;14228721;1.21558;1.21564;1.21561;0;T;True;1
1621269745000;14228722;1.21558;1.21564;1.21561;0;T;True;1
1621269746000;14228723;1.21558;1.21564;1.21561;0;T;True;1
1621269747000;14228724;1.21558;1.21564;1.21561;0;T;True;1
1621269748000;14228725;1.21558;1.21564;1.21561;0;T;True;1
1621269749000;14228726;1.21558;1.21564;1.21561;0;T;True;1
1621269750000;14228727;1.21558;1.21564;1.21561;0;T;True;1
1621269751000;14228728;1.21558;1.21564;1.21561;0;T;True;1
1621269752000;14228729;1.21558;1.21564;1.21561;0;T;True;1
1621269753000;14228730;1.21558;1.21564;1.21561;0;T;True;1
1621269754000;14228731;1.21558;1.21564;1.21561;0;T;True;1
1621269755000;14228732;1.21558;1.21564;1.21561;0;T;True;1
1621269756000;14228733;1.21558;1.21564;1.21561;0;T;True;1
1621269757000;14228734;1.21558;1.21564;1.21561;0;T;True;1
1621269758000;14228736;1.21558;1.21564;1.21561;1;T;True;1
1621269759000;14228737;1.21558;1.21564;1.21561;0;T;True;1
1621269760000;14228740;1.21556;1.21562;1.21559;2;T;True;1
1621269761000;14228742;1.21555;1.21561;1.21558;1;T;True;1
1621269762000;14228744;1.21555;1.21561;1.21558;1;T;True;1
1621269763000;14228746;1.21555;1.21561;1.21558;1;T;True;1
1621269764000;14228747;1.21555;1.21561;1.21558;0;T;True;1
1621269765000;14228748;1.21555;1.21561;1.21558;0;T;True;1
1621269766000;14228749;1.21555;1.21561;1.21558;0;T;True;1
1621269767000;14228751;1.21554;1.2156;1.21557;1;T;True;1
1621269768000;14228753;1.21554;1.2156;1.21557;1;T;True;1
1621269769000;14228754;1.21554;1.2156;1.21557;0;T;True;1
1621269770000;14228755;1.21554;1.2156;1.21557;0;T;True;1
1621269771000;14228756;1.21554;1.2156;1.21557;0;T;True;1
1621269772000;14228757;1.21554;1.2156;1.21557;0;T;True;1
1621269773000;14228758;1.21554;1.2156;1.21557;0;T;True;1
1621269774000;14228759;1.21554;1.2156;1.21557;0;T;True;1
1621269775000;14228760;1.21554;1.2156;1.21557;0;T;True;1
1621269776000;14228761;1.21554;1.2156;1.21557;0;T;True;1
1621269777000;14228762;1.21554;1.2156;1.21557;0;T;True;1
1621269778000;14228764;1.21554;1.2156;1.21557;1;T;True;1
1621269779000;14228766;1.21555;1.21561;1.21558;1;T;True;1
1621269780000;14228767;1.21555;1.21561;1.21558;0;T;True;1
1621269781000;14228768;1.21555;1.21561;1.21558;0;T;True;1
1621269782000;14228771;1.21555;1.21561;1.21558;2;T;True;1
1621269783000;14228773;1.21555;1.21561;1.21558;1;T;True;1
1621269784000;14228774;1.21555;1.21561;1.21558;0;T;True;1
1621269785000;14228775;1.21555;1.21561;1.21558;0;T;True;1
1621269786000;14228776;1.21555;1.21561;1.21558;0;T;True;1
1621269787000;14228777;1.21555;1.21561;1.21558;0;T;True;1
1621269788000;14228778;1.21555;1.21561;1.21558;0;T;True;1
1621269789000;14228779;1.21555;1.21561;1.21558;0;T;True;1
1621269790000;14228781;1.21554;1.2156;1.21557;1;T;True;1
1621269791000;14228782;1.21554;1.2156;1.21557;0;T;True;1
1621269792000;14228784;1.21554;1.2156;1.21557;1;T;True;1
1621269793000;14228785;1.21554;1.2156;1.21557;0;T;True;1
1621269794000;14228787;1.21554;1.2156;1.21557;1;T;True;1
1621269795000;14228788;1.21554;1.2156;1.21557;0;T;True;1
1621269796000;14228789;1.21554;1.2156;1.21557;0;T;True;1
1621269797000;14228790;1.21554;1.2156;1.21557;0;T;True;1
1621269798000;14228791;1.21554;1.2156;1.21557;0;T;True;1
1621269799000;14228797;1.21554;1.2156;1.21557;5;T;True;1
1621269800000;14228798;1.21554;1.2156;1.21557;0;T;True;1
1621269801000;14228800;1.21554;1.2156;1.21557;1;T;True;1
1621269802000;14228801;1.21554;1.2156;1.21557;0;T;True;1
1621269803000;14228803;1.21553;1.21559;1.21556;1;T;True;1
1621269804000;14228804;1.21553;1.21559;1.21556;0;T;True;1
1621269805000;14228805;1.21553;1.21559;1.21556;0;T;True;1
1621269806000;14228806;1.21553;1.21559;1.21556;0;T;True;1
1621269807000;14228809;1.21553;1.21559;1.21556;2;T;True;1
1621269808000;14228810;1.21553;1.21559;1.21556;0;T;True;1
1621269809000;14228812;1.21553;1.21559;1.21556;1;T;True;1
1621269810000;14228813;1.21553;1.21559;1.21556;0;T;True;1
1621269811000;14228814;1.21553;1.21559;1.21556;0;T;True;1
1621269812000;14228815;1.21553;1.21559;1.21556;0;T;True;1
1621269813000;14228816;1.21553;1.21559;1.21556;0;T;True;1
1621269814000;14228817;1.21553;1.21559;1.21556;0;T;True;1
1621269815000;14228818;1.21553;1.21559;1.21556;0;T;True;1
1621269816000;14228819;1.21553;1.21559;1.21556;0;T;True;1
1621269817000;14228820;1.21553;1.21559;1.21556;0;T;True;1
1621269818000;14228821;1.21553;1.21559;1.21556;0;T;True;1
1621269819000;14228822;1.21553;1.21559;1.21556;0;T;True;1
1621269820000;14228823;1.21553;1.21559;1.21556;0;T;True;1
1621269821000;14228824;1.21553;1.21559;1.21556;0;T;True;1
1621269822000;14228825;1.21553;1.21559;1.21556;0;T;True;1
1621269823000;14228826;1.21553;1.21559;1.21556;0;T;True;1
1621269824000;14228828;1.21553;1.21559;1.21556;1;T;True;1
1621269825000;14228829;1.21553;1.21559;1.21556;0;T;True;1
1621269826000;14228830;1.21553;1.21559;1.21556;0;T;True;1
1621269827000;14228831;1.21553;1.21559;1.21556;0;T;True;1
1621269828000;14228832;1.21553;1.21559;1.21556;0;T;True;1
1621269829000;14228834;1.21552;1.21558;1.21555;1;T;True;1
1621269830000;14228835;1.21552;1.21558;1.21555;0;T;True;1
1621269831000;14228836;1.21552;1.21558;1.21555;0;T;True;1
1621269832000;14228837;1.21552;1.21558;1.21555;0;T;True;1
1621269833000;14228838;1.21552;1.21558;1.21555;0;T;True;1
1621269834000;14228839;1.21552;1.21558;1.21555;0;T;True;1
1621269835000;14228840;1.21552;1.21558;1.21555;0;T;True;1
1621269836000;14228841;1.21552;1.21558;1.21555;0;T;True;1
1621269837000;14228842;1.21552;1.21558;1.21555;0;T;True;1
1621269838000;14228843;1.21552;1.21558;1.21555;0;T;True;1
1621269839000;14228844;1.21552;1.21558;1.21555;0;T;True;1
1621269840000;14228845;1.21552;1.21558;1.21555;0;T;True;1
1621269841000;14228846;1.21552;1.21558;1.21555;0;T;True;1
1621269842000;14228847;1.21552;1.21558;1.21555;0;T;True;1
1621269843000;14228848;1.21552;1.21558;1.21555;0;T;True;1
1621269844000;14228849;1.21552;1.21558;1.21555;0;T;True;1
1621269845000;14228851;1.21553;1.21559;1.21556;1;T;True;1
1621269846000;14228852;1.21553;1.21559;1.21556;0;T;True;1
1621269847000;14228853;1.21553;1.21559;1.21556;0;T;True;1
1621269848000;14228854;1.21553;1.21559;1.21556;0;T;True;1
1621269849000;14228855;1.21553;1.21559;1.21556;0;T;True;1
1621269850000;14228856;1.21553;1.21559;1.21556;0;T;True;1
1621269851000;14228857;1.21553;1.21559;1.21556;0;T;True;1
1621269852000;14228858;1.21553;1.21559;1.21556;0;T;True;1
1621269853000;14228859;1.21553;1.21559;1.21556;0;T;True;1
1621269854000;14228860;1.21553;1.21559;1.21556;0;T;True;1
1621269855000;14228861;1.21553;1.21559;1.21556;0;T;True;1
1621269856000;14228862;1.21553;1.21559;1.21556;0;T;True;1
1621269857000;14228863;1.21553;1.21559;1.21556;0;T;True;1
1621269858000;14228865;1.21554;1.2156;1.21557;1;T;True;1
1621269859000;14228866;1.21554;1.2156;1.21557;0;T;True;1
1621269860000;14228867;1.21554;1.2156;1.21557;0;T;True;1
1621269861000;14228868;1.21554;1.2156;1.21557;0;T;True;1
1621269862000;14228869;1.21554;1.2156;1.21557;0;T;True;1
1621269863000;14228870;1.21554;1.2156;1.21557;0;T;True;1
1621269864000;14228871;1.21554;1.2156;1.21557;0;T;True;1
1621269865000;14228874;1.21552;1.21558;1.21555;2;T;True;1
1621269866000;14228875;1.21552;1.21558;1.21555;0;T;True;1
1621269867000;14228877;1.21552;1.21558;1.21555;1;T;True;1
1621269868000;14228878;1.21552;1.21558;1.21555;0;T;True;1
1621269869000;14228879;1.21552;1.21558;1.21555;0;T;True;1
1621269870000;14228882;1.2155;1.21556;1.21553;2;T;True;1
1621269871000;14228883;1.2155;1.21556;1.21553;0;T;True;1
1621269872000;14228886;1.21548;1.21554;1.21551;2;T;True;1
1621269873000;14228890;1.2155;1.21556;1.21553;3;T;True;1
1621269874000;14228892;1.2155;1.21556;1.21553;1;T;True;1
1621269875000;14228893;1.2155;1.21556;1.21553;0;T;True;1
1621269876000;14228894;1.2155;1.21556;1.21553;0;T;True;1
1621269877000;14228896;1.21549;1.21555;1.21552;1;T;True;1
1621269878000;14228900;1.21549;1.21555;1.21552;3;T;True;1
1621269879000;14228902;1.21549;1.21555;1.21552;1;T;True;1
1621269880000;14228904;1.21549;1.21555;1.21552;1;T;True;1
1621269881000;14228905;1.21549;1.21555;1.21552;0;T;True;1
1621269882000;14228906;1.21549;1.21555;1.21552;0;T;True;1
1621269883000;14228907;1.21549;1.21555;1.21552;0;T;True;1
1621269884000;14228908;1.21549;1.21555;1.21552;0;T;True;1
1621269885000;14228909;1.21549;1.21555;1.21552;0;T;True;1
1621269886000;14228910;1.21549;1.21555;1.21552;0;T;True;1
1621269887000;14228911;1.21549;1.21555;1.21552;0;T;True;1
1621269888000;14228912;1.21549;1.21555;1.21552;0;T;True;1
1621269889000;14228914;1.21549;1.21555;1.21552;1;T;True;1
1621269890000;14228915;1.21549;1.21555;1.21552;0;T;True;1
1621269891000;14228916;1.21549;1.21555;1.21552;0;T;True;1
1621269892000;14228917;1.21549;1.21555;1.21552;0;T;True;1
1621269893000;14228918;1.21549;1.21555;1.21552;0;T;True;1
1621269894000;14228919;1.21549;1.21555;1.21552;0;T;True;1
1621269895000;14228920;1.21549;1.21555;1.21552;0;T;True;1
1621269896000;14228922;1.2155;1.21556;1.21553;1;T;True;1
1621269897000;14228925;1.21551;1.21557;1.21554;2;T;True;1
1621269898000;14228926;1.21551;1.21557;1.21554;0;T;True;1
1621269899000;14228927;1.21551;1.21557;1.21554;0;T;True;1
1621269900000;14228928;1.21551;1.21557;1.21554;0;T;True;1
1621269901000;14228934;1.21552;1.21558;1.21555;5;T;True;1
1621269902000;14228935;1.21552;1.21558;1.21555;0;T;True;1
1621269903000;14228936;1.21552;1.21558;1.21555;0;T;True;1
1621269904000;14228939;1.21553;1.21559;1.21556;2;T;True;1
1621269905000;14228940;1.21553;1.21559;1.21556;0;T;True;1
1621269906000;14228941;1.21553;1.21559;1.21556;0;T;True;1
1621269907000;14228942;1.21553;1.21559;1.21556;0;T;True;1
1621269908000;14228943;1.21553;1.21559;1.21556;0;T;True;1
1621269909000;14228944;1.21553;1.21559;1.21556;0;T;True;1
1621269910000;14228947;1.21554;1.2156;1.21557;2;T;True;1
1621269911000;14228949;1.21554;1.2156;1.21557;1;T;True;1
1621269912000;14228951;1.21554;1.2156;1.21557;1;T;True;1
1621269913000;14228952;1.21554;1.2156;1.21557;0;T;True;1
1621269914000;14228953;1.21554;1.2156;1.21557;0;T;True;1
1621269915000;14228954;1.21554;1.2156;1.21557;0;T;True;1
1621269916000;14228955;1.21554;1.2156;1.21557;0;T;True;1
1621269917000;14228957;1.21556;1.21562;1.21559;1;T;True;1
1621269918000;14228958;1.21556;1.21562;1.21559;0;T;True;1
1621269919000;14228960;1.21555;1.21561;1.21558;1;T;True;1
1621269920000;14228961;1.21555;1.21561;1.21558;0;T;True;1
1621269921000;14228962;1.21555;1.21561;1.21558;0;T;True;1
1621269922000;14228964;1.21554;1.2156;1.21557;1;T;True;1
1621269923000;14228965;1.21554;1.2156;1.21557;0;T;True;1
1621269924000;14228966;1.21554;1.2156;1.21557;0;T;True;1
1621269925000;14228967;1.21554;1.2156;1.21557;0;T;True;1
1621269926000;14228968;1.21554;1.2156;1.21557;0;T;True;1
1621269927000;14228969;1.21554;1.2156;1.21557;0;T;True;1
1621269928000;14228974;1.2155;1.21556;1.21553;4;T;True;1
1621269929000;14228976;1.2155;1.21556;1.21553;1;T;True;1
1621269930000;14228977;1.2155;1.21556;1.21553;0;T;True;1
1621269931000;14228978;1.2155;1.21556;1.21553;0;T;True;1
1621269932000;14228979;1.2155;1.21556;1.21553;0;T;True;1
1621269933000;14228981;1.2155;1.21556;1.21553;1;T;True;1
1621269934000;14228982;1.2155;1.21556;1.21553;0;T;True;1
1621269935000;14228986;1.21551;1.21557;1.21554;3;T;True;1
1621269936000;14228987;1.21551;1.21557;1.21554;0;T;True;1
1621269937000;14228988;1.21551;1.21557;1.21554;0;T;True;1
1621269938000;14228991;1.21552;1.21558;1.21555;2;T;True;1
1621269939000;14228992;1.21552;1.21558;1.21555;0;T;True;1
1621269940000;14228993;1.21552;1.21558;1.21555;0;T;True;1
1621269941000;14228995;1.21554;1.2156;1.21557;1;T;True;1
1621269942000;14228996;1.21554;1.2156;1.21557;0;T;True;1
1621269943000;14228997;1.21554;1.2156;1.21557;0;T;True;1
1621269944000;14228998;1.21554;1.2156;1.21557;0;T;True;1
1621269945000;14229000;1.21554;1.2156;1.21557;1;T;True;1
1621269946000;14229001;1.21554;1.2156;1.21557;0;T;True;1
1621269947000;14229002;1.21554;1.2156;1.21557;0;T;True;1
1621269948000;14229003;1.21554;1.2156;1.21557;0;T;True;1
1621269949000;14229004;1.21554;1.2156;1.21557;0;T;True;1
1621269950000;14229005;1.21554;1.2156;1.21557;0;T;True;1
1621269951000;14229008;1.21554;1.2156;1.21557;2;T;True;1
1621269952000;14229009;1.21554;1.2156;1.21557;0;T;True;1
1621269953000;14229010;1.21554;1.2156;1.21557;0;T;True;1
1621269954000;14229011;1.21554;1.2156;1.21557;0;T;True;1
1621269955000;14229012;1.21554;1.2156;1.21557;0;T;True;1
1621269956000;14229013;1.21554;1.2156;1.21557;0;T;True;1
1621269957000;14229015;1.21554;1.2156;1.21557;1;T;True;1
1621269958000;14229016;1.21554;1.2156;1.21557;0;T;True;1
1621269959000;14229017;1.21554;1.2156;1.21557;0;T;True;1
1621269960000;14229018;1.21554;1.2156;1.21557;0;T;True;1
1621269961000;14229019;1.21554;1.2156;1.21557;0;T;True;1
1621269962000;14229020;1.21554;1.2156;1.21557;0;T;True;1
1621269963000;14229021;1.21554;1.2156;1.21557;0;T;True;1
1621269964000;14229022;1.21554;1.2156;1.21557;0;T;True;1
1621269965000;14229023;1.21554;1.2156;1.21557;0;T;True;1
1621269966000;14229024;1.21554;1.2156;1.21557;0;T;True;1
1621269967000;14229025;1.21554;1.2156;1.21557;0;T;True;1
1621269968000;14229026;1.21554;1.2156;1.21557;0;T;True;1
1621269969000;14229027;1.21554;1.2156;1.21557;0;T;True;1
1621269970000;14229029;1.21554;1.2156;1.21557;1;T;True;1
1621269971000;14229030;1.21554;1.2156;1.21557;0;T;True;1
1621269972000;14229031;1.21554;1.2156;1.21557;0;T;True;1
1621269973000;14229032;1.21554;1.2156;1.21557;0;T;True;1
1621269974000;14229033;1.21554;1.2156;1.21557;0;T;True;1
1621269975000;14229034;1.21554;1.2156;1.21557;0;T;True;1
1621269976000;14229036;1.21554;1.2156;1.21557;1;T;True;1
1621269977000;14229037;1.21554;1.2156;1.21557;0;T;True;1
1621269978000;14229038;1.21554;1.2156;1.21557;0;T;True;1
1621269979000;14229040;1.21554;1.2156;1.21557;1;T;True;1
1621269980000;14229043;1.21554;1.2156;1.21557;2;T;True;1
1621269981000;14229044;1.21554;1.2156;1.21557;0;T;True;1
1621269982000;14229045;1.21554;1.2156;1.21557;0;T;True;1
1621269983000;14229046;1.21554;1.2156;1.21557;0;T;True;1
1621269984000;14229047;1.21554;1.2156;1.21557;0;T;True;1
1621269985000;14229048;1.21554;1.2156;1.21557;0;T;True;1
1621269986000;14229049;1.21554;1.2156;1.21557;0;T;True;1
1621269987000;14229050;1.21554;1.2156;1.21557;0;T;True;1
1621269988000;14229051;1.21554;1.2156;1.21557;0;T;True;1
1621269989000;14229052;1.21554;1.2156;1.21557;0;T;True;1
1621269990000;14229053;1.21554;1.2156;1.21557;0;T;True;1
1621269991000;14229054;1.21554;1.2156;1.21557;0;T;True;1
1621269992000;14229055;1.21554;1.2156;1.21557;0;T;True;1
1621269993000;14229056;1.21554;1.2156;1.21557;0;T;True;1
1621269994000;14229064;1.21557;1.21563;1.2156;7;T;True;1
1621269995000;14229065;1.21557;1.21563;1.2156;0;T;True;1
1621269996000;14229066;1.21557;1.21563;1.2156;0;T;True;1
1621269997000;14229067;1.21557;1.21563;1.2156;0;T;True;1
1621269998000;14229070;1.21558;1.21564;1.21561;2;T;True;1
1621269999000;14229072;1.21558;1.21564;1.21561;1;T;True;1
1621270000000;14229073;1.21558;1.21564;1.21561;0;T;True;1
1621270001000;14229074;1.21558;1.21564;1.21561;0;T;True;1
1621270002000;14229075;1.21558;1.21564;1.21561;0;T;True;1
1621270003000;14229076;1.21558;1.21564;1.21561;0;T;True;1
1621270004000;14229077;1.21558;1.21564;1.21561;0;T;True;1
1621270005000;14229078;1.21558;1.21564;1.21561;0;T;True;1
1621270006000;14229079;1.21558;1.21564;1.21561;0;T;True;1
1621270007000;14229080;1.21558;1.21564;1.21561;0;T;True;1
1621270008000;14229081;1.21558;1.21564;1.21561;0;T;True;1
1621270009000;14229082;1.21558;1.21564;1.21561;0;T;True;1
1621270010000;14229083;1.21558;1.21564;1.21561;0;T;True;1
1621270011000;14229084;1.21558;1.21564;1.21561;0;T;True;1
1621270012000;14229085;1.21558;1.21564;1.21561;0;T;True;1
1621270013000;14229086;1.21558;1.21564;1.21561;0;T;True;1
1621270014000;14229087;1.21558;1.21564;1.21561;0;T;True;1
1621270015000;14229088;1.21558;1.21564;1.21561;0;T;True;1
1621270016000;14229089;1.21558;1.21564;1.21561;0;T;True;1
1621270017000;14229090;1.21558;1.21564;1.21561;0;T;True;1
1621270018000;14229091;1.21558;1.21564;1.21561;0;T;True;1
1621270019000;14229092;1.21558;1.21564;1.21561;0;T;True;1
1621270020000;14229097;1.2156;1.21566;1.21563;4;T;True;1
1621270021000;14229099;1.2156;1.21566;1.21563;1;T;True;1
1621270022000;14229102;1.2156;1.21566;1.21563;2;T;True;1
1621270023000;14229103;1.2156;1.21566;1.21563;0;T;True;1
1621270024000;14229105;1.2156;1.21566;1.21563;1;T;True;1
1621270025000;14229111;1.2156;1.21566;1.21563;5;T;True;1
1621270026000;14229112;1.2156;1.21566;1.21563;0;T;True;1
1621270027000;14229113;1.2156;1.21566;1.21563;0;T;True;1
1621270028000;14229114;1.2156;1.21566;1.21563;0;T;True;1
1621270029000;14229116;1.21559;1.21565;1.21562;1;T;True;1
1621270030000;14229117;1.21559;1.21565;1.21562;0;T;True;1
1621270031000;14229118;1.21559;1.21565;1.21562;0;T;True;1
1621270032000;14229119;1.21559;1.21565;1.21562;0;T;True;1
1621270033000;14229120;1.21559;1.21565;1.21562;0;T;True;1
1621270034000;14229121;1.21559;1.21565;1.21562;0;T;True;1
1621270035000;14229122;1.21559;1.21565;1.21562;0;T;True;1
1621270036000;14229123;1.21559;1.21565;1.21562;0;T;True;1
1621270037000;14229124;1.21559;1.21565;1.21562;0;T;True;1
1621270038000;14229126;1.21559;1.21565;1.21562;1;T;True;1
1621270039000;14229127;1.21559;1.21565;1.21562;0;T;True;1
1621270040000;14229128;1.21559;1.21565;1.21562;0;T;True;1
1621270041000;14229129;1.21559;1.21565;1.21562;0;T;True;1
1621270042000;14229131;1.21559;1.21565;1.21562;1;T;True;1
1621270043000;14229132;1.21559;1.21565;1.21562;0;T;True;1
1621270044000;14229133;1.21559;1.21565;1.21562;0;T;True;1
1621270045000;14229134;1.21559;1.21565;1.21562;0;T;True;1
1621270046000;14229135;1.21559;1.21565;1.21562;0;T;True;1
1621270047000;14229136;1.21559;1.21565;1.21562;0;T;True;1
1621270048000;14229138;1.2156;1.21566;1.21563;1;T;True;1
1621270049000;14229140;1.21559;1.21565;1.21562;1;T;True;1
1621270050000;14229141;1.21559;1.21565;1.21562;0;T;True;1
1621270051000;14229142;1.21559;1.21565;1.21562;0;T;True;1
1621270052000;14229143;1.21559;1.21565;1.21562;0;T;True;1
1621270053000;14229145;1.21559;1.21565;1.21562;1;T;True;1
1621270054000;14229146;1.21559;1.21565;1.21562;0;T;True;1
1621270055000;14229148;1.2156;1.21566;1.21563;1;T;True;1
1621270056000;14229149;1.2156;1.21566;1.21563;0;T;True;1
1621270057000;14229150;1.2156;1.21566;1.21563;0;T;True;1
1621270058000;14229151;1.2156;1.21566;1.21563;0;T;True;1
1621270059000;14229152;1.2156;1.21566;1.21563;0;T;True;1
1621270060000;14229153;1.2156;1.21566;1.21563;0;T;True;1
1621270061000;14229154;1.2156;1.21566;1.21563;0;T;True;1
1621270062000;14229155;1.2156;1.21566;1.21563;0;T;True;1
1621270063000;14229156;1.2156;1.21566;1.21563;0;T;True;1
1621270064000;14229157;1.2156;1.21566;1.21563;0;T;True;1
1621270065000;14229158;1.2156;1.21566;1.21563;0;T;True;1
1621270066000;14229159;1.2156;1.21566;1.21563;0;T;True;1
1621270067000;14229160;1.2156;1.21566;1.21563;0;T;True;1
1621270068000;14229161;1.2156;1.21566;1.21563;0;T;True;1
1621270069000;14229162;1.2156;1.21566;1.21563;0;T;True;1
1621270070000;14229163;1.2156;1.21566;1.21563;0;T;True;1
1621270071000;14229167;1.21554;1.2156;1.21557;3;T;True;1
1621270072000;14229168;1.21554;1.2156;1.21557;0;T;True;1
1621270073000;14229169;1.21554;1.2156;1.21557;0;T;True;1
1621270074000;14229170;1.21554;1.2156;1.21557;0;T;True;1
1621270075000;14229174;1.21556;1.21562;1.21559;3;T;True;1
1621270076000;14229175;1.21556;1.21562;1.21559;0;T;True;1
1621270077000;14229176;1.21556;1.21562;1.21559;0;T;True;1
1621270078000;14229177;1.21556;1.21562;1.21559;0;T;True;1
1621270079000;14229178;1.21556;1.21562;1.21559;0;T;True;1
1621270080000;14229181;1.21555;1.21561;1.21558;2;T;True;1
1621270081000;14229182;1.21555;1.21561;1.21558;0;T;True;1
1621270082000;14229183;1.21555;1.21561;1.21558;0;T;True;1
1621270083000;14229184;1.21555;1.21561;1.21558;0;T;True;1
1621270084000;14229190;1.21558;1.21564;1.21561;5;T;True;1
1621270085000;14229191;1.21558;1.21564;1.21561;0;T;True;1
1621270086000;14229192;1.21558;1.21564;1.21561;0;T;True;1
1621270087000;14229193;1.21558;1.21564;1.21561;0;T;True;1
1621270088000;14229194;1.21558;1.21564;1.21561;0;T;True;1
1621270089000;14229195;1.21558;1.21564;1.21561;0;T;True;1
1621270090000;14229196;1.21558;1.21564;1.21561;0;T;True;1
1621270091000;14229197;1.21558;1.21564;1.21561;0;T;True;1
1621270092000;14229198;1.21558;1.21564;1.21561;0;T;True;1
1621270093000;14229199;1.21558;1.21564;1.21561;0;T;True;1
1621270094000;14229200;1.21558;1.21564;1.21561;0;T;True;1
1621270095000;14229204;1.2156;1.21566;1.21563;3;T;True;1
1621270096000;14229206;1.2156;1.21566;1.21563;1;T;True;1
1621270097000;14229207;1.2156;1.21566;1.21563;0;T;True;1
1621270098000;14229210;1.21562;1.21568;1.21565;2;T;True;1
1621270099000;14229212;1.21562;1.21568;1.21565;1;T;True;1
1621270100000;14229214;1.21562;1.21568;1.21565;1;T;True;1
1621270101000;14229215;1.21562;1.21568;1.21565;0;T;True;1
1621270102000;14229216;1.21562;1.21568;1.21565;0;T;True;1
1621270103000;14229218;1.21562;1.21568;1.21565;1;T;True;1
1621270104000;14229221;1.21562;1.21568;1.21565;2;T;True;1
1621270105000;14229222;1.21562;1.21568;1.21565;0;T;True;1
1621270106000;14229223;1.21562;1.21568;1.21565;0;T;True;1
1621270107000;14229224;1.21562;1.21568;1.21565;0;T;True;1
1621270108000;14229227;1.2156;1.21566;1.21563;2;T;True;1
1621270109000;14229228;1.2156;1.21566;1.21563;0;T;True;1
1621270110000;14229231;1.2156;1.21566;1.21563;2;T;True;1
1621270111000;14229233;1.2156;1.21566;1.21563;1;T;True;1
1621270112000;14229234;1.2156;1.21566;1.21563;0;T;True;1
1621270113000;14229235;1.2156;1.21566;1.21563;0;T;True;1
1621270114000;14229236;1.2156;1.21566;1.21563;0;T;True;1
1621270115000;14229237;1.2156;1.21566;1.21563;0;T;True;1
1621270116000;14229238;1.2156;1.21566;1.21563;0;T;True;1
1621270117000;14229239;1.2156;1.21566;1.21563;0;T;True;1
1621270118000;14229240;1.2156;1.21566;1.21563;0;T;True;1
1621270119000;14229241;1.2156;1.21566;1.21563;0;T;True;1
1621270120000;14229242;1.2156;1.21566;1.21563;0;T;True;1
1621270121000;14229243;1.2156;1.21566;1.21563;0;T;True;1
1621270122000;14229248;1.21559;1.21565;1.21562;4;T;True;1
1621270123000;14229249;1.21559;1.21565;1.21562;0;T;True;1
1621270124000;14229252;1.21559;1.21565;1.21562;2;T;True;1
1621270125000;14229253;1.21559;1.21565;1.21562;0;T;True;1
1621270126000;14229254;1.21559;1.21565;1.21562;0;T;True;1
1621270127000;14229256;1.21559;1.21565;1.21562;1;T;True;1
1621270128000;14229257;1.21559;1.21565;1.21562;0;T;True;1
1621270129000;14229262;1.2156;1.21566;1.21563;4;T;True;1
1621270130000;14229264;1.2156;1.21566;1.21563;1;T;True;1
1621270131000;14229268;1.21564;1.2157;1.21567;3;T;True;1
1621270132000;14229269;1.21564;1.2157;1.21567;0;T;True;1
1621270133000;14229272;1.21563;1.21569;1.21566;2;T;True;1
1621270134000;14229273;1.21563;1.21569;1.21566;0;T;True;1
1621270135000;14229276;1.21563;1.21569;1.21566;2;T;True;1
1621270136000;14229278;1.21563;1.21569;1.21566;1;T;True;1
1621270137000;14229281;1.21563;1.21569;1.21566;2;T;True;1
1621270138000;14229282;1.21563;1.21569;1.21566;0;T;True;1
1621270139000;14229283;1.21563;1.21569;1.21566;0;T;True;1
1621270140000;14229284;1.21563;1.21569;1.21566;0;T;True;1
1621270141000;14229285;1.21563;1.21569;1.21566;0;T;True;1
1621270142000;14229286;1.21563;1.21569;1.21566;0;T;True;1
1621270143000;14229287;1.21563;1.21569;1.21566;0;T;True;1
1621270144000;14229289;1.21564;1.2157;1.21567;1;T;True;1
1621270145000;14229290;1.21564;1.2157;1.21567;0;T;True;1
1621270146000;14229291;1.21564;1.2157;1.21567;0;T;True;1
1621270147000;14229292;1.21564;1.2157;1.21567;0;T;True;1
1621270148000;14229293;1.21564;1.2157;1.21567;0;T;True;1
1621270149000;14229294;1.21564;1.2157;1.21567;0;T;True;1
1621270150000;14229295;1.21564;1.2157;1.21567;0;T;True;1
1621270151000;14229296;1.21564;1.2157;1.21567;0;T;True;1
1621270152000;14229299;1.21564;1.2157;1.21567;2;T;True;1
1621270153000;14229300;1.21564;1.2157;1.21567;0;T;True;1
1621270154000;14229301;1.21564;1.2157;1.21567;0;T;True;1
1621270155000;14229302;1.21564;1.2157;1.21567;0;T;True;1
1621270156000;14229303;1.21564;1.2157;1.21567;0;T;True;1
1621270157000;14229304;1.21564;1.2157;1.21567;0;T;True;1
1621270158000;14229305;1.21564;1.2157;1.21567;0;T;True;1
1621270159000;14229306;1.21564;1.2157;1.21567;0;T;True;1
1621270160000;14229307;1.21564;1.2157;1.21567;0;T;True;1
1621270161000;14229308;1.21564;1.2157;1.21567;0;T;True;1
1621270162000;14229309;1.21564;1.2157;1.21567;0;T;True;1
1621270163000;14229310;1.21564;1.2157;1.21567;0;T;True;1
1621270164000;14229311;1.21564;1.2157;1.21567;0;T;True;1
1621270165000;14229312;1.21564;1.2157;1.21567;0;T;True;1
1621270166000;14229316;1.21561;1.21567;1.21564;3;T;True;1
1621270167000;14229321;1.2156;1.21566;1.21563;4;T;True;1
1621270168000;14229322;1.2156;1.21566;1.21563;0;T;True;1
1621270169000;14229327;1.21561;1.21567;1.21564;4;T;True;1
1621270170000;14229330;1.21562;1.21568;1.21565;2;T;True;1
1621270171000;14229331;1.21562;1.21568;1.21565;0;T;True;1
1621270172000;14229333;1.21564;1.2157;1.21567;1;T;True;1
1621270173000;14229334;1.21564;1.2157;1.21567;0;T;True;1
1621270174000;14229335;1.21564;1.2157;1.21567;0;T;True;1
1621270175000;14229336;1.21564;1.2157;1.21567;0;T;True;1
1621270176000;14229338;1.21564;1.2157;1.21567;1;T;True;1
1621270177000;14229339;1.21564;1.2157;1.21567;0;T;True;1
1621270178000;14229342;1.21562;1.21568;1.21565;2;T;True;1
1621270179000;14229344;1.21561;1.21567;1.21564;1;T;True;1
1621270180000;14229345;1.21561;1.21567;1.21564;0;T;True;1
1621270181000;14229346;1.21561;1.21567;1.21564;0;T;True;1
1621270182000;14229347;1.21561;1.21567;1.21564;0;T;True;1
1621270183000;14229350;1.2156;1.21566;1.21563;2;T;True;1
1621270184000;14229352;1.21559;1.21565;1.21562;1;T;True;1
1621270185000;14229353;1.21559;1.21565;1.21562;0;T;True;1
1621270186000;14229354;1.21559;1.21565;1.21562;0;T;True;1
1621270187000;14229361;1.21555;1.21561;1.21558;6;T;True;1
1621270188000;14229363;1.21555;1.21561;1.21558;1;T;True;1
1621270189000;14229364;1.21555;1.21561;1.21558;0;T;True;1
1621270190000;14229365;1.21555;1.21561;1.21558;0;T;True;1
1621270191000;14229366;1.21555;1.21561;1.21558;0;T;True;1
1621270192000;14229367;1.21555;1.21561;1.21558;0;T;True;1
1621270193000;14229368;1.21555;1.21561;1.21558;0;T;True;1
1621270194000;14229370;1.21556;1.21562;1.21559;1;T;True;1
1621270195000;14229372;1.21556;1.21562;1.21559;1;T;True;1
1621270196000;14229373;1.21556;1.21562;1.21559;0;T;True;1
1621270197000;14229374;1.21556;1.21562;1.21559;0;T;True;1
1621270198000;14229375;1.21556;1.21562;1.21559;0;T;True;1
1621270199000;14229376;1.21556;1.21562;1.21559;0;T;True;1
1621270200000;14229378;1.21555;1.21561;1.21558;1;T;True;1
1621270201000;14229380;1.21556;1.21562;1.21559;1;T;True;1
1621270202000;14229383;1.21557;1.21563;1.2156;2;T;True;1
1621270203000;14229385;1.21558;1.21564;1.21561;1;T;True;1
1621270204000;14229386;1.21558;1.21564;1.21561;0;T;True;1
1621270205000;14229387;1.21558;1.21564;1.21561;0;T;True;1
1621270206000;14229389;1.21558;1.21564;1.21561;1;T;True;1
1621270207000;14229391;1.21558;1.21564;1.21561;1;T;True;1
1621270208000;14229392;1.21558;1.21564;1.21561;0;T;True;1
1621270209000;14229393;1.21558;1.21564;1.21561;0;T;True;1
1621270210000;14229395;1.21558;1.21564;1.21561;1;T;True;1
1621270211000;14229398;1.21558;1.21564;1.21561;2;T;True;1
1621270212000;14229399;1.21558;1.21564;1.21561;0;T;True;1
1621270213000;14229402;1.2156;1.21566;1.21563;2;T;True;1
1621270214000;14229404;1.2156;1.21566;1.21563;1;T;True;1
1621270215000;14229405;1.2156;1.21566;1.21563;0;T;True;1
1621270216000;14229407;1.2156;1.21566;1.21563;1;T;True;1
1621270217000;14229412;1.21562;1.21568;1.21565;4;T;True;1
1621270218000;14229413;1.21562;1.21568;1.21565;0;T;True;1
1621270219000;14229415;1.21563;1.21569;1.21566;1;T;True;1
1621270220000;14229416;1.21563;1.21569;1.21566;0;T;True;1
1621270221000;14229417;1.21563;1.21569;1.21566;0;T;True;1
1621270222000;14229418;1.21563;1.21569;1.21566;0;T;True;1
1621270223000;14229419;1.21563;1.21569;1.21566;0;T;True;1
1621270224000;14229421;1.21564;1.2157;1.21567;1;T;True;1
1621270225000;14229423;1.21563;1.21569;1.21566;1;T;True;1
1621270226000;14229425;1.21563;1.21569;1.21566;1;T;True;1
1621270227000;14229427;1.21564;1.2157;1.21567;1;T;True;1
1621270228000;14229428;1.21564;1.2157;1.21567;0;T;True;1
1621270229000;14229429;1.21564;1.2157;1.21567;0;T;True;1
1621270230000;14229431;1.21563;1.21569;1.21566;1;T;True;1
1621270231000;14229434;1.21564;1.2157;1.21567;2;T;True;1
1621270232000;14229435;1.21564;1.2157;1.21567;0;T;True;1
1621270233000;14229436;1.21564;1.2157;1.21567;0;T;True;1
1621270234000;14229437;1.21564;1.2157;1.21567;0;T;True;1
1621270235000;14229440;1.21566;1.21572;1.21569;2;T;True;1
1621270236000;14229441;1.21566;1.21572;1.21569;0;T;True;1
1621270237000;14229442;1.21566;1.21572;1.21569;0;T;True;1
1621270238000;14229443;1.21566;1.21572;1.21569;0;T;True;1
1621270239000;14229445;1.21566;1.21572;1.21569;1;T;True;1
1621270240000;14229446;1.21566;1.21572;1.21569;0;T;True;1
1621270241000;14229449;1.21568;1.21574;1.21571;2;T;True;1
1621270242000;14229450;1.21568;1.21574;1.21571;0;T;True;1
1621270243000;14229451;1.21568;1.21574;1.21571;0;T;True;1
1621270244000;14229454;1.21566;1.21572;1.21569;2;T;True;1
1621270245000;14229455;1.21566;1.21572;1.21569;0;T;True;1
1621270246000;14229459;1.21565;1.21571;1.21568;3;T;True;1
1621270247000;14229461;1.21566;1.21572;1.21569;1;T;True;1
1621270248000;14229464;1.21564;1.2157;1.21567;2;T;True;1
1621270249000;14229465;1.21564;1.2157;1.21567;0;T;True;1
1621270250000;14229466;1.21564;1.2157;1.21567;0;T;True;1
1621270251000;14229467;1.21564;1.2157;1.21567;0;T;True;1
1621270252000;14229468;1.21564;1.2157;1.21567;0;T;True;1
1621270253000;14229469;1.21564;1.2157;1.21567;0;T;True;1
1621270254000;14229470;1.21564;1.2157;1.21567;0;T;True;1
1621270255000;14229471;1.21564;1.2157;1.21567;0;T;True;1
1621270256000;14229472;1.21564;1.2157;1.21567;0;T;True;1
1621270257000;14229473;1.21564;1.2157;1.21567;0;T;True;1
1621270258000;14229475;1.21564;1.2157;1.21567;1;T;True;1
1621270259000;14229476;1.21564;1.2157;1.21567;0;T;True;1
1621270260000;14229477;1.21564;1.2157;1.21567;0;T;True;1
1621270261000;14229480;1.21563;1.21569;1.21566;2;T;True;1
1621270262000;14229481;1.21563;1.21569;1.21566;0;T;True;1
1621270263000;14229482;1.21563;1.21569;1.21566;0;T;True;1
1621270264000;14229483;1.21563;1.21569;1.21566;0;T;True;1
1621270265000;14229486;1.21562;1.21568;1.21565;2;T;True;1
1621270266000;14229492;1.21556;1.21562;1.21559;5;T;True;1
1621270267000;14229496;1.21556;1.21562;1.21559;3;T;True;1
1621270268000;14229497;1.21556;1.21562;1.21559;0;T;True;1
1621270269000;14229498;1.21556;1.21562;1.21559;0;T;True;1
1621270270000;14229501;1.21556;1.21562;1.21559;2;T;True;1
1621270271000;14229502;1.21556;1.21562;1.21559;0;T;True;1
1621270272000;14229503;1.21556;1.21562;1.21559;0;T;True;1
1621270273000;14229504;1.21556;1.21562;1.21559;0;T;True;1
1621270274000;14229506;1.21556;1.21562;1.21559;1;T;True;1
1621270275000;14229507;1.21556;1.21562;1.21559;0;T;True;1
1621270276000;14229509;1.21556;1.21562;1.21559;1;T;True;1
1621270277000;14229510;1.21556;1.21562;1.21559;0;T;True;1
1621270278000;14229514;1.21554;1.2156;1.21557;3;T;True;1
1621270279000;14229517;1.21554;1.2156;1.21557;2;T;True;1
1621270280000;14229519;1.21554;1.2156;1.21557;1;T;True;1
1621270281000;14229522;1.21554;1.2156;1.21557;2;T;True;1
1621270282000;14229523;1.21554;1.2156;1.21557;0;T;True;1
1621270283000;14229524;1.21554;1.2156;1.21557;0;T;True;1
1621270284000;14229525;1.21554;1.2156;1.21557;0;T;True;1
1621270285000;14229528;1.21554;1.2156;1.21557;2;T;True;1
1621270286000;14229530;1.21554;1.2156;1.21557;1;T;True;1
1621270287000;14229532;1.21555;1.21561;1.21558;1;T;True;1
1621270288000;14229534;1.21555;1.21561;1.21558;1;T;True;1
1621270289000;14229535;1.21555;1.21561;1.21558;0;T;True;1
1621270290000;14229537;1.21554;1.2156;1.21557;1;T;True;1
1621270291000;14229539;1.21554;1.2156;1.21557;1;T;True;1
1621270292000;14229540;1.21554;1.2156;1.21557;0;T;True;1
1621270293000;14229541;1.21554;1.2156;1.21557;0;T;True;1
1621270294000;14229542;1.21554;1.2156;1.21557;0;T;True;1
1621270295000;14229543;1.21554;1.2156;1.21557;0;T;True;1
1621270296000;14229546;1.21554;1.2156;1.21557;2;T;True;1
1621270297000;14229547;1.21554;1.2156;1.21557;0;T;True;1
1621270298000;14229548;1.21554;1.2156;1.21557;0;T;True;1
1621270299000;14229549;1.21554;1.2156;1.21557;0;T;True;1
1621270300000;14229552;1.21554;1.2156;1.21557;2;T;True;1
1621270301000;14229553;1.21554;1.2156;1.21557;0;T;True;1
1621270302000;14229554;1.21554;1.2156;1.21557;0;T;True;1
1621270303000;14229555;1.21554;1.2156;1.21557;0;T;True;1
1621270304000;14229556;1.21554;1.2156;1.21557;0;T;True;1
1621270305000;14229558;1.21554;1.2156;1.21557;1;T;True;1
1621270306000;14229559;1.21554;1.2156;1.21557;0;T;True;1
1621270307000;14229561;1.21554;1.2156;1.21557;1;T;True;1
1621270308000;14229562;1.21554;1.2156;1.21557;0;T;True;1
1621270309000;14229563;1.21554;1.2156;1.21557;0;T;True;1
1621270310000;14229564;1.21554;1.2156;1.21557;0;T;True;1
1621270311000;14229565;1.21554;1.2156;1.21557;0;T;True;1
1621270312000;14229568;1.21556;1.21562;1.21559;2;T;True;1
1621270313000;14229569;1.21556;1.21562;1.21559;0;T;True;1
1621270314000;14229570;1.21556;1.21562;1.21559;0;T;True;1
1621270315000;14229571;1.21556;1.21562;1.21559;0;T;True;1
1621270316000;14229573;1.21556;1.21562;1.21559;1;T;True;1
1621270317000;14229574;1.21556;1.21562;1.21559;0;T;True;1
1621270318000;14229575;1.21556;1.21562;1.21559;0;T;True;1
1621270319000;14229576;1.21556;1.21562;1.21559;0;T;True;1
1621270320000;14229578;1.21555;1.21561;1.21558;1;T;True;1
1621270321000;14229579;1.21555;1.21561;1.21558;0;T;True;1
1621270322000;14229580;1.21555;1.21561;1.21558;0;T;True;1
1621270323000;14229582;1.21554;1.2156;1.21557;1;T;True;1
1621270324000;14229583;1.21554;1.2156;1.21557;0;T;True;1
1621270325000;14229585;1.21554;1.2156;1.21557;1;T;True;1
1621270326000;14229586;1.21554;1.2156;1.21557;0;T;True;1
1621270327000;14229587;1.21554;1.2156;1.21557;0;T;True;1
1621270328000;14229588;1.21554;1.2156;1.21557;0;T;True;1
1621270329000;14229589;1.21554;1.2156;1.21557;0;T;True;1
1621270330000;14229590;1.21554;1.2156;1.21557;0;T;True;1
1621270331000;14229591;1.21554;1.2156;1.21557;0;T;True;1
1621270332000;14229592;1.21554;1.2156;1.21557;0;T;True;1
1621270333000;14229593;1.21554;1.2156;1.21557;0;T;True;1
1621270334000;14229594;1.21554;1.2156;1.21557;0;T;True;1
1621270335000;14229595;1.21554;1.2156;1.21557;0;T;True;1
1621270336000;14229599;1.21559;1.21565;1.21562;3;T;True;1
1621270337000;14229603;1.2156;1.21566;1.21563;3;T;True;1
1621270338000;14229605;1.21561;1.21567;1.21564;1;T;True;1
1621270339000;14229611;1.21564;1.2157;1.21567;5;T;True;1
1621270340000;14229612;1.21564;1.2157;1.21567;0;T;True;1
1621270341000;14229613;1.21564;1.2157;1.21567;0;T;True;1
1621270342000;14229614;1.21564;1.2157;1.21567;0;T;True;1
1621270343000;14229615;1.21564;1.2157;1.21567;0;T;True;1
1621270344000;14229616;1.21564;1.2157;1.21567;0;T;True;1
1621270345000;14229617;1.21564;1.2157;1.21567;0;T;True;1
1621270346000;14229618;1.21564;1.2157;1.21567;0;T;True;1
1621270347000;14229620;1.21564;1.2157;1.21567;1;T;True;1
1621270348000;14229621;1.21564;1.2157;1.21567;0;T;True;1
1621270349000;14229622;1.21564;1.2157;1.21567;0;T;True;1
1621270350000;14229623;1.21564;1.2157;1.21567;0;T;True;1
1621270351000;14229624;1.21564;1.2157;1.21567;0;T;True;1
1621270352000;14229625;1.21564;1.2157;1.21567;0;T;True;1
1621270353000;14229627;1.21564;1.2157;1.21567;1;T;True;1
1621270354000;14229628;1.21564;1.2157;1.21567;0;T;True;1
1621270355000;14229629;1.21564;1.2157;1.21567;0;T;True;1
1621270356000;14229635;1.21565;1.21571;1.21568;5;T;True;1
1621270357000;14229639;1.21565;1.21571;1.21568;3;T;True;1
1621270358000;14229643;1.21564;1.2157;1.21567;3;T;True;1
1621270359000;14229645;1.21564;1.2157;1.21567;1;T;True;1
1621270360000;14229646;1.21564;1.2157;1.21567;0;T;True;1
1621270361000;14229647;1.21564;1.2157;1.21567;0;T;True;1
1621270362000;14229656;1.21566;1.21572;1.21569;8;T;True;1
1621270363000;14229657;1.21566;1.21572;1.21569;0;T;True;1
1621270364000;14229660;1.21564;1.2157;1.21567;2;T;True;1
1621270365000;14229662;1.21564;1.2157;1.21567;1;T;True;1
1621270366000;14229663;1.21564;1.2157;1.21567;0;T;True;1
1621270367000;14229664;1.21564;1.2157;1.21567;0;T;True;1
1621270368000;14229665;1.21564;1.2157;1.21567;0;T;True;1
1621270369000;14229666;1.21564;1.2157;1.21567;0;T;True;1
1621270370000;14229667;1.21564;1.2157;1.21567;0;T;True;1
1621270371000;14229668;1.21564;1.2157;1.21567;0;T;True;1
1621270372000;14229669;1.21564;1.2157;1.21567;0;T;True;1
1621270373000;14229670;1.21564;1.2157;1.21567;0;T;True;1
1621270374000;14229671;1.21564;1.2157;1.21567;0;T;True;1
1621270375000;14229672;1.21564;1.2157;1.21567;0;T;True;1
1621270376000;14229673;1.21564;1.2157;1.21567;0;T;True;1
1621270377000;14229674;1.21564;1.2157;1.21567;0;T;True;1
1621270378000;14229675;1.21564;1.2157;1.21567;0;T;True;1
1621270379000;14229676;1.21564;1.2157;1.21567;0;T;True;1
1621270380000;14229677;1.21564;1.2157;1.21567;0;T;True;1
1621270381000;14229679;1.21564;1.2157;1.21567;1;T;True;1
1621270382000;14229680;1.21564;1.2157;1.21567;0;T;True;1
1621270383000;14229681;1.21564;1.2157;1.21567;0;T;True;1
1621270384000;14229682;1.21564;1.2157;1.21567;0;T;True;1
1621270385000;14229683;1.21564;1.2157;1.21567;0;T;True;1
1621270386000;14229684;1.21564;1.2157;1.21567;0;T;True;1
1621270387000;14229685;1.21564;1.2157;1.21567;0;T;True;1
1621270388000;14229686;1.21564;1.2157;1.21567;0;T;True;1
1621270389000;14229687;1.21564;1.2157;1.21567;0;T;True;1
1621270390000;14229688;1.21564;1.2157;1.21567;0;T;True;1
1621270391000;14229692;1.2156;1.21566;1.21563;3;T;True;1
1621270392000;14229698;1.21562;1.21568;1.21565;5;T;True;1
1621270393000;14229699;1.21562;1.21568;1.21565;0;T;True;1
1621270394000;14229700;1.21562;1.21568;1.21565;0;T;True;1
1621270395000;14229701;1.21562;1.21568;1.21565;0;T;True;1
1621270396000;14229702;1.21562;1.21568;1.21565;0;T;True;1
1621270397000;14229703;1.21562;1.21568;1.21565;0;T;True;1
1621270398000;14229704;1.21562;1.21568;1.21565;0;T;True;1
1621270399000;14229705;1.21562;1.21568;1.21565;0;T;True;1
1621270400000;14229706;1.21562;1.21568;1.21565;0;T;True;1
1621270401000;14229707;1.21562;1.21568;1.21565;0;T;True;1
1621270402000;14229710;1.21562;1.21568;1.21565;2;T;True;1
1621270403000;14229712;1.21562;1.21568;1.21565;1;T;True;1
1621270404000;14229713;1.21562;1.21568;1.21565;0;T;True;1
1621270405000;14229714;1.21562;1.21568;1.21565;0;T;True;1
1621270406000;14229715;1.21562;1.21568;1.21565;0;T;True;1
1621270407000;14229718;1.21559;1.21565;1.21562;2;T;True;1
1621270408000;14229720;1.2156;1.21566;1.21563;1;T;True;1
1621270409000;14229723;1.21558;1.21564;1.21561;2;T;True;1
1621270410000;14229724;1.21558;1.21564;1.21561;0;T;True;1
1621270411000;14229729;1.2156;1.21566;1.21563;4;T;True;1
1621270412000;14229731;1.2156;1.21566;1.21563;1;T;True;1
1621270413000;14229732;1.2156;1.21566;1.21563;0;T;True;1
1621270414000;14229733;1.2156;1.21566;1.21563;0;T;True;1
1621270415000;14229734;1.2156;1.21566;1.21563;0;T;True;1
1621270416000;14229735;1.2156;1.21566;1.21563;0;T;True;1
1621270417000;14229736;1.2156;1.21566;1.21563;0;T;True;1
1621270418000;14229737;1.2156;1.21566;1.21563;0;T;True;1
1621270419000;14229738;1.2156;1.21566;1.21563;0;T;True;1
1621270420000;14229739;1.2156;1.21566;1.21563;0;T;True;1
1621270421000;14229743;1.2156;1.21566;1.21563;3;T;True;1
1621270422000;14229746;1.2156;1.21566;1.21563;2;T;True;1
1621270423000;14229748;1.2156;1.21566;1.21563;1;T;True;1
1621270424000;14229751;1.21559;1.21565;1.21562;2;T;True;1
1621270425000;14229752;1.21559;1.21565;1.21562;0;T;True;1
1621270426000;14229753;1.21559;1.21565;1.21562;0;T;True;1
1621270427000;14229754;1.21559;1.21565;1.21562;0;T;True;1
1621270428000;14229755;1.21559;1.21565;1.21562;0;T;True;1
1621270429000;14229758;1.2156;1.21566;1.21563;2;T;True;1
1621270430000;14229759;1.2156;1.21566;1.21563;0;T;True;1
1621270431000;14229761;1.2156;1.21566;1.21563;1;T;True;1
1621270432000;14229762;1.2156;1.21566;1.21563;0;T;True;1
1621270433000;14229768;1.21555;1.21561;1.21558;5;T;True;1
1621270434000;14229770;1.21555;1.21561;1.21558;1;T;True;1
1621270435000;14229771;1.21555;1.21561;1.21558;0;T;True;1
1621270436000;14229772;1.21555;1.21561;1.21558;0;T;True;1
1621270437000;14229774;1.21554;1.2156;1.21557;1;T;True;1
1621270438000;14229776;1.21554;1.2156;1.21557;1;T;True;1
1621270439000;14229777;1.21554;1.2156;1.21557;0;T;True;1
1621270440000;14229778;1.21554;1.2156;1.21557;0;T;True;1
1621270441000;14229779;1.21554;1.2156;1.21557;0;T;True;1
1621270442000;14229780;1.21554;1.2156;1.21557;0;T;True;1
1621270443000;14229781;1.21554;1.2156;1.21557;0;T;True;1
1621270444000;14229782;1.21554;1.2156;1.21557;0;T;True;1
1621270445000;14229783;1.21554;1.2156;1.21557;0;T;True;1
1621270446000;14229784;1.21554;1.2156;1.21557;0;T;True;1
1621270447000;14229785;1.21554;1.2156;1.21557;0;T;True;1
1621270448000;14229786;1.21554;1.2156;1.21557;0;T;True;1
1621270449000;14229787;1.21554;1.2156;1.21557;0;T;True;1
1621270450000;14229788;1.21554;1.2156;1.21557;0;T;True;1
1621270451000;14229789;1.21554;1.2156;1.21557;0;T;True;1
1621270452000;14229790;1.21554;1.2156;1.21557;0;T;True;1
1621270453000;14229791;1.21554;1.2156;1.21557;0;T;True;1
1621270454000;14229792;1.21554;1.2156;1.21557;0;T;True;1
1621270455000;14229793;1.21554;1.2156;1.21557;0;T;True;1
1621270456000;14229794;1.21554;1.2156;1.21557;0;T;True;1
1621270457000;14229797;1.21552;1.21558;1.21555;2;T;True;1
1621270458000;14229798;1.21552;1.21558;1.21555;0;T;True;1
1621270459000;14229799;1.21552;1.21558;1.21555;0;T;True;1
1621270460000;14229800;1.21552;1.21558;1.21555;0;T;True;1
1621270461000;14229801;1.21552;1.21558;1.21555;0;T;True;1
1621270462000;14229802;1.21552;1.21558;1.21555;0;T;True;1
1621270463000;14229803;1.21552;1.21558;1.21555;0;T;True;1
1621270464000;14229804;1.21552;1.21558;1.21555;0;T;True;1
1621270465000;14229805;1.21552;1.21558;1.21555;0;T;True;1
1621270466000;14229808;1.21554;1.2156;1.21557;2;T;True;1
1621270467000;14229809;1.21554;1.2156;1.21557;0;T;True;1
1621270468000;14229810;1.21554;1.2156;1.21557;0;T;True;1
1621270469000;14229815;1.21556;1.21562;1.21559;4;T;True;1
1621270470000;14229816;1.21556;1.21562;1.21559;0;T;True;1
1621270471000;14229817;1.21556;1.21562;1.21559;0;T;True;1
1621270472000;14229818;1.21556;1.21562;1.21559;0;T;True;1
1621270473000;14229819;1.21556;1.21562;1.21559;0;T;True;1
1621270474000;14229820;1.21556;1.21562;1.21559;0;T;True;1
1621270475000;14229823;1.21554;1.2156;1.21557;2;T;True;1
1621270476000;14229824;1.21554;1.2156;1.21557;0;T;True;1
1621270477000;14229825;1.21554;1.2156;1.21557;0;T;True;1
1621270478000;14229826;1.21554;1.2156;1.21557;0;T;True;1
1621270479000;14229827;1.21554;1.2156;1.21557;0;T;True;1
1621270480000;14229828;1.21554;1.2156;1.21557;0;T;True;1
1621270481000;14229829;1.21554;1.2156;1.21557;0;T;True;1
1621270482000;14229830;1.21554;1.2156;1.21557;0;T;True;1
1621270483000;14229832;1.21554;1.2156;1.21557;1;T;True;1
1621270484000;14229833;1.21554;1.2156;1.21557;0;T;True;1
1621270485000;14229834;1.21554;1.2156;1.21557;0;T;True;1
1621270486000;14229837;1.21555;1.21561;1.21558;2;T;True;1
1621270487000;14229838;1.21555;1.21561;1.21558;0;T;True;1
1621270488000;14229839;1.21555;1.21561;1.21558;0;T;True;1
1621270489000;14229840;1.21555;1.21561;1.21558;0;T;True;1
1621270490000;14229842;1.21555;1.21561;1.21558;1;T;True;1
1621270491000;14229843;1.21555;1.21561;1.21558;0;T;True;1
1621270492000;14229844;1.21555;1.21561;1.21558;0;T;True;1
1621270493000;14229845;1.21555;1.21561;1.21558;0;T;True;1
1621270494000;14229846;1.21555;1.21561;1.21558;0;T;True;1
1621270495000;14229847;1.21555;1.21561;1.21558;0;T;True;1
1621270496000;14229848;1.21555;1.21561;1.21558;0;T;True;1
1621270497000;14229850;1.21554;1.2156;1.21557;1;T;True;1
1621270498000;14229852;1.21555;1.21561;1.21558;1;T;True;1
1621270499000;14229853;1.21555;1.21561;1.21558;0;T;True;1
1621270500000;14229854;1.21555;1.21561;1.21558;0;T;True;1
1621270501000;14229855;1.21555;1.21561;1.21558;0;T;True;1
1621270502000;14229857;1.21554;1.2156;1.21557;1;T;True;1
1621270503000;14229860;1.21555;1.21561;1.21558;2;T;True;1
1621270504000;14229863;1.21556;1.21562;1.21559;2;T;True;1
1621270505000;14229868;1.21557;1.21563;1.2156;4;T;True;1
1621270506000;14229871;1.21558;1.21564;1.21561;2;T;True;1
1621270507000;14229872;1.21558;1.21564;1.21561;0;T;True;1
1621270508000;14229874;1.21559;1.21565;1.21562;1;T;True;1
1621270509000;14229875;1.21559;1.21565;1.21562;0;T;True;1
1621270510000;14229876;1.21559;1.21565;1.21562;0;T;True;1
1621270511000;14229877;1.21559;1.21565;1.21562;0;T;True;1
1621270512000;14229878;1.21559;1.21565;1.21562;0;T;True;1
1621270513000;14229879;1.21559;1.21565;1.21562;0;T;True;1
1621270514000;14229880;1.21559;1.21565;1.21562;0;T;True;1
1621270515000;14229881;1.21559;1.21565;1.21562;0;T;True;1
1621270516000;14229884;1.21558;1.21564;1.21561;2;T;True;1
1621270517000;14229885;1.21558;1.21564;1.21561;0;T;True;1
1621270518000;14229886;1.21558;1.21564;1.21561;0;T;True;1
1621270519000;14229887;1.21558;1.21564;1.21561;0;T;True;1
1621270520000;14229890;1.21556;1.21562;1.21559;2;T;True;1
1621270521000;14229892;1.21554;1.2156;1.21557;1;T;True;1
1621270522000;14229893;1.21554;1.2156;1.21557;0;T;True;1
1621270523000;14229894;1.21554;1.2156;1.21557;0;T;True;1
1621270524000;14229896;1.21554;1.2156;1.21557;1;T;True;1
1621270525000;14229899;1.21554;1.2156;1.21557;2;T;True;1
1621270526000;14229900;1.21554;1.2156;1.21557;0;T;True;1
1621270527000;14229901;1.21554;1.2156;1.21557;0;T;True;1
1621270528000;14229903;1.21554;1.2156;1.21557;1;T;True;1
1621270529000;14229905;1.21553;1.21559;1.21556;1;T;True;1
1621270530000;14229906;1.21553;1.21559;1.21556;0;T;True;1
1621270531000;14229907;1.21553;1.21559;1.21556;0;T;True;1
1621270532000;14229908;1.21553;1.21559;1.21556;0;T;True;1
1621270533000;14229909;1.21553;1.21559;1.21556;0;T;True;1
1621270534000;14229910;1.21553;1.21559;1.21556;0;T;True;1
1621270535000;14229911;1.21553;1.21559;1.21556;0;T;True;1
1621270536000;14229912;1.21553;1.21559;1.21556;0;T;True;1
1621270537000;14229913;1.21553;1.21559;1.21556;0;T;True;1
1621270538000;14229914;1.21553;1.21559;1.21556;0;T;True;1
1621270539000;14229915;1.21553;1.21559;1.21556;0;T;True;1
1621270540000;14229916;1.21553;1.21559;1.21556;0;T;True;1
1621270541000;14229919;1.21552;1.21558;1.21555;2;T;True;1
1621270542000;14229920;1.21552;1.21558;1.21555;0;T;True;1
1621270543000;14229921;1.21552;1.21558;1.21555;0;T;True;1
1621270544000;14229922;1.21552;1.21558;1.21555;0;T;True;1
1621270545000;14229926;1.21552;1.21558;1.21555;3;T;True;1
1621270546000;14229931;1.21548;1.21554;1.21551;4;T;True;1
1621270547000;14229933;1.21548;1.21554;1.21551;1;T;True;1
1621270548000;14229935;1.21547;1.21553;1.2155;1;T;True;1
1621270549000;14229937;1.21547;1.21553;1.2155;1;T;True;1
1621270550000;14229939;1.21547;1.21553;1.2155;1;T;True;1
1621270551000;14229943;1.21548;1.21554;1.21551;3;T;True;1
1621270552000;14229946;1.21549;1.21555;1.21552;2;T;True;1
1621270553000;14229947;1.21549;1.21555;1.21552;0;T;True;1
1621270554000;14229948;1.21549;1.21555;1.21552;0;T;True;1
1621270555000;14229950;1.21548;1.21554;1.21551;1;T;True;1
1621270556000;14229952;1.21548;1.21554;1.21551;1;T;True;1
1621270557000;14229958;1.2155;1.21556;1.21553;5;T;True;1
1621270558000;14229959;1.2155;1.21556;1.21553;0;T;True;1
1621270559000;14229961;1.2155;1.21556;1.21553;1;T;True;1
1621270560000;14229963;1.2155;1.21556;1.21553;1;T;True;1
1621270561000;14229964;1.2155;1.21556;1.21553;0;T;True;1
1621270562000;14229965;1.2155;1.21556;1.21553;0;T;True;1
1621270563000;14229966;1.2155;1.21556;1.21553;0;T;True;1
1621270564000;14229970;1.2155;1.21556;1.21553;3;T;True;1
1621270565000;14229971;1.2155;1.21556;1.21553;0;T;True;1
1621270566000;14229974;1.2155;1.21556;1.21553;2;T;True;1
1621270567000;14229976;1.21549;1.21555;1.21552;1;T;True;1
1621270568000;14229977;1.21549;1.21555;1.21552;0;T;True;1
1621270569000;14229979;1.21548;1.21554;1.21551;1;T;True;1
1621270570000;14229981;1.21548;1.21554;1.21551;1;T;True;1
1621270571000;14229983;1.21548;1.21554;1.21551;1;T;True;1
1621270572000;14229990;1.2155;1.21556;1.21553;6;T;True;1
1621270573000;14229991;1.2155;1.21556;1.21553;0;T;True;1
1621270574000;14229993;1.2155;1.21556;1.21553;1;T;True;1
1621270575000;14229994;1.2155;1.21556;1.21553;0;T;True;1
1621270576000;14229997;1.21549;1.21555;1.21552;2;T;True;1
1621270577000;14229998;1.21549;1.21555;1.21552;0;T;True;1
1621270578000;14229999;1.21549;1.21555;1.21552;0;T;True;1
1621270579000;14230001;1.21549;1.21555;1.21552;1;T;True;1
1621270580000;14230002;1.21549;1.21555;1.21552;0;T;True;1
1621270581000;14230003;1.21549;1.21555;1.21552;0;T;True;1
1621270582000;14230004;1.21549;1.21555;1.21552;0;T;True;1
1621270583000;14230006;1.21548;1.21554;1.21551;1;T;True;1
1621270584000;14230008;1.21549;1.21555;1.21552;1;T;True;1
1621270585000;14230009;1.21549;1.21555;1.21552;0;T;True;1
1621270586000;14230010;1.21549;1.21555;1.21552;0;T;True;1
1621270587000;14230011;1.21549;1.21555;1.21552;0;T;True;1
1621270588000;14230013;1.21549;1.21555;1.21552;1;T;True;1
1621270589000;14230016;1.21549;1.21555;1.21552;2;T;True;1
1621270590000;14230018;1.21549;1.21555;1.21552;1;T;True;1
1621270591000;14230019;1.21549;1.21555;1.21552;0;T;True;1
1621270592000;14230020;1.21549;1.21555;1.21552;0;T;True;1
1621270593000;14230025;1.2155;1.21556;1.21553;4;T;True;1
1621270594000;14230027;1.2155;1.21556;1.21553;1;T;True;1
1621270595000;14230028;1.2155;1.21556;1.21553;0;T;True;1
1621270596000;14230029;1.2155;1.21556;1.21553;0;T;True;1
1621270597000;14230031;1.2155;1.21556;1.21553;1;T;True;1
1621270598000;14230032;1.2155;1.21556;1.21553;0;T;True;1
1621270599000;14230034;1.2155;1.21556;1.21553;1;T;True;1
1621270600000;14230035;1.2155;1.21556;1.21553;0;T;True;1
1621270601000;14230036;1.2155;1.21556;1.21553;0;T;True;1
1621270602000;14230038;1.2155;1.21556;1.21553;1;T;True;1
1621270603000;14230039;1.2155;1.21556;1.21553;0;T;True;1
1621270604000;14230040;1.2155;1.21556;1.21553;0;T;True;1
1621270605000;14230041;1.2155;1.21556;1.21553;0;T;True;1
1621270606000;14230042;1.2155;1.21556;1.21553;0;T;True;1
1621270607000;14230043;1.2155;1.21556;1.21553;0;T;True;1
1621270608000;14230045;1.2155;1.21556;1.21553;1;T;True;1
1621270609000;14230047;1.2155;1.21556;1.21553;1;T;True;1
1621270610000;14230048;1.2155;1.21556;1.21553;0;T;True;1
1621270611000;14230050;1.2155;1.21556;1.21553;1;T;True;1
1621270612000;14230051;1.2155;1.21556;1.21553;0;T;True;1
1621270613000;14230052;1.2155;1.21556;1.21553;0;T;True;1
1621270614000;14230053;1.2155;1.21556;1.21553;0;T;True;1
1621270615000;14230054;1.2155;1.21556;1.21553;0;T;True;1
1621270616000;14230055;1.2155;1.21556;1.21553;0;T;True;1
1621270617000;14230056;1.2155;1.21556;1.21553;0;T;True;1
1621270618000;14230057;1.2155;1.21556;1.21553;0;T;True;1
1621270619000;14230058;1.2155;1.21556;1.21553;0;T;True;1
1621270620000;14230059;1.2155;1.21556;1.21553;0;T;True;1
1621270621000;14230060;1.2155;1.21556;1.21553;0;T;True;1
1621270622000;14230061;1.2155;1.21556;1.21553;0;T;True;1
1621270623000;14230065;1.2155;1.21556;1.21553;3;T;True;1
1621270624000;14230066;1.2155;1.21556;1.21553;0;T;True;1
1621270625000;14230068;1.2155;1.21556;1.21553;1;T;True;1
1621270626000;14230069;1.2155;1.21556;1.21553;0;T;True;1
1621270627000;14230070;1.2155;1.21556;1.21553;0;T;True;1
1621270628000;14230071;1.2155;1.21556;1.21553;0;T;True;1
1621270629000;14230072;1.2155;1.21556;1.21553;0;T;True;1
1621270630000;14230073;1.2155;1.21556;1.21553;0;T;True;1
1621270631000;14230074;1.2155;1.21556;1.21553;0;T;True;1
1621270632000;14230075;1.2155;1.21556;1.21553;0;T;True;1
1621270633000;14230076;1.2155;1.21556;1.21553;0;T;True;1
1621270634000;14230078;1.2155;1.21556;1.21553;1;T;True;1
1621270635000;14230080;1.2155;1.21556;1.21553;1;T;True;1
1621270636000;14230081;1.2155;1.21556;1.21553;0;T;True;1
1621270637000;14230088;1.21552;1.21558;1.21555;6;T;True;1
1621270638000;14230089;1.21552;1.21558;1.21555;0;T;True;1
1621270639000;14230090;1.21552;1.21558;1.21555;0;T;True;1
1621270640000;14230092;1.21552;1.21558;1.21555;1;T;True;1
1621270641000;14230097;1.21552;1.21558;1.21555;4;T;True;1
1621270642000;14230099;1.2155;1.21556;1.21553;1;T;True;1
1621270643000;14230100;1.2155;1.21556;1.21553;0;T;True;1
1621270644000;14230104;1.2155;1.21556;1.21553;3;T;True;1
1621270645000;14230105;1.2155;1.21556;1.21553;0;T;True;1
1621270646000;14230109;1.21552;1.21558;1.21555;3;T;True;1
1621270647000;14230110;1.21552;1.21558;1.21555;0;T;True;1
1621270648000;14230111;1.21552;1.21558;1.21555;0;T;True;1
1621270649000;14230113;1.21552;1.21558;1.21555;1;T;True;1
1621270650000;14230119;1.21552;1.21558;1.21555;5;T;True;1
1621270651000;14230123;1.2155;1.21556;1.21553;3;T;True;1
1621270652000;14230125;1.2155;1.21556;1.21553;1;T;True;1
1621270653000;14230126;1.2155;1.21556;1.21553;0;T;True;1
1621270654000;14230127;1.2155;1.21556;1.21553;0;T;True;1
1621270655000;14230128;1.2155;1.21556;1.21553;0;T;True;1
1621270656000;14230130;1.2155;1.21556;1.21553;1;T;True;1
1621270657000;14230131;1.2155;1.21556;1.21553;0;T;True;1
1621270658000;14230132;1.2155;1.21556;1.21553;0;T;True;1
1621270659000;14230134;1.2155;1.21556;1.21553;1;T;True;1
1621270660000;14230135;1.2155;1.21556;1.21553;0;T;True;1
1621270661000;14230137;1.21548;1.21554;1.21551;1;T;True;1
1621270662000;14230138;1.21548;1.21554;1.21551;0;T;True;1
1621270663000;14230139;1.21548;1.21554;1.21551;0;T;True;1
1621270664000;14230141;1.21548;1.21554;1.21551;1;T;True;1
1621270665000;14230142;1.21548;1.21554;1.21551;0;T;True;1
1621270666000;14230145;1.21548;1.21554;1.21551;2;T;True;1
1621270667000;14230149;1.21548;1.21554;1.21551;3;T;True;1
1621270668000;14230150;1.21548;1.21554;1.21551;0;T;True;1
1621270669000;14230152;1.21549;1.21555;1.21552;1;T;True;1
1621270670000;14230154;1.21549;1.21555;1.21552;1;T;True;1
1621270671000;14230155;1.21549;1.21555;1.21552;0;T;True;1
1621270672000;14230157;1.21549;1.21555;1.21552;1;T;True;1
1621270673000;14230158;1.21549;1.21555;1.21552;0;T;True;1
1621270674000;14230159;1.21549;1.21555;1.21552;0;T;True;1
1621270675000;14230161;1.21549;1.21555;1.21552;1;T;True;1
1621270676000;14230162;1.21549;1.21555;1.21552;0;T;True;1
1621270677000;14230163;1.21549;1.21555;1.21552;0;T;True;1
1621270678000;14230165;1.21549;1.21555;1.21552;1;T;True;1
1621270679000;14230166;1.21549;1.21555;1.21552;0;T;True;1
1621270680000;14230167;1.21549;1.21555;1.21552;0;T;True;1
1621270681000;14230168;1.21549;1.21555;1.21552;0;T;True;1
1621270682000;14230169;1.21549;1.21555;1.21552;0;T;True;1
1621270683000;14230170;1.21549;1.21555;1.21552;0;T;True;1
1621270684000;14230172;1.21549;1.21555;1.21552;1;T;True;1
1621270685000;14230173;1.21549;1.21555;1.21552;0;T;True;1
1621270686000;14230174;1.21549;1.21555;1.21552;0;T;True;1
1621270687000;14230175;1.21549;1.21555;1.21552;0;T;True;1
1621270688000;14230177;1.21549;1.21555;1.21552;1;T;True;1
1621270689000;14230178;1.21549;1.21555;1.21552;0;T;True;1
1621270690000;14230179;1.21549;1.21555;1.21552;0;T;True;1
1621270691000;14230180;1.21549;1.21555;1.21552;0;T;True;1
1621270692000;14230181;1.21549;1.21555;1.21552;0;T;True;1
1621270693000;14230182;1.21549;1.21555;1.21552;0;T;True;1
1621270694000;14230183;1.21549;1.21555;1.21552;0;T;True;1
1621270695000;14230184;1.21549;1.21555;1.21552;0;T;True;1
1621270696000;14230185;1.21549;1.21555;1.21552;0;T;True;1
1621270697000;14230186;1.21549;1.21555;1.21552;0;T;True;1
1621270698000;14230188;1.21549;1.21555;1.21552;1;T;True;1
1621270699000;14230190;1.21548;1.21554;1.21551;1;T;True;1
1621270700000;14230191;1.21548;1.21554;1.21551;0;T;True;1
1621270701000;14230192;1.21548;1.21554;1.21551;0;T;True;1
1621270702000;14230194;1.21549;1.21555;1.21552;1;T;True;1
1621270703000;14230195;1.21549;1.21555;1.21552;0;T;True;1
1621270704000;14230196;1.21549;1.21555;1.21552;0;T;True;1
1621270705000;14230197;1.21549;1.21555;1.21552;0;T;True;1
1621270706000;14230199;1.21548;1.21554;1.21551;1;T;True;1
1621270707000;14230201;1.21548;1.21554;1.21551;1;T;True;1
1621270708000;14230202;1.21548;1.21554;1.21551;0;T;True;1
1621270709000;14230205;1.21548;1.21554;1.21551;2;T;True;1
1621270710000;14230209;1.21548;1.21554;1.21551;3;T;True;1
1621270711000;14230211;1.21549;1.21555;1.21552;1;T;True;1
1621270712000;14230213;1.21549;1.21555;1.21552;1;T;True;1
1621270713000;14230214;1.21549;1.21555;1.21552;0;T;True;1
1621270714000;14230215;1.21549;1.21555;1.21552;0;T;True;1
1621270715000;14230227;1.21553;1.21559;1.21556;11;T;True;1
1621270716000;14230234;1.21554;1.2156;1.21557;6;T;True;1
1621270717000;14230235;1.21554;1.2156;1.21557;0;T;True;1
1621270718000;14230236;1.21554;1.2156;1.21557;0;T;True;1
1621270719000;14230237;1.21554;1.2156;1.21557;0;T;True;1
1621270720000;14230238;1.21554;1.2156;1.21557;0;T;True;1
1621270721000;14230240;1.21554;1.2156;1.21557;1;T;True;1
1621270722000;14230245;1.21556;1.21562;1.21559;4;T;True;1
1621270723000;14230246;1.21556;1.21562;1.21559;0;T;True;1
1621270724000;14230248;1.21556;1.21562;1.21559;1;T;True;1
1621270725000;14230250;1.21556;1.21562;1.21559;1;T;True;1
1621270726000;14230251;1.21556;1.21562;1.21559;0;T;True;1
1621270727000;14230254;1.21556;1.21562;1.21559;2;T;True;1
1621270728000;14230257;1.21554;1.2156;1.21557;2;T;True;1
1621270729000;14230258;1.21554;1.2156;1.21557;0;T;True;1
1621270730000;14230259;1.21554;1.2156;1.21557;0;T;True;1
1621270731000;14230260;1.21554;1.2156;1.21557;0;T;True;1
1621270732000;14230264;1.2155;1.21556;1.21553;3;T;True;1
1621270733000;14230266;1.2155;1.21556;1.21553;1;T;True;1
1621270734000;14230268;1.21549;1.21555;1.21552;1;T;True;1
1621270735000;14230271;1.2155;1.21556;1.21553;2;T;True;1
1621270736000;14230273;1.2155;1.21556;1.21553;1;T;True;1
1621270737000;14230274;1.2155;1.21556;1.21553;0;T;True;1
1621270738000;14230275;1.2155;1.21556;1.21553;0;T;True;1
1621270739000;14230276;1.2155;1.21556;1.21553;0;T;True;1
1621270740000;14230277;1.2155;1.21556;1.21553;0;T;True;1
1621270741000;14230278;1.2155;1.21556;1.21553;0;T;True;1
1621270742000;14230279;1.2155;1.21556;1.21553;0;T;True;1
1621270743000;14230281;1.21549;1.21555;1.21552;1;T;True;1
1621270744000;14230282;1.21549;1.21555;1.21552;0;T;True;1
1621270745000;14230283;1.21549;1.21555;1.21552;0;T;True;1
1621270746000;14230284;1.21549;1.21555;1.21552;0;T;True;1
1621270747000;14230285;1.21549;1.21555;1.21552;0;T;True;1
1621270748000;14230286;1.21549;1.21555;1.21552;0;T;True;1
1621270749000;14230288;1.21548;1.21554;1.21551;1;T;True;1
1621270750000;14230293;1.2155;1.21556;1.21553;4;T;True;1
1621270751000;14230298;1.2155;1.21556;1.21553;4;T;True;1
1621270752000;14230300;1.21549;1.21555;1.21552;1;T;True;1
1621270753000;14230301;1.21549;1.21555;1.21552;0;T;True;1
1621270754000;14230303;1.21548;1.21554;1.21551;1;T;True;1
1621270755000;14230306;1.2155;1.21556;1.21553;2;T;True;1
1621270756000;14230307;1.2155;1.21556;1.21553;0;T;True;1
1621270757000;14230308;1.2155;1.21556;1.21553;0;T;True;1
1621270758000;14230309;1.2155;1.21556;1.21553;0;T;True;1
1621270759000;14230310;1.2155;1.21556;1.21553;0;T;True;1
1621270760000;14230311;1.2155;1.21556;1.21553;0;T;True;1
1621270761000;14230316;1.2155;1.21556;1.21553;4;T;True;1
1621270762000;14230318;1.2155;1.21556;1.21553;1;T;True;1
1621270763000;14230320;1.21551;1.21557;1.21554;1;T;True;1
1621270764000;14230321;1.21551;1.21557;1.21554;0;T;True;1
1621270765000;14230325;1.21552;1.21558;1.21555;3;T;True;1
1621270766000;14230327;1.21552;1.21558;1.21555;1;T;True;1
1621270767000;14230328;1.21552;1.21558;1.21555;0;T;True;1
1621270768000;14230329;1.21552;1.21558;1.21555;0;T;True;1
1621270769000;14230330;1.21552;1.21558;1.21555;0;T;True;1
1621270770000;14230333;1.21554;1.2156;1.21557;2;T;True;1
1621270771000;14230337;1.21554;1.2156;1.21557;3;T;True;1
1621270772000;14230339;1.21554;1.2156;1.21557;1;T;True;1
1621270773000;14230341;1.21556;1.21562;1.21559;1;T;True;1
1621270774000;14230342;1.21556;1.21562;1.21559;0;T;True;1
1621270775000;14230346;1.21558;1.21564;1.21561;3;T;True;1
1621270776000;14230350;1.21558;1.21564;1.21561;3;T;True;1
1621270777000;14230357;1.2156;1.21566;1.21563;6;T;True;1
1621270778000;14230359;1.2156;1.21566;1.21563;1;T;True;1
1621270779000;14230360;1.2156;1.21566;1.21563;0;T;True;1
1621270780000;14230364;1.2156;1.21566;1.21563;3;T;True;1
1621270781000;14230365;1.2156;1.21566;1.21563;0;T;True;1
1621270782000;14230368;1.2156;1.21566;1.21563;2;T;True;1
1621270783000;14230370;1.2156;1.21566;1.21563;1;T;True;1
1621270784000;14230373;1.2156;1.21566;1.21563;2;T;True;1
1621270785000;14230375;1.21561;1.21567;1.21564;1;T;True;1
1621270786000;14230377;1.2156;1.21566;1.21563;1;T;True;1
1621270787000;14230378;1.2156;1.21566;1.21563;0;T;True;1
1621270788000;14230379;1.2156;1.21566;1.21563;0;T;True;1
1621270789000;14230383;1.21559;1.21565;1.21562;3;T;True;1
1621270790000;14230385;1.21558;1.21564;1.21561;1;T;True;1
1621270791000;14230386;1.21558;1.21564;1.21561;0;T;True;1
1621270792000;14230388;1.21559;1.21565;1.21562;1;T;True;1
1621270793000;14230389;1.21559;1.21565;1.21562;0;T;True;1
1621270794000;14230391;1.21559;1.21565;1.21562;1;T;True;1
1621270795000;14230392;1.21559;1.21565;1.21562;0;T;True;1
1621270796000;14230397;1.21558;1.21564;1.21561;4;T;True;1
1621270797000;14230402;1.21556;1.21562;1.21559;4;T;True;1
1621270798000;14230403;1.21556;1.21562;1.21559;0;T;True;1
1621270799000;14230404;1.21556;1.21562;1.21559;0;T;True;1
1621270800000;14230405;1.21556;1.21562;1.21559;0;T;True;1
1621270801000;14230406;1.21556;1.21562;1.21559;0;T;True;1
1621270802000;14230407;1.21556;1.21562;1.21559;0;T;True;1
1621270803000;14230408;1.21556;1.21562;1.21559;0;T;True;1
1621270804000;14230409;1.21556;1.21562;1.21559;0;T;True;1
1621270805000;14230410;1.21556;1.21562;1.21559;0;T;True;1
1621270806000;14230413;1.21559;1.21565;1.21562;2;T;True;1
1621270807000;14230414;1.21559;1.21565;1.21562;0;T;True;1
1621270808000;14230415;1.21559;1.21565;1.21562;0;T;True;1
1621270809000;14230420;1.21559;1.21565;1.21562;4;T;True;1
1621270810000;14230422;1.2156;1.21566;1.21563;1;T;True;1
1621270811000;14230423;1.2156;1.21566;1.21563;0;T;True;1
1621270812000;14230424;1.2156;1.21566;1.21563;0;T;True;1
1621270813000;14230425;1.2156;1.21566;1.21563;0;T;True;1
1621270814000;14230427;1.2156;1.21566;1.21563;1;T;True;1
1621270815000;14230428;1.2156;1.21566;1.21563;0;T;True;1
1621270816000;14230431;1.2156;1.21566;1.21563;2;T;True;1
1621270817000;14230432;1.2156;1.21566;1.21563;0;T;True;1
1621270818000;14230433;1.2156;1.21566;1.21563;0;T;True;1
1621270819000;14230434;1.2156;1.21566;1.21563;0;T;True;1
1621270820000;14230435;1.2156;1.21566;1.21563;0;T;True;1
1621270821000;14230437;1.2156;1.21566;1.21563;1;T;True;1
1621270822000;14230438;1.2156;1.21566;1.21563;0;T;True;1
1621270823000;14230441;1.2156;1.21566;1.21563;2;T;True;1
1621270824000;14230444;1.2156;1.21566;1.21563;2;T;True;1
1621270825000;14230448;1.21559;1.21565;1.21562;3;T;True;1
1621270826000;14230449;1.21559;1.21565;1.21562;0;T;True;1
1621270827000;14230450;1.21559;1.21565;1.21562;0;T;True;1
1621270828000;14230451;1.21559;1.21565;1.21562;0;T;True;1
1621270829000;14230452;1.21559;1.21565;1.21562;0;T;True;1
1621270830000;14230454;1.2156;1.21566;1.21563;1;T;True;1
1621270831000;14230456;1.21559;1.21565;1.21562;1;T;True;1
1621270832000;14230459;1.2156;1.21566;1.21563;2;T;True;1
1621270833000;14230462;1.2156;1.21566;1.21563;2;T;True;1
1621270834000;14230464;1.21562;1.21568;1.21565;1;T;True;1
1621270835000;14230469;1.2156;1.21566;1.21563;4;T;True;1
1621270836000;14230471;1.2156;1.21566;1.21563;1;T;True;1
1621270837000;14230477;1.21562;1.21568;1.21565;5;T;True;1
1621270838000;14230478;1.21562;1.21568;1.21565;0;T;True;1
1621270839000;14230480;1.21562;1.21568;1.21565;1;T;True;1
1621270840000;14230481;1.21562;1.21568;1.21565;0;T;True;1
1621270841000;14230489;1.2156;1.21566;1.21563;7;T;True;1
1621270842000;14230492;1.2156;1.21566;1.21563;2;T;True;1
1621270843000;14230493;1.2156;1.21566;1.21563;0;T;True;1
1621270844000;14230499;1.2156;1.21566;1.21563;5;T;True;1
1621270845000;14230500;1.2156;1.21566;1.21563;0;T;True;1
1621270846000;14230503;1.2156;1.21566;1.21563;2;T;True;1
1621270847000;14230508;1.2156;1.21566;1.21563;4;T;True;1
1621270848000;14230509;1.2156;1.21566;1.21563;0;T;True;1
1621270849000;14230511;1.2156;1.21566;1.21563;1;T;True;1
1621270850000;14230513;1.2156;1.21566;1.21563;1;T;True;1
1621270851000;14230514;1.2156;1.21566;1.21563;0;T;True;1
1621270852000;14230516;1.21559;1.21565;1.21562;1;T;True;1
1621270853000;14230518;1.21558;1.21564;1.21561;1;T;True;1
1621270854000;14230521;1.21559;1.21565;1.21562;2;T;True;1
1621270855000;14230522;1.21559;1.21565;1.21562;0;T;True;1
1621270856000;14230523;1.21559;1.21565;1.21562;0;T;True;1
1621270857000;14230525;1.21558;1.21564;1.21561;1;T;True;1
1621270858000;14230527;1.21558;1.21564;1.21561;1;T;True;1
1621270859000;14230529;1.21559;1.21565;1.21562;1;T;True;1
1621270860000;14230531;1.21558;1.21564;1.21561;1;T;True;1
1621270861000;14230532;1.21558;1.21564;1.21561;0;T;True;1
1621270862000;14230533;1.21558;1.21564;1.21561;0;T;True;1
1621270863000;14230534;1.21558;1.21564;1.21561;0;T;True;1
1621270864000;14230536;1.21558;1.21564;1.21561;1;T;True;1
1621270865000;14230537;1.21558;1.21564;1.21561;0;T;True;1
1621270866000;14230539;1.21558;1.21564;1.21561;1;T;True;1
1621270867000;14230540;1.21558;1.21564;1.21561;0;T;True;1
1621270868000;14230543;1.21558;1.21564;1.21561;2;T;True;1
1621270869000;14230544;1.21558;1.21564;1.21561;0;T;True;1
1621270870000;14230545;1.21558;1.21564;1.21561;0;T;True;1
1621270871000;14230546;1.21558;1.21564;1.21561;0;T;True;1
1621270872000;14230547;1.21558;1.21564;1.21561;0;T;True;1
1621270873000;14230549;1.21558;1.21564;1.21561;1;T;True;1
1621270874000;14230550;1.21558;1.21564;1.21561;0;T;True;1
1621270875000;14230555;1.21556;1.21562;1.21559;4;T;True;1
1621270876000;14230556;1.21556;1.21562;1.21559;0;T;True;1
1621270877000;14230557;1.21556;1.21562;1.21559;0;T;True;1
1621270878000;14230559;1.21556;1.21562;1.21559;1;T;True;1
1621270879000;14230561;1.21556;1.21562;1.21559;1;T;True;1
1621270880000;14230562;1.21556;1.21562;1.21559;0;T;True;1
1621270881000;14230566;1.21556;1.21562;1.21559;3;T;True;1
1621270882000;14230567;1.21556;1.21562;1.21559;0;T;True;1
1621270883000;14230568;1.21556;1.21562;1.21559;0;T;True;1
1621270884000;14230570;1.21556;1.21562;1.21559;1;T;True;1
1621270885000;14230572;1.21556;1.21562;1.21559;1;T;True;1
1621270886000;14230573;1.21556;1.21562;1.21559;0;T;True;1
1621270887000;14230574;1.21556;1.21562;1.21559;0;T;True;1
1621270888000;14230575;1.21556;1.21562;1.21559;0;T;True;1
1621270889000;14230576;1.21556;1.21562;1.21559;0;T;True;1
1621270890000;14230577;1.21556;1.21562;1.21559;0;T;True;1
1621270891000;14230581;1.21558;1.21564;1.21561;3;T;True;1
1621270892000;14230583;1.21558;1.21564;1.21561;1;T;True;1
1621270893000;14230584;1.21558;1.21564;1.21561;0;T;True;1
1621270894000;14230586;1.21559;1.21565;1.21562;1;T;True;1
1621270895000;14230587;1.21559;1.21565;1.21562;0;T;True;1
1621270896000;14230588;1.21559;1.21565;1.21562;0;T;True;1
1621270897000;14230589;1.21559;1.21565;1.21562;0;T;True;1
1621270898000;14230590;1.21559;1.21565;1.21562;0;T;True;1
1621270899000;14230591;1.21559;1.21565;1.21562;0;T;True;1
1621270900000;14230592;1.21559;1.21565;1.21562;0;T;True;1
1621270901000;14230593;1.21559;1.21565;1.21562;0;T;True;1
1621270902000;14230594;1.21559;1.21565;1.21562;0;T;True;1
1621270903000;14230595;1.21559;1.21565;1.21562;0;T;True;1
1621270904000;14230597;1.2156;1.21566;1.21563;1;T;True;1
1621270905000;14230598;1.2156;1.21566;1.21563;0;T;True;1
1621270906000;14230599;1.2156;1.21566;1.21563;0;T;True;1
1621270907000;14230602;1.2156;1.21566;1.21563;2;T;True;1
1621270908000;14230603;1.2156;1.21566;1.21563;0;T;True;1
1621270909000;14230605;1.2156;1.21566;1.21563;1;T;True;1
1621270910000;14230606;1.2156;1.21566;1.21563;0;T;True;1
1621270911000;14230608;1.2156;1.21566;1.21563;1;T;True;1
1621270912000;14230613;1.21564;1.2157;1.21567;4;T;True;1
1621270913000;14230618;1.21564;1.2157;1.21567;4;T;True;1
1621270914000;14230619;1.21564;1.2157;1.21567;0;T;True;1
1621270915000;14230620;1.21564;1.2157;1.21567;0;T;True;1
1621270916000;14230621;1.21564;1.2157;1.21567;0;T;True;1
1621270917000;14230624;1.21566;1.21572;1.21569;2;T;True;1
1621270918000;14230627;1.21566;1.21572;1.21569;2;T;True;1
1621270919000;14230630;1.21566;1.21572;1.21569;2;T;True;1
1621270920000;14230631;1.21566;1.21572;1.21569;0;T;True;1
1621270921000;14230633;1.21566;1.21572;1.21569;1;T;True;1
1621270922000;14230635;1.21566;1.21572;1.21569;1;T;True;1
1621270923000;14230638;1.21565;1.21571;1.21568;2;T;True;1
1621270924000;14230641;1.21568;1.21574;1.21571;2;T;True;1
1621270925000;14230642;1.21568;1.21574;1.21571;0;T;True;1
1621270926000;14230643;1.21568;1.21574;1.21571;0;T;True;1
1621270927000;14230644;1.21568;1.21574;1.21571;0;T;True;1
1621270928000;14230646;1.21568;1.21574;1.21571;1;T;True;1
1621270929000;14230647;1.21568;1.21574;1.21571;0;T;True;1
1621270930000;14230649;1.21568;1.21574;1.21571;1;T;True;1
1621270931000;14230651;1.21568;1.21574;1.21571;1;T;True;1
1621270932000;14230652;1.21568;1.21574;1.21571;0;T;True;1
1621270933000;14230655;1.21568;1.21574;1.21571;2;T;True;1
1621270934000;14230657;1.21568;1.21574;1.21571;1;T;True;1
1621270935000;14230658;1.21568;1.21574;1.21571;0;T;True;1
1621270936000;14230659;1.21568;1.21574;1.21571;0;T;True;1
1621270937000;14230661;1.21568;1.21574;1.21571;1;T;True;1
1621270938000;14230662;1.21568;1.21574;1.21571;0;T;True;1
1621270939000;14230663;1.21568;1.21574;1.21571;0;T;True;1
1621270940000;14230665;1.21568;1.21574;1.21571;1;T;True;1
1621270941000;14230669;1.2157;1.21576;1.21573;3;T;True;1
1621270942000;14230673;1.2157;1.21576;1.21573;3;T;True;1
1621270943000;14230675;1.2157;1.21576;1.21573;1;T;True;1
1621270944000;14230678;1.2157;1.21576;1.21573;2;T;True;1
1621270945000;14230682;1.2157;1.21576;1.21573;3;T;True;1
1621270946000;14230684;1.2157;1.21576;1.21573;1;T;True;1
1621270947000;14230686;1.2157;1.21576;1.21573;1;T;True;1
1621270948000;14230692;1.21571;1.21577;1.21574;5;T;True;1
1621270949000;14230698;1.21568;1.21574;1.21571;5;T;True;1
1621270950000;14230700;1.21568;1.21574;1.21571;1;T;True;1
1621270951000;14230701;1.21568;1.21574;1.21571;0;T;True;1
1621270952000;14230705;1.21566;1.21572;1.21569;3;T;True;1
1621270953000;14230706;1.21566;1.21572;1.21569;0;T;True;1
1621270954000;14230707;1.21566;1.21572;1.21569;0;T;True;1
1621270955000;14230708;1.21566;1.21572;1.21569;0;T;True;1
1621270956000;14230709;1.21566;1.21572;1.21569;0;T;True;1
1621270957000;14230713;1.21567;1.21573;1.2157;3;T;True;1
1621270958000;14230715;1.21566;1.21572;1.21569;1;T;True;1
1621270959000;14230716;1.21566;1.21572;1.21569;0;T;True;1
1621270960000;14230717;1.21566;1.21572;1.21569;0;T;True;1
1621270961000;14230718;1.21566;1.21572;1.21569;0;T;True;1
1621270962000;14230719;1.21566;1.21572;1.21569;0;T;True;1
1621270963000;14230720;1.21566;1.21572;1.21569;0;T;True;1
1621270964000;14230721;1.21566;1.21572;1.21569;0;T;True;1
1621270965000;14230726;1.21566;1.21572;1.21569;4;T;True;1
1621270966000;14230730;1.21566;1.21572;1.21569;3;T;True;1
1621270967000;14230731;1.21566;1.21572;1.21569;0;T;True;1
1621270968000;14230732;1.21566;1.21572;1.21569;0;T;True;1
1621270969000;14230734;1.21566;1.21572;1.21569;1;T;True;1
1621270970000;14230735;1.21566;1.21572;1.21569;0;T;True;1
1621270971000;14230736;1.21566;1.21572;1.21569;0;T;True;1
1621270972000;14230737;1.21566;1.21572;1.21569;0;T;True;1
1621270973000;14230739;1.21566;1.21572;1.21569;1;T;True;1
1621270974000;14230740;1.21566;1.21572;1.21569;0;T;True;1
1621270975000;14230741;1.21566;1.21572;1.21569;0;T;True;1
1621270976000;14230742;1.21566;1.21572;1.21569;0;T;True;1
1621270977000;14230743;1.21566;1.21572;1.21569;0;T;True;1
1621270978000;14230744;1.21566;1.21572;1.21569;0;T;True;1
1621270979000;14230749;1.21565;1.21571;1.21568;4;T;True;1
1621270980000;14230751;1.21565;1.21571;1.21568;1;T;True;1
1621270981000;14230752;1.21565;1.21571;1.21568;0;T;True;1
1621270982000;14230755;1.21566;1.21572;1.21569;2;T;True;1
1621270983000;14230757;1.21566;1.21572;1.21569;1;T;True;1
1621270984000;14230761;1.21566;1.21572;1.21569;3;T;True;1
1621270985000;14230762;1.21566;1.21572;1.21569;0;T;True;1
1621270986000;14230764;1.21566;1.21572;1.21569;1;T;True;1
1621270987000;14230765;1.21566;1.21572;1.21569;0;T;True;1
1621270988000;14230766;1.21566;1.21572;1.21569;0;T;True;1
1621270989000;14230767;1.21566;1.21572;1.21569;0;T;True;1
1621270990000;14230769;1.21568;1.21574;1.21571;1;T;True;1
1621270991000;14230770;1.21568;1.21574;1.21571;0;T;True;1
1621270992000;14230771;1.21568;1.21574;1.21571;0;T;True;1
1621270993000;14230774;1.21565;1.21571;1.21568;2;T;True;1
1621270994000;14230775;1.21565;1.21571;1.21568;0;T;True;1
1621270995000;14230776;1.21565;1.21571;1.21568;0;T;True;1
1621270996000;14230777;1.21565;1.21571;1.21568;0;T;True;1
1621270997000;14230779;1.21564;1.2157;1.21567;1;T;True;1
1621270998000;14230781;1.21566;1.21572;1.21569;1;T;True;1
1621270999000;14230782;1.21566;1.21572;1.21569;0;T;True;1
1621271000000;14230783;1.21566;1.21572;1.21569;0;T;True;1
1621271001000;14230787;1.21567;1.21573;1.2157;3;T;True;1
1621271002000;14230788;1.21567;1.21573;1.2157;0;T;True;1
1621271003000;14230791;1.21567;1.21573;1.2157;2;T;True;1
1621271004000;14230792;1.21567;1.21573;1.2157;0;T;True;1
1621271005000;14230794;1.21567;1.21573;1.2157;1;T;True;1
1621271006000;14230795;1.21567;1.21573;1.2157;0;T;True;1
1621271007000;14230796;1.21567;1.21573;1.2157;0;T;True;1
1621271008000;14230797;1.21567;1.21573;1.2157;0;T;True;1
1621271009000;14230799;1.21568;1.21574;1.21571;1;T;True;1
1621271010000;14230800;1.21568;1.21574;1.21571;0;T;True;1
1621271011000;14230802;1.21568;1.21574;1.21571;1;T;True;1
1621271012000;14230803;1.21568;1.21574;1.21571;0;T;True;1
1621271013000;14230804;1.21568;1.21574;1.21571;0;T;True;1
1621271014000;14230805;1.21568;1.21574;1.21571;0;T;True;1
1621271015000;14230807;1.21568;1.21574;1.21571;1;T;True;1
1621271016000;14230808;1.21568;1.21574;1.21571;0;T;True;1
1621271017000;14230809;1.21568;1.21574;1.21571;0;T;True;1
1621271018000;14230810;1.21568;1.21574;1.21571;0;T;True;1
1621271019000;14230811;1.21568;1.21574;1.21571;0;T;True;1
1621271020000;14230812;1.21568;1.21574;1.21571;0;T;True;1
1621271021000;14230813;1.21568;1.21574;1.21571;0;T;True;1
1621271022000;14230814;1.21568;1.21574;1.21571;0;T;True;1
1621271023000;14230815;1.21568;1.21574;1.21571;0;T;True;1
1621271024000;14230816;1.21568;1.21574;1.21571;0;T;True;1
1621271025000;14230817;1.21568;1.21574;1.21571;0;T;True;1
1621271026000;14230818;1.21568;1.21574;1.21571;0;T;True;1
1621271027000;14230819;1.21568;1.21574;1.21571;0;T;True;1
1621271028000;14230820;1.21568;1.21574;1.21571;0;T;True;1
1621271029000;14230825;1.21564;1.2157;1.21567;4;T;True;1
1621271030000;14230826;1.21564;1.2157;1.21567;0;T;True;1
1621271031000;14230829;1.21563;1.21569;1.21566;2;T;True;1
1621271032000;14230833;1.21562;1.21568;1.21565;3;T;True;1
1621271033000;14230834;1.21562;1.21568;1.21565;0;T;True;1
1621271034000;14230835;1.21562;1.21568;1.21565;0;T;True;1
1621271035000;14230836;1.21562;1.21568;1.21565;0;T;True;1
1621271036000;14230844;1.21562;1.21568;1.21565;7;T;True;1
1621271037000;14230845;1.21562;1.21568;1.21565;0;T;True;1
1621271038000;14230847;1.21562;1.21568;1.21565;1;T;True;1
1621271039000;14230857;1.2156;1.21566;1.21563;9;T;True;1
1621271040000;14230862;1.21562;1.21568;1.21565;4;T;True;1
1621271041000;14230864;1.2156;1.21566;1.21563;1;T;True;1
1621271042000;14230865;1.2156;1.21566;1.21563;0;T;True;1
1621271043000;14230866;1.2156;1.21566;1.21563;0;T;True;1
1621271044000;14230869;1.21558;1.21564;1.21561;2;T;True;1
1621271045000;14230872;1.21558;1.21564;1.21561;2;T;True;1
1621271046000;14230873;1.21558;1.21564;1.21561;0;T;True;1
1621271047000;14230874;1.21558;1.21564;1.21561;0;T;True;1
1621271048000;14230876;1.21558;1.21564;1.21561;1;T;True;1
1621271049000;14230877;1.21558;1.21564;1.21561;0;T;True;1
1621271050000;14230878;1.21558;1.21564;1.21561;0;T;True;1
1621271051000;14230879;1.21558;1.21564;1.21561;0;T;True;1
1621271052000;14230881;1.21558;1.21564;1.21561;1;T;True;1
1621271053000;14230884;1.21558;1.21564;1.21561;2;T;True;1
1621271054000;14230890;1.21562;1.21568;1.21565;5;T;True;1
1621271055000;14230892;1.21564;1.2157;1.21567;1;T;True;1
1621271056000;14230893;1.21564;1.2157;1.21567;0;T;True;1
1621271057000;14230894;1.21564;1.2157;1.21567;0;T;True;1
1621271058000;14230897;1.21562;1.21568;1.21565;2;T;True;1
1621271059000;14230899;1.21562;1.21568;1.21565;1;T;True;1
1621271060000;14230900;1.21562;1.21568;1.21565;0;T;True;1
1621271061000;14230901;1.21562;1.21568;1.21565;0;T;True;1
1621271062000;14230902;1.21562;1.21568;1.21565;0;T;True;1
1621271063000;14230903;1.21562;1.21568;1.21565;0;T;True;1
1621271064000;14230904;1.21562;1.21568;1.21565;0;T;True;1
1621271065000;14230905;1.21562;1.21568;1.21565;0;T;True;1
1621271066000;14230906;1.21562;1.21568;1.21565;0;T;True;1
1621271067000;14230907;1.21562;1.21568;1.21565;0;T;True;1
1621271068000;14230908;1.21562;1.21568;1.21565;0;T;True;1
1621271069000;14230909;1.21562;1.21568;1.21565;0;T;True;1
1621271070000;14230910;1.21562;1.21568;1.21565;0;T;True;1
1621271071000;14230911;1.21562;1.21568;1.21565;0;T;True;1
1621271072000;14230914;1.21562;1.21568;1.21565;2;T;True;1
1621271073000;14230915;1.21562;1.21568;1.21565;0;T;True;1
1621271074000;14230916;1.21562;1.21568;1.21565;0;T;True;1
1621271075000;14230917;1.21562;1.21568;1.21565;0;T;True;1
1621271076000;14230920;1.21562;1.21568;1.21565;2;T;True;1
1621271077000;14230922;1.21564;1.2157;1.21567;1;T;True;1
1621271078000;14230923;1.21564;1.2157;1.21567;0;T;True;1
1621271079000;14230924;1.21564;1.2157;1.21567;0;T;True;1
1621271080000;14230925;1.21564;1.2157;1.21567;0;T;True;1
1621271081000;14230926;1.21564;1.2157;1.21567;0;T;True;1
1621271082000;14230927;1.21564;1.2157;1.21567;0;T;True;1
1621271083000;14230928;1.21564;1.2157;1.21567;0;T;True;1
1621271084000;14230932;1.21564;1.2157;1.21567;3;T;True;1
1621271085000;14230935;1.21564;1.2157;1.21567;2;T;True;1
1621271086000;14230936;1.21564;1.2157;1.21567;0;T;True;1
1621271087000;14230937;1.21564;1.2157;1.21567;0;T;True;1
1621271088000;14230938;1.21564;1.2157;1.21567;0;T;True;1
1621271089000;14230939;1.21564;1.2157;1.21567;0;T;True;1
1621271090000;14230940;1.21564;1.2157;1.21567;0;T;True;1
1621271091000;14230941;1.21564;1.2157;1.21567;0;T;True;1
1621271092000;14230942;1.21564;1.2157;1.21567;0;T;True;1
1621271093000;14230943;1.21564;1.2157;1.21567;0;T;True;1
1621271094000;14230944;1.21564;1.2157;1.21567;0;T;True;1
1621271095000;14230945;1.21564;1.2157;1.21567;0;T;True;1
1621271096000;14230946;1.21564;1.2157;1.21567;0;T;True;1
1621271097000;14230947;1.21564;1.2157;1.21567;0;T;True;1
1621271098000;14230949;1.21564;1.2157;1.21567;1;T;True;1
1621271099000;14230950;1.21564;1.2157;1.21567;0;T;True;1
1621271100000;14230951;1.21564;1.2157;1.21567;0;T;True;1
1621271101000;14230954;1.21563;1.21569;1.21566;2;T;True;1
1621271102000;14230959;1.2156;1.21566;1.21563;4;T;True;1
1621271103000;14230964;1.21561;1.21567;1.21564;4;T;True;1
1621271104000;14230966;1.21562;1.21568;1.21565;1;T;True;1
1621271105000;14230967;1.21562;1.21568;1.21565;0;T;True;1
1621271106000;14230970;1.21564;1.2157;1.21567;2;T;True;1
1621271107000;14230971;1.21564;1.2157;1.21567;0;T;True;1
1621271108000;14230972;1.21564;1.2157;1.21567;0;T;True;1
1621271109000;14230973;1.21564;1.2157;1.21567;0;T;True;1
1621271110000;14230974;1.21564;1.2157;1.21567;0;T;True;1
1621271111000;14230975;1.21564;1.2157;1.21567;0;T;True;1
1621271112000;14230976;1.21564;1.2157;1.21567;0;T;True;1
1621271113000;14230977;1.21564;1.2157;1.21567;0;T;True;1
1621271114000;14230978;1.21564;1.2157;1.21567;0;T;True;1
1621271115000;14230979;1.21564;1.2157;1.21567;0;T;True;1
1621271116000;14230980;1.21564;1.2157;1.21567;0;T;True;1
1621271117000;14230981;1.21564;1.2157;1.21567;0;T;True;1
1621271118000;14230982;1.21564;1.2157;1.21567;0;T;True;1
1621271119000;14230983;1.21564;1.2157;1.21567;0;T;True;1
1621271120000;14230985;1.21564;1.2157;1.21567;1;T;True;1
1621271121000;14230986;1.21564;1.2157;1.21567;0;T;True;1
1621271122000;14230987;1.21564;1.2157;1.21567;0;T;True;1
1621271123000;14230988;1.21564;1.2157;1.21567;0;T;True;1
1621271124000;14230989;1.21564;1.2157;1.21567;0;T;True;1
1621271125000;14230990;1.21564;1.2157;1.21567;0;T;True;1
1621271126000;14230991;1.21564;1.2157;1.21567;0;T;True;1
1621271127000;14230992;1.21564;1.2157;1.21567;0;T;True;1
1621271128000;14230993;1.21564;1.2157;1.21567;0;T;True;1
1621271129000;14230994;1.21564;1.2157;1.21567;0;T;True;1
1621271130000;14230995;1.21564;1.2157;1.21567;0;T;True;1
1621271131000;14230996;1.21564;1.2157;1.21567;0;T;True;1
1621271132000;14230997;1.21564;1.2157;1.21567;0;T;True;1
1621271133000;14231002;1.21566;1.21572;1.21569;4;T;True;1
1621271134000;14231004;1.21567;1.21573;1.2157;1;T;True;1
1621271135000;14231005;1.21567;1.21573;1.2157;0;T;True;1
1621271136000;14231006;1.21567;1.21573;1.2157;0;T;True;1
1621271137000;14231007;1.21567;1.21573;1.2157;0;T;True;1
1621271138000;14231009;1.21568;1.21574;1.21571;1;T;True;1
1621271139000;14231010;1.21568;1.21574;1.21571;0;T;True;1
1621271140000;14231011;1.21568;1.21574;1.21571;0;T;True;1
1621271141000;14231014;1.21566;1.21572;1.21569;2;T;True;1
1621271142000;14231017;1.21566;1.21572;1.21569;2;T;True;1
1621271143000;14231018;1.21566;1.21572;1.21569;0;T;True;1
1621271144000;14231020;1.21567;1.21573;1.2157;1;T;True;1
1621271145000;14231021;1.21567;1.21573;1.2157;0;T;True;1
1621271146000;14231022;1.21567;1.21573;1.2157;0;T;True;1
1621271147000;14231023;1.21567;1.21573;1.2157;0;T;True;1
1621271148000;14231024;1.21567;1.21573;1.2157;0;T;True;1
1621271149000;14231026;1.21568;1.21574;1.21571;1;T;True;1
1621271150000;14231027;1.21568;1.21574;1.21571;0;T;True;1
1621271151000;14231028;1.21568;1.21574;1.21571;0;T;True;1
1621271152000;14231029;1.21568;1.21574;1.21571;0;T;True;1
1621271153000;14231030;1.21568;1.21574;1.21571;0;T;True;1
1621271154000;14231031;1.21568;1.21574;1.21571;0;T;True;1
1621271155000;14231032;1.21568;1.21574;1.21571;0;T;True;1
1621271156000;14231033;1.21568;1.21574;1.21571;0;T;True;1
1621271157000;14231034;1.21568;1.21574;1.21571;0;T;True;1
1621271158000;14231035;1.21568;1.21574;1.21571;0;T;True;1
1621271159000;14231040;1.21564;1.2157;1.21567;4;T;True;1
1621271160000;14231041;1.21564;1.2157;1.21567;0;T;True;1
1621271161000;14231042;1.21564;1.2157;1.21567;0;T;True;1
1621271162000;14231043;1.21564;1.2157;1.21567;0;T;True;1
1621271163000;14231044;1.21564;1.2157;1.21567;0;T;True;1
1621271164000;14231045;1.21564;1.2157;1.21567;0;T;True;1
1621271165000;14231046;1.21564;1.2157;1.21567;0;T;True;1
1621271166000;14231047;1.21564;1.2157;1.21567;0;T;True;1
1621271167000;14231051;1.21566;1.21572;1.21569;3;T;True;1
1621271168000;14231053;1.21566;1.21572;1.21569;1;T;True;1
1621271169000;14231058;1.21568;1.21574;1.21571;4;T;True;1
1621271170000;14231059;1.21568;1.21574;1.21571;0;T;True;1
1621271171000;14231060;1.21568;1.21574;1.21571;0;T;True;1
1621271172000;14231061;1.21568;1.21574;1.21571;0;T;True;1
1621271173000;14231063;1.21568;1.21574;1.21571;1;T;True;1
1621271174000;14231064;1.21568;1.21574;1.21571;0;T;True;1
1621271175000;14231066;1.21568;1.21574;1.21571;1;T;True;1
1621271176000;14231067;1.21568;1.21574;1.21571;0;T;True;1
1621271177000;14231069;1.21568;1.21574;1.21571;1;T;True;1
1621271178000;14231070;1.21568;1.21574;1.21571;0;T;True;1
1621271179000;14231072;1.21568;1.21574;1.21571;1;T;True;1
1621271180000;14231073;1.21568;1.21574;1.21571;0;T;True;1
1621271181000;14231074;1.21568;1.21574;1.21571;0;T;True;1
1621271182000;14231075;1.21568;1.21574;1.21571;0;T;True;1
1621271183000;14231076;1.21568;1.21574;1.21571;0;T;True;1
1621271184000;14231077;1.21568;1.21574;1.21571;0;T;True;1
1621271185000;14231078;1.21568;1.21574;1.21571;0;T;True;1
1621271186000;14231079;1.21568;1.21574;1.21571;0;T;True;1
1621271187000;14231081;1.21568;1.21574;1.21571;1;T;True;1
1621271188000;14231082;1.21568;1.21574;1.21571;0;T;True;1
1621271189000;14231083;1.21568;1.21574;1.21571;0;T;True;1
1621271190000;14231084;1.21568;1.21574;1.21571;0;T;True;1
1621271191000;14231085;1.21568;1.21574;1.21571;0;T;True;1
1621271192000;14231086;1.21568;1.21574;1.21571;0;T;True;1
1621271193000;14231089;1.21568;1.21574;1.21571;2;T;True;1
1621271194000;14231091;1.21569;1.21575;1.21572;1;T;True;1
1621271195000;14231092;1.21569;1.21575;1.21572;0;T;True;1
1621271196000;14231093;1.21569;1.21575;1.21572;0;T;True;1
1621271197000;14231094;1.21569;1.21575;1.21572;0;T;True;1
1621271198000;14231095;1.21569;1.21575;1.21572;0;T;True;1
1621271199000;14231096;1.21569;1.21575;1.21572;0;T;True;1
1621271200000;14231097;1.21569;1.21575;1.21572;0;T;True;1
1621271201000;14231098;1.21569;1.21575;1.21572;0;T;True;1
1621271202000;14231099;1.21569;1.21575;1.21572;0;T;True;1
1621271203000;14231100;1.21569;1.21575;1.21572;0;T;True;1
1621271204000;14231102;1.2157;1.21576;1.21573;1;T;True;1
1621271205000;14231108;1.2157;1.21576;1.21573;5;T;True;1
1621271206000;14231110;1.2157;1.21576;1.21573;1;T;True;1
1621271207000;14231111;1.2157;1.21576;1.21573;0;T;True;1
1621271208000;14231112;1.2157;1.21576;1.21573;0;T;True;1
1621271209000;14231113;1.2157;1.21576;1.21573;0;T;True;1
1621271210000;14231114;1.2157;1.21576;1.21573;0;T;True;1
1621271211000;14231116;1.2157;1.21576;1.21573;1;T;True;1
1621271212000;14231117;1.2157;1.21576;1.21573;0;T;True;1
1621271213000;14231118;1.2157;1.21576;1.21573;0;T;True;1
1621271214000;14231119;1.2157;1.21576;1.21573;0;T;True;1
1621271215000;14231120;1.2157;1.21576;1.21573;0;T;True;1
1621271216000;14231121;1.2157;1.21576;1.21573;0;T;True;1
1621271217000;14231122;1.2157;1.21576;1.21573;0;T;True;1
1621271218000;14231123;1.2157;1.21576;1.21573;0;T;True;1
1621271219000;14231124;1.2157;1.21576;1.21573;0;T;True;1
1621271220000;14231125;1.2157;1.21576;1.21573;0;T;True;1
1621271221000;14231126;1.2157;1.21576;1.21573;0;T;True;1
1621271222000;14231127;1.2157;1.21576;1.21573;0;T;True;1
1621271223000;14231128;1.2157;1.21576;1.21573;0;T;True;1
1621271224000;14231129;1.2157;1.21576;1.21573;0;T;True;1
1621271225000;14231130;1.2157;1.21576;1.21573;0;T;True;1
1621271226000;14231131;1.2157;1.21576;1.21573;0;T;True;1
1621271227000;14231134;1.21568;1.21574;1.21571;2;T;True;1
1621271228000;14231135;1.21568;1.21574;1.21571;0;T;True;1
1621271229000;14231136;1.21568;1.21574;1.21571;0;T;True;1
1621271230000;14231137;1.21568;1.21574;1.21571;0;T;True;1
1621271231000;14231138;1.21568;1.21574;1.21571;0;T;True;1
1621271232000;14231142;1.2157;1.21576;1.21573;3;T;True;1
1621271233000;14231145;1.21569;1.21575;1.21572;2;T;True;1
1621271234000;14231146;1.21569;1.21575;1.21572;0;T;True;1
1621271235000;14231147;1.21569;1.21575;1.21572;0;T;True;1
1621271236000;14231148;1.21569;1.21575;1.21572;0;T;True;1
1621271237000;14231149;1.21569;1.21575;1.21572;0;T;True;1
1621271238000;14231153;1.21567;1.21573;1.2157;3;T;True;1
1621271239000;14231154;1.21567;1.21573;1.2157;0;T;True;1
1621271240000;14231155;1.21567;1.21573;1.2157;0;T;True;1
1621271241000;14231156;1.21567;1.21573;1.2157;0;T;True;1
1621271242000;14231157;1.21567;1.21573;1.2157;0;T;True;1
1621271243000;14231159;1.21567;1.21573;1.2157;1;T;True;1
1621271244000;14231160;1.21567;1.21573;1.2157;0;T;True;1
1621271245000;14231161;1.21567;1.21573;1.2157;0;T;True;1
1621271246000;14231162;1.21567;1.21573;1.2157;0;T;True;1
1621271247000;14231163;1.21567;1.21573;1.2157;0;T;True;1
1621271248000;14231165;1.21567;1.21573;1.2157;1;T;True;1
1621271249000;14231166;1.21567;1.21573;1.2157;0;T;True;1
1621271250000;14231167;1.21567;1.21573;1.2157;0;T;True;1
1621271251000;14231168;1.21567;1.21573;1.2157;0;T;True;1
1621271252000;14231169;1.21567;1.21573;1.2157;0;T;True;1
1621271253000;14231170;1.21567;1.21573;1.2157;0;T;True;1
1621271254000;14231171;1.21567;1.21573;1.2157;0;T;True;1
1621271255000;14231172;1.21567;1.21573;1.2157;0;T;True;1
1621271256000;14231173;1.21567;1.21573;1.2157;0;T;True;1
1621271257000;14231174;1.21567;1.21573;1.2157;0;T;True;1
1621271258000;14231176;1.21567;1.21573;1.2157;1;T;True;1
1621271259000;14231177;1.21567;1.21573;1.2157;0;T;True;1
1621271260000;14231179;1.21567;1.21573;1.2157;1;T;True;1
1621271261000;14231180;1.21567;1.21573;1.2157;0;T;True;1
1621271262000;14231181;1.21567;1.21573;1.2157;0;T;True;1
1621271263000;14231182;1.21567;1.21573;1.2157;0;T;True;1
1621271264000;14231183;1.21567;1.21573;1.2157;0;T;True;1
1621271265000;14231184;1.21567;1.21573;1.2157;0;T;True;1
1621271266000;14231185;1.21567;1.21573;1.2157;0;T;True;1
1621271267000;14231186;1.21567;1.21573;1.2157;0;T;True;1
1621271268000;14231187;1.21567;1.21573;1.2157;0;T;True;1
1621271269000;14231188;1.21567;1.21573;1.2157;0;T;True;1
1621271270000;14231191;1.21566;1.21572;1.21569;2;T;True;1
1621271271000;14231193;1.21565;1.21571;1.21568;1;T;True;1
1621271272000;14231196;1.21566;1.21572;1.21569;2;T;True;1
1621271273000;14231197;1.21566;1.21572;1.21569;0;T;True;1
1621271274000;14231199;1.21565;1.21571;1.21568;1;T;True;1
1621271275000;14231200;1.21565;1.21571;1.21568;0;T;True;1
1621271276000;14231204;1.21563;1.21569;1.21566;3;T;True;1
1621271277000;14231205;1.21563;1.21569;1.21566;0;T;True;1
1621271278000;14231207;1.21563;1.21569;1.21566;1;T;True;1
1621271279000;14231210;1.21564;1.2157;1.21567;2;T;True;1
1621271280000;14231212;1.21566;1.21572;1.21569;1;T;True;1
1621271281000;14231213;1.21566;1.21572;1.21569;0;T;True;1
1621271282000;14231219;1.21562;1.21568;1.21565;5;T;True;1
1621271283000;14231222;1.21563;1.21569;1.21566;2;T;True;1
1621271284000;14231224;1.21564;1.2157;1.21567;1;T;True;1
1621271285000;14231226;1.21564;1.2157;1.21567;1;T;True;1
1621271286000;14231228;1.21564;1.2157;1.21567;1;T;True;1
1621271287000;14231229;1.21564;1.2157;1.21567;0;T;True;1
1621271288000;14231230;1.21564;1.2157;1.21567;0;T;True;1
1621271289000;14231231;1.21564;1.2157;1.21567;0;T;True;1
1621271290000;14231232;1.21564;1.2157;1.21567;0;T;True;1
1621271291000;14231233;1.21564;1.2157;1.21567;0;T;True;1
1621271292000;14231234;1.21564;1.2157;1.21567;0;T;True;1
1621271293000;14231238;1.21563;1.21569;1.21566;3;T;True;1
1621271294000;14231239;1.21563;1.21569;1.21566;0;T;True;1
1621271295000;14231241;1.21562;1.21568;1.21565;1;T;True;1
1621271296000;14231242;1.21562;1.21568;1.21565;0;T;True;1
1621271297000;14231244;1.21562;1.21568;1.21565;1;T;True;1
1621271298000;14231248;1.21562;1.21568;1.21565;3;T;True;1
1621271299000;14231251;1.21561;1.21567;1.21564;2;T;True;1
1621271300000;14231252;1.21561;1.21567;1.21564;0;T;True;1
1621271301000;14231253;1.21561;1.21567;1.21564;0;T;True;1
1621271302000;14231254;1.21561;1.21567;1.21564;0;T;True;1
1621271303000;14231255;1.21561;1.21567;1.21564;0;T;True;1
1621271304000;14231257;1.21561;1.21567;1.21564;1;T;True;1
1621271305000;14231259;1.21562;1.21568;1.21565;1;T;True;1
1621271306000;14231260;1.21562;1.21568;1.21565;0;T;True;1
1621271307000;14231264;1.21561;1.21567;1.21564;3;T;True;1
1621271308000;14231265;1.21561;1.21567;1.21564;0;T;True;1
1621271309000;14231272;1.21554;1.2156;1.21557;6;T;True;1
1621271310000;14231279;1.21557;1.21563;1.2156;6;T;True;1
1621271311000;14231280;1.21557;1.21563;1.2156;0;T;True;1
1621271312000;14231286;1.21558;1.21564;1.21561;5;T;True;1
1621271313000;14231295;1.21558;1.21564;1.21561;8;T;True;1
1621271314000;14231306;1.21559;1.21565;1.21562;10;T;True;1
1621271315000;14231310;1.21559;1.21565;1.21562;3;T;True;1
1621271316000;14231314;1.2156;1.21566;1.21563;3;T;True;1
1621271317000;14231315;1.2156;1.21566;1.21563;0;T;True;1
1621271318000;14231317;1.2156;1.21566;1.21563;1;T;True;1
1621271319000;14231318;1.2156;1.21566;1.21563;0;T;True;1
1621271320000;14231321;1.21562;1.21568;1.21565;2;T;True;1
1621271321000;14231326;1.21562;1.21568;1.21565;4;T;True;1
1621271322000;14231328;1.21563;1.21569;1.21566;1;T;True;1
1621271323000;14231331;1.21564;1.2157;1.21567;2;T;True;1
1621271324000;14231334;1.21564;1.2157;1.21567;2;T;True;1
1621271325000;14231335;1.21564;1.2157;1.21567;0;T;True;1
1621271326000;14231337;1.21564;1.2157;1.21567;1;T;True;1
1621271327000;14231338;1.21564;1.2157;1.21567;0;T;True;1
1621271328000;14231339;1.21564;1.2157;1.21567;0;T;True;1
1621271329000;14231340;1.21564;1.2157;1.21567;0;T;True;1
1621271330000;14231341;1.21564;1.2157;1.21567;0;T;True;1
1621271331000;14231342;1.21564;1.2157;1.21567;0;T;True;1
1621271332000;14231343;1.21564;1.2157;1.21567;0;T;True;1
1621271333000;14231348;1.21568;1.21574;1.21571;4;T;True;1
1621271334000;14231353;1.21566;1.21572;1.21569;4;T;True;1
1621271335000;14231357;1.21566;1.21572;1.21569;3;T;True;1
1621271336000;14231359;1.21566;1.21572;1.21569;1;T;True;1
1621271337000;14231360;1.21566;1.21572;1.21569;0;T;True;1
1621271338000;14231364;1.21566;1.21572;1.21569;3;T;True;1
1621271339000;14231366;1.21566;1.21572;1.21569;1;T;True;1
1621271340000;14231370;1.21568;1.21574;1.21571;3;T;True;1
1621271341000;14231375;1.21568;1.21574;1.21571;4;T;True;1
1621271342000;14231376;1.21568;1.21574;1.21571;0;T;True;1
1621271343000;14231380;1.2157;1.21576;1.21573;3;T;True;1
1621271344000;14231382;1.2157;1.21576;1.21573;1;T;True;1
1621271345000;14231383;1.2157;1.21576;1.21573;0;T;True;1
1621271346000;14231385;1.21568;1.21574;1.21571;1;T;True;1
1621271347000;14231386;1.21568;1.21574;1.21571;0;T;True;1
1621271348000;14231387;1.21568;1.21574;1.21571;0;T;True;1
1621271349000;14231388;1.21568;1.21574;1.21571;0;T;True;1
1621271350000;14231394;1.21566;1.21572;1.21569;5;T;True;1
1621271351000;14231395;1.21566;1.21572;1.21569;0;T;True;1
1621271352000;14231398;1.21567;1.21573;1.2157;2;T;True;1
1621271353000;14231399;1.21567;1.21573;1.2157;0;T;True;1
1621271354000;14231409;1.21562;1.21568;1.21565;9;T;True;1
1621271355000;14231411;1.21562;1.21568;1.21565;1;T;True;1
1621271356000;14231412;1.21562;1.21568;1.21565;0;T;True;1
1621271357000;14231413;1.21562;1.21568;1.21565;0;T;True;1
