ts;n;bid;ask;value;volume;phase;round;active_id
1621234662000;11567976;154.035;154.055;154.045;0;T;True;3
1621234663000;11567977;154.035;154.055;154.045;0;T;True;3
1621234664000;11567978;154.035;154.055;154.045;0;T;True;3
1621234665000;11567980;154.034;154.054;154.044;1;T;True;3
1621234666000;11567981;154.034;154.054;154.044;0;T;True;3
1621234667000;11567984;154.036;154.056;154.046;2;T;True;3
1621234668000;11567988;154.041;154.061;154.051;3;T;True;3
1621234669000;11567989;154.041;154.061;154.051;0;T;True;3
1621234670000;11567990;154.041;154.061;154.051;0;T;True;3
1621234671000;11567991;154.041;154.061;154.051;0;T;True;3
1621234672000;11567992;154.041;154.061;154.051;0;T;True;3
1621234673000;11567993;154.041;154.061;154.051;0;T;True;3
1621234674000;11567999;154.043;154.063;154.053;5;T;True;3
1621234675000;11568002;154.043;154.063;154.053;2;T;True;3
1621234676000;11568003;154.043;154.063;154.053;0;T;True;3
1621234677000;11568005;154.045;154.065;154.055;1;T;True;3
1621234678000;11568007;154.047;154.067;154.057;1;T;True;3
1621234679000;11568008;154.047;154.067;154.057;0;T;True;3
1621234680000;11568010;154.048;154.068;154.058;1;T;True;3
1621234681000;11568012;154.049;154.069;154.059;1;T;True;3
1621234682000;11568014;154.051;154.071;154.061;1;T;True;3
1621234683000;11568015;154.051;154.071;154.061;0;T;True;3
1621234684000;11568016;154.051;154.071;154.061;0;T;True;3
1621234685000;11568017;154.051;154.071;154.061;0;T;True;3
1621234686000;11568018;154.051;154.071;154.061;0;T;True;3
1621234687000;11568020;154.049;154.069;154.059;1;T;True;3
1621234688000;11568021;154.049;154.069;154.059;0;T;True;3
1621234689000;11568022;154.049;154.069;154.059;0;T;True;3
1621234690000;11568023;154.049;154.069;154.059;0;T;True;3
1621234691000;11568025;154.047;154.067;154.057;1;T;True;3
1621234692000;11568026;154.047;154.067;154.057;0;T;True;3
1621234693000;11568027;154.047;154.067;154.057;0;T;True;3
1621234694000;11568034;154.059;154.079;154.069;6;T;True;3
1621234695000;11568037;154.059;154.079;154.069;2;T;True;3
1621234696000;11568038;154.059;154.079;154.069;0;T;True;3
1621234697000;11568039;154.059;154.079;154.069;0;T;True;3
1621234698000;11568040;154.059;154.079;154.069;0;T;True;3
1621234699000;11568041;154.059;154.079;154.069;0;T;True;3
1621234700000;11568042;154.059;154.079;154.069;0;T;True;3
1621234701000;11568043;154.059;154.079;154.069;0;T;True;3
1621234702000;11568044;154.059;154.079;154.069;0;T;True;3
1621234703000;11568046;154.057;154.077;154.067;1;T;True;3
1621234704000;11568047;154.057;154.077;154.067;0;T;True;3
1621234705000;11568048;154.057;154.077;154.067;0;T;True;3
1621234706000;11568050;154.055;154.075;154.065;1;T;True;3
1621234707000;11568052;154.053;154.073;154.063;1;T;True;3
1621234708000;11568053;154.053;154.073;154.063;0;T;True;3
1621234709000;11568054;154.053;154.073;154.063;0;T;True;3
1621234710000;11568057;154.053;154.073;154.063;2;T;True;3
1621234711000;11568058;154.053;154.073;154.063;0;T;True;3
1621234712000;11568060;154.052;154.072;154.062;1;T;True;3
1621234713000;11568061;154.052;154.072;154.062;0;T;True;3
1621234714000;11568062;154.052;154.072;154.062;0;T;True;3
1621234715000;11568063;154.052;154.072;154.062;0;T;True;3
1621234716000;11568064;154.052;154.072;154.062;0;T;True;3
1621234717000;11568067;154.05;154.07;154.06;2;T;True;3
1621234718000;11568071;154.05;154.07;154.06;3;T;True;3
1621234719000;11568073;154.049;154.069;154.059;1;T;True;3
1621234720000;11568074;154.049;154.069;154.059;0;T;True;3
1621234721000;11568075;154.049;154.069;154.059;0;T;True;3
1621234722000;11568077;154.05;154.07;154.06;1;T;True;3
1621234723000;11568078;154.05;154.07;154.06;0;T;True;3
1621234724000;11568081;154.051;154.071;154.061;2;T;True;3
1621234725000;11568082;154.051;154.071;154.061;0;T;True;3
1621234726000;11568083;154.051;154.071;154.061;0;T;True;3
1621234727000;11568086;154.052;154.072;154.062;2;T;True;3
1621234728000;11568088;154.053;154.073;154.063;1;T;True;3
1621234729000;11568089;154.053;154.073;154.063;0;T;True;3
1621234730000;11568090;154.053;154.073;154.063;0;T;True;3
1621234731000;11568091;154.053;154.073;154.063;0;T;True;3
1621234732000;11568093;154.055;154.075;154.065;1;T;True;3
1621234733000;11568094;154.055;154.075;154.065;0;T;True;3
1621234734000;11568095;154.055;154.075;154.065;0;T;True;3
1621234735000;11568097;154.056;154.076;154.066;1;T;True;3
1621234736000;11568101;154.063;154.083;154.073;3;T;True;3
1621234737000;11568103;154.065;154.085;154.075;1;T;True;3
1621234738000;11568106;154.065;154.085;154.075;2;T;True;3
1621234739000;11568107;154.065;154.085;154.075;0;T;True;3
1621234740000;11568109;154.069;154.089;154.079;1;T;True;3
1621234741000;11568111;154.071;154.091;154.081;1;T;True;3
1621234742000;11568112;154.071;154.091;154.081;0;T;True;3
1621234743000;11568115;154.069;154.089;154.079;2;T;True;3
1621234744000;11568117;154.071;154.091;154.081;1;T;True;3
1621234745000;11568118;154.071;154.091;154.081;0;T;True;3
1621234746000;11568119;154.071;154.091;154.081;0;T;True;3
1621234747000;11568120;154.071;154.091;154.081;0;T;True;3
1621234748000;11568121;154.071;154.091;154.081;0;T;True;3
1621234749000;11568124;154.069;154.089;154.079;2;T;True;3
1621234750000;11568125;154.069;154.089;154.079;0;T;True;3
1621234751000;11568126;154.069;154.089;154.079;0;T;True;3
1621234752000;11568127;154.069;154.089;154.079;0;T;True;3
1621234753000;11568128;154.069;154.089;154.079;0;T;True;3
1621234754000;11568129;154.069;154.089;154.079;0;T;True;3
1621234755000;11568130;154.069;154.089;154.079;0;T;True;3
1621234756000;11568132;154.067;154.087;154.077;1;T;True;3
1621234757000;11568133;154.067;154.087;154.077;0;T;True;3
1621234758000;11568136;154.061;154.081;154.071;2;T;True;3
1621234759000;11568137;154.061;154.081;154.071;0;T;True;3
1621234760000;11568138;154.061;154.081;154.071;0;T;True;3
1621234761000;11568139;154.061;154.081;154.071;0;T;True;3
1621234762000;11568140;154.061;154.081;154.071;0;T;True;3
1621234763000;11568141;154.061;154.081;154.071;0;T;True;3
1621234764000;11568142;154.061;154.081;154.071;0;T;True;3
1621234765000;11568143;154.061;154.081;154.071;0;T;True;3
1621234766000;11568144;154.061;154.081;154.071;0;T;True;3
1621234767000;11568145;154.061;154.081;154.071;0;T;True;3
1621234768000;11568146;154.061;154.081;154.071;0;T;True;3
1621234769000;11568147;154.061;154.081;154.071;0;T;True;3
1621234770000;11568151;154.055;154.075;154.065;3;T;True;3
1621234771000;11568156;154.055;154.075;154.065;4;T;True;3
1621234772000;11568157;154.055;154.075;154.065;0;T;True;3
1621234773000;11568158;154.055;154.075;154.065;0;T;True;3
1621234774000;11568159;154.055;154.075;154.065;0;T;True;3
1621234775000;11568160;154.055;154.075;154.065;0;T;True;3
1621234776000;11568161;154.055;154.075;154.065;0;T;True;3
1621234777000;11568162;154.055;154.075;154.065;0;T;True;3
1621234778000;11568163;154.055;154.075;154.065;0;T;True;3
1621234779000;11568165;154.054;154.074;154.064;1;T;True;3
1621234780000;11568167;154.053;154.073;154.063;1;T;True;3
1621234781000;11568171;154.054;154.074;154.064;3;T;True;3
1621234782000;11568173;154.055;154.075;154.065;1;T;True;3
1621234783000;11568177;154.059;154.079;154.069;3;T;True;3
1621234784000;11568179;154.058;154.078;154.068;1;T;True;3
1621234785000;11568182;154.05;154.07;154.06;2;T;True;3
1621234786000;11568188;154.048;154.068;154.058;5;T;True;3
1621234787000;11568190;154.045;154.065;154.055;1;T;True;3
1621234788000;11568191;154.045;154.065;154.055;0;T;True;3
1621234789000;11568192;154.045;154.065;154.055;0;T;True;3
1621234790000;11568193;154.045;154.065;154.055;0;T;True;3
1621234791000;11568195;154.046;154.066;154.056;1;T;True;3
1621234792000;11568196;154.046;154.066;154.056;0;T;True;3
1621234793000;11568197;154.046;154.066;154.056;0;T;True;3
1621234794000;11568198;154.046;154.066;154.056;0;T;True;3
1621234795000;11568199;154.046;154.066;154.056;0;T;True;3
1621234796000;11568200;154.046;154.066;154.056;0;T;True;3
1621234797000;11568201;154.046;154.066;154.056;0;T;True;3
1621234798000;11568202;154.046;154.066;154.056;0;T;True;3
1621234799000;11568203;154.046;154.066;154.056;0;T;True;3
1621234800000;11568204;154.046;154.066;154.056;0;T;True;3
1621234801000;11568205;154.046;154.066;154.056;0;T;True;3
1621234802000;11568206;154.046;154.066;154.056;0;T;True;3
1621234803000;11568207;154.046;154.066;154.056;0;T;True;3
1621234804000;11568208;154.046;154.066;154.056;0;T;True;3
1621234805000;11568209;154.046;154.066;154.056;0;T;True;3
1621234806000;11568212;154.021;154.041;154.031;2;T;True;3
1621234807000;11568221;154.002;154.022;154.012;8;T;True;3
1621234808000;11568231;154.013;154.033;154.023;9;T;True;3
1621234809000;11568233;154.011;154.031;154.021;1;T;True;3
1621234810000;11568239;154.019;154.039;154.029;5;T;True;3
1621234811000;11568244;154.019;154.039;154.029;4;T;True;3
1621234812000;11568246;154.021;154.041;154.031;1;T;True;3
1621234813000;11568247;154.021;154.041;154.031;0;T;True;3
1621234814000;11568249;154.023;154.043;154.033;1;T;True;3
1621234815000;11568252;154.031;154.051;154.041;2;T;True;3
1621234816000;11568254;154.029;154.049;154.039;1;T;True;3
1621234817000;11568255;154.029;154.049;154.039;0;T;True;3
1621234818000;11568258;154.031;154.051;154.041;2;T;True;3
1621234819000;11568261;154.029;154.049;154.039;2;T;True;3
1621234820000;11568264;154.031;154.051;154.041;2;T;True;3
1621234821000;11568265;154.031;154.051;154.041;0;T;True;3
1621234822000;11568266;154.031;154.051;154.041;0;T;True;3
1621234823000;11568268;154.029;154.049;154.039;1;T;True;3
1621234824000;11568273;154.039;154.059;154.049;4;T;True;3
1621234825000;11568274;154.039;154.059;154.049;0;T;True;3
1621234826000;11568275;154.039;154.059;154.049;0;T;True;3
1621234827000;11568276;154.039;154.059;154.049;0;T;True;3
1621234828000;11568278;154.041;154.061;154.051;1;T;True;3
1621234829000;11568280;154.04;154.06;154.05;1;T;True;3
1621234830000;11568281;154.04;154.06;154.05;0;T;True;3
1621234831000;11568282;154.04;154.06;154.05;0;T;True;3
1621234832000;11568284;154.037;154.057;154.047;1;T;True;3
1621234833000;11568294;154.035;154.055;154.045;9;T;True;3
1621234834000;11568298;154.034;154.054;154.044;3;T;True;3
1621234835000;11568301;154.035;154.055;154.045;2;T;True;3
1621234836000;11568302;154.035;154.055;154.045;0;T;True;3
1621234837000;11568306;154.032;154.052;154.042;3;T;True;3
1621234838000;11568308;154.029;154.049;154.039;1;T;True;3
1621234839000;11568309;154.029;154.049;154.039;0;T;True;3
1621234840000;11568310;154.029;154.049;154.039;0;T;True;3
1621234841000;11568311;154.029;154.049;154.039;0;T;True;3
1621234842000;11568315;154.031;154.051;154.041;3;T;True;3
1621234843000;11568316;154.031;154.051;154.041;0;T;True;3
1621234844000;11568317;154.031;154.051;154.041;0;T;True;3
1621234845000;11568320;154.031;154.051;154.041;2;T;True;3
1621234846000;11568323;154.029;154.049;154.039;2;T;True;3
1621234847000;11568324;154.029;154.049;154.039;0;T;True;3
1621234848000;11568325;154.029;154.049;154.039;0;T;True;3
1621234849000;11568326;154.029;154.049;154.039;0;T;True;3
1621234850000;11568327;154.029;154.049;154.039;0;T;True;3
1621234851000;11568329;154.03;154.05;154.04;1;T;True;3
1621234852000;11568331;154.029;154.049;154.039;1;T;True;3
1621234853000;11568332;154.029;154.049;154.039;0;T;True;3
1621234854000;11568333;154.029;154.049;154.039;0;T;True;3
1621234855000;11568337;154.035;154.055;154.045;3;T;True;3
1621234856000;11568341;154.028;154.048;154.038;3;T;True;3
1621234857000;11568347;154.024;154.044;154.034;5;T;True;3
1621234858000;11568349;154.027;154.047;154.037;1;T;True;3
1621234859000;11568350;154.027;154.047;154.037;0;T;True;3
1621234860000;11568353;154.031;154.051;154.041;2;T;True;3
1621234861000;11568358;154.027;154.047;154.037;4;T;True;3
1621234862000;11568359;154.027;154.047;154.037;0;T;True;3
1621234863000;11568360;154.027;154.047;154.037;0;T;True;3
1621234864000;11568362;154.029;154.049;154.039;1;T;True;3
1621234865000;11568364;154.028;154.048;154.038;1;T;True;3
1621234866000;11568365;154.028;154.048;154.038;0;T;True;3
1621234867000;11568366;154.028;154.048;154.038;0;T;True;3
1621234868000;11568367;154.028;154.048;154.038;0;T;True;3
1621234869000;11568368;154.028;154.048;154.038;0;T;True;3
1621234870000;11568371;154.034;154.054;154.044;2;T;True;3
1621234871000;11568373;154.032;154.052;154.042;1;T;True;3
1621234872000;11568376;154.034;154.054;154.044;2;T;True;3
1621234873000;11568378;154.035;154.055;154.045;1;T;True;3
1621234874000;11568379;154.035;154.055;154.045;0;T;True;3
1621234875000;11568380;154.035;154.055;154.045;0;T;True;3
1621234876000;11568383;154.035;154.055;154.045;2;T;True;3
1621234877000;11568385;154.037;154.057;154.047;1;T;True;3
1621234878000;11568386;154.037;154.057;154.047;0;T;True;3
1621234879000;11568387;154.037;154.057;154.047;0;T;True;3
1621234880000;11568388;154.037;154.057;154.047;0;T;True;3
1621234881000;11568389;154.037;154.057;154.047;0;T;True;3
1621234882000;11568390;154.037;154.057;154.047;0;T;True;3
1621234883000;11568392;154.039;154.059;154.049;1;T;True;3
1621234884000;11568393;154.039;154.059;154.049;0;T;True;3
1621234885000;11568395;154.038;154.058;154.048;1;T;True;3
1621234886000;11568396;154.038;154.058;154.048;0;T;True;3
1621234887000;11568399;154.031;154.051;154.041;2;T;True;3
1621234888000;11568401;154.034;154.054;154.044;1;T;True;3
1621234889000;11568403;154.035;154.055;154.045;1;T;True;3
1621234890000;11568404;154.035;154.055;154.045;0;T;True;3
1621234891000;11568407;154.032;154.052;154.042;2;T;True;3
1621234892000;11568408;154.032;154.052;154.042;0;T;True;3
1621234893000;11568411;154.031;154.051;154.041;2;T;True;3
1621234894000;11568412;154.031;154.051;154.041;0;T;True;3
1621234895000;11568413;154.031;154.051;154.041;0;T;True;3
1621234896000;11568414;154.031;154.051;154.041;0;T;True;3
1621234897000;11568415;154.031;154.051;154.041;0;T;True;3
1621234898000;11568416;154.031;154.051;154.041;0;T;True;3
1621234899000;11568417;154.031;154.051;154.041;0;T;True;3
1621234900000;11568418;154.031;154.051;154.041;0;T;True;3
1621234901000;11568419;154.031;154.051;154.041;0;T;True;3
1621234902000;11568420;154.031;154.051;154.041;0;T;True;3
1621234903000;11568421;154.031;154.051;154.041;0;T;True;3
1621234904000;11568422;154.031;154.051;154.041;0;T;True;3
1621234905000;11568423;154.031;154.051;154.041;0;T;True;3
1621234906000;11568424;154.031;154.051;154.041;0;T;True;3
1621234907000;11568425;154.031;154.051;154.041;0;T;True;3
1621234908000;11568426;154.031;154.051;154.041;0;T;True;3
1621234909000;11568427;154.031;154.051;154.041;0;T;True;3
1621234910000;11568428;154.031;154.051;154.041;0;T;True;3
1621234911000;11568429;154.031;154.051;154.041;0;T;True;3
1621234912000;11568430;154.031;154.051;154.041;0;T;True;3
1621234913000;11568436;154.021;154.041;154.031;5;T;True;3
1621234914000;11568437;154.021;154.041;154.031;0;T;True;3
1621234915000;11568438;154.021;154.041;154.031;0;T;True;3
1621234916000;11568439;154.021;154.041;154.031;0;T;True;3
1621234917000;11568441;154.022;154.042;154.032;1;T;True;3
1621234918000;11568442;154.022;154.042;154.032;0;T;True;3
1621234919000;11568448;154.013;154.033;154.023;5;T;True;3
1621234920000;11568450;154.015;154.035;154.025;1;T;True;3
1621234921000;11568454;154.022;154.042;154.032;3;T;True;3
1621234922000;11568456;154.023;154.043;154.033;1;T;True;3
1621234923000;11568457;154.023;154.043;154.033;0;T;True;3
1621234924000;11568458;154.023;154.043;154.033;0;T;True;3
1621234925000;11568460;154.029;154.049;154.039;1;T;True;3
1621234926000;11568463;154.031;154.051;154.041;2;T;True;3
1621234927000;11568464;154.031;154.051;154.041;0;T;True;3
1621234928000;11568466;154.033;154.053;154.043;1;T;True;3
1621234929000;11568467;154.033;154.053;154.043;0;T;True;3
1621234930000;11568469;154.034;154.054;154.044;1;T;True;3
1621234931000;11568472;154.037;154.057;154.047;2;T;True;3
1621234932000;11568476;154.031;154.051;154.041;3;T;True;3
1621234933000;11568480;154.015;154.035;154.025;3;T;True;3
1621234934000;11568481;154.015;154.035;154.025;0;T;True;3
1621234935000;11568482;154.015;154.035;154.025;0;T;True;3
1621234936000;11568488;154.027;154.047;154.037;5;T;True;3
1621234937000;11568490;154.026;154.046;154.036;1;T;True;3
1621234938000;11568492;154.027;154.047;154.037;1;T;True;3
1621234939000;11568494;154.026;154.046;154.036;1;T;True;3
1621234940000;11568496;154.025;154.045;154.035;1;T;True;3
1621234941000;11568498;154.024;154.044;154.034;1;T;True;3
1621234942000;11568501;154.023;154.043;154.033;2;T;True;3
1621234943000;11568502;154.023;154.043;154.033;0;T;True;3
1621234944000;11568503;154.023;154.043;154.033;0;T;True;3
1621234945000;11568504;154.023;154.043;154.033;0;T;True;3
1621234946000;11568506;154.022;154.042;154.032;1;T;True;3
1621234947000;11568507;154.022;154.042;154.032;0;T;True;3
1621234948000;11568508;154.022;154.042;154.032;0;T;True;3
1621234949000;11568510;154.021;154.041;154.031;1;T;True;3
1621234950000;11568513;154.018;154.038;154.028;2;T;True;3
1621234951000;11568517;154.013;154.033;154.023;3;T;True;3
1621234952000;11568520;154.007;154.027;154.017;2;T;True;3
1621234953000;11568525;154.015;154.035;154.025;4;T;True;3
1621234954000;11568526;154.015;154.035;154.025;0;T;True;3
1621234955000;11568527;154.015;154.035;154.025;0;T;True;3
1621234956000;11568532;154.021;154.041;154.031;4;T;True;3
1621234957000;11568537;154.015;154.035;154.025;4;T;True;3
1621234958000;11568540;154.014;154.034;154.024;2;T;True;3
1621234959000;11568541;154.014;154.034;154.024;0;T;True;3
1621234960000;11568543;154.015;154.035;154.025;1;T;True;3
1621234961000;11568544;154.015;154.035;154.025;0;T;True;3
1621234962000;11568546;154.016;154.036;154.026;1;T;True;3
1621234963000;11568548;154.017;154.037;154.027;1;T;True;3
1621234964000;11568552;154.021;154.041;154.031;3;T;True;3
1621234965000;11568553;154.021;154.041;154.031;0;T;True;3
1621234966000;11568554;154.021;154.041;154.031;0;T;True;3
1621234967000;11568555;154.021;154.041;154.031;0;T;True;3
1621234968000;11568557;154.022;154.042;154.032;1;T;True;3
1621234969000;11568558;154.022;154.042;154.032;0;T;True;3
1621234970000;11568559;154.022;154.042;154.032;0;T;True;3
1621234971000;11568560;154.022;154.042;154.032;0;T;True;3
1621234972000;11568562;154.023;154.043;154.033;1;T;True;3
1621234973000;11568563;154.023;154.043;154.033;0;T;True;3
1621234974000;11568564;154.023;154.043;154.033;0;T;True;3
1621234975000;11568566;154.025;154.045;154.035;1;T;True;3
1621234976000;11568567;154.025;154.045;154.035;0;T;True;3
1621234977000;11568569;154.027;154.047;154.037;1;T;True;3
1621234978000;11568575;154.028;154.048;154.038;5;T;True;3
1621234979000;11568577;154.029;154.049;154.039;1;T;True;3
1621234980000;11568578;154.029;154.049;154.039;0;T;True;3
1621234981000;11568579;154.029;154.049;154.039;0;T;True;3
1621234982000;11568580;154.029;154.049;154.039;0;T;True;3
1621234983000;11568581;154.029;154.049;154.039;0;T;True;3
1621234984000;11568582;154.029;154.049;154.039;0;T;True;3
1621234985000;11568583;154.029;154.049;154.039;0;T;True;3
1621234986000;11568584;154.029;154.049;154.039;0;T;True;3
1621234987000;11568585;154.029;154.049;154.039;0;T;True;3
1621234988000;11568587;154.028;154.048;154.038;1;T;True;3
1621234989000;11568589;154.027;154.047;154.037;1;T;True;3
1621234990000;11568591;154.025;154.045;154.035;1;T;True;3
1621234991000;11568595;154.021;154.041;154.031;3;T;True;3
1621234992000;11568596;154.021;154.041;154.031;0;T;True;3
1621234993000;11568597;154.021;154.041;154.031;0;T;True;3
1621234994000;11568599;154.019;154.039;154.029;1;T;True;3
1621234995000;11568607;154.015;154.035;154.025;7;T;True;3
1621234996000;11568609;154.013;154.033;154.023;1;T;True;3
1621234997000;11568610;154.013;154.033;154.023;0;T;True;3
1621234998000;11568612;154.011;154.031;154.021;1;T;True;3
1621234999000;11568614;154.01;154.03;154.02;1;T;True;3
1621235000000;11568615;154.01;154.03;154.02;0;T;True;3
1621235001000;11568616;154.01;154.03;154.02;0;T;True;3
1621235002000;11568618;154.009;154.029;154.019;1;T;True;3
1621235003000;11568620;154.01;154.03;154.02;1;T;True;3
1621235004000;11568621;154.01;154.03;154.02;0;T;True;3
1621235005000;11568623;154.011;154.031;154.021;1;T;True;3
1621235006000;11568625;154.012;154.032;154.022;1;T;True;3
1621235007000;11568633;154.013;154.033;154.023;7;T;True;3
1621235008000;11568637;154.012;154.032;154.022;3;T;True;3
1621235009000;11568639;154.011;154.031;154.021;1;T;True;3
1621235010000;11568640;154.011;154.031;154.021;0;T;True;3
1621235011000;11568641;154.011;154.031;154.021;0;T;True;3
1621235012000;11568642;154.011;154.031;154.021;0;T;True;3
1621235013000;11568643;154.011;154.031;154.021;0;T;True;3
1621235014000;11568644;154.011;154.031;154.021;0;T;True;3
1621235015000;11568645;154.011;154.031;154.021;0;T;True;3
1621235016000;11568646;154.011;154.031;154.021;0;T;True;3
1621235017000;11568647;154.011;154.031;154.021;0;T;True;3
1621235018000;11568648;154.011;154.031;154.021;0;T;True;3
1621235019000;11568651;154.015;154.035;154.025;2;T;True;3
1621235020000;11568653;154.013;154.033;154.023;1;T;True;3
1621235021000;11568656;154.011;154.031;154.021;2;T;True;3
1621235022000;11568657;154.011;154.031;154.021;0;T;True;3
1621235023000;11568659;154.012;154.032;154.022;1;T;True;3
1621235024000;11568660;154.012;154.032;154.022;0;T;True;3
1621235025000;11568662;154.013;154.033;154.023;1;T;True;3
1621235026000;11568663;154.013;154.033;154.023;0;T;True;3
1621235027000;11568664;154.013;154.033;154.023;0;T;True;3
1621235028000;11568665;154.013;154.033;154.023;0;T;True;3
1621235029000;11568666;154.013;154.033;154.023;0;T;True;3
1621235030000;11568667;154.013;154.033;154.023;0;T;True;3
1621235031000;11568668;154.013;154.033;154.023;0;T;True;3
1621235032000;11568669;154.013;154.033;154.023;0;T;True;3
1621235033000;11568672;154.009;154.029;154.019;2;T;True;3
1621235034000;11568673;154.009;154.029;154.019;0;T;True;3
1621235035000;11568674;154.009;154.029;154.019;0;T;True;3
1621235036000;11568675;154.009;154.029;154.019;0;T;True;3
1621235037000;11568676;154.009;154.029;154.019;0;T;True;3
1621235038000;11568678;154.008;154.028;154.018;1;T;True;3
1621235039000;11568683;154.001;154.021;154.011;4;T;True;3
1621235040000;11568684;154.001;154.021;154.011;4;T;True;3
1621235041000;11568686;154.003;154.023;154.013;1;T;True;3
1621235042000;11568687;154.003;154.023;154.013;0;T;True;3
1621235043000;11568689;154.007;154.027;154.017;1;T;True;3
1621235044000;11568690;154.007;154.027;154.017;0;T;True;3
1621235045000;11568691;154.007;154.027;154.017;0;T;True;3
1621235046000;11568692;154.007;154.027;154.017;0;T;True;3
1621235047000;11568695;154.016;154.036;154.026;2;T;True;3
1621235048000;11568696;154.016;154.036;154.026;0;T;True;3
1621235049000;11568698;154.017;154.037;154.027;1;T;True;3
1621235050000;11568699;154.017;154.037;154.027;0;T;True;3
1621235051000;11568700;154.017;154.037;154.027;0;T;True;3
1621235052000;11568701;154.017;154.037;154.027;0;T;True;3
1621235053000;11568702;154.017;154.037;154.027;0;T;True;3
1621235054000;11568703;154.017;154.037;154.027;0;T;True;3
1621235055000;11568704;154.017;154.037;154.027;0;T;True;3
1621235056000;11568705;154.017;154.037;154.027;0;T;True;3
1621235057000;11568706;154.017;154.037;154.027;0;T;True;3
1621235058000;11568707;154.017;154.037;154.027;0;T;True;3
1621235059000;11568709;154.018;154.038;154.028;1;T;True;3
1621235060000;11568710;154.018;154.038;154.028;0;T;True;3
1621235061000;11568711;154.018;154.038;154.028;0;T;True;3
1621235062000;11568712;154.018;154.038;154.028;0;T;True;3
1621235063000;11568714;154.017;154.037;154.027;1;T;True;3
1621235064000;11568715;154.017;154.037;154.027;0;T;True;3
1621235065000;11568719;154.02;154.04;154.03;3;T;True;3
1621235066000;11568723;154.014;154.034;154.024;3;T;True;3
1621235067000;11568724;154.014;154.034;154.024;0;T;True;3
1621235068000;11568725;154.014;154.034;154.024;0;T;True;3
1621235069000;11568731;154.006;154.026;154.016;5;T;True;3
1621235070000;11568737;154.011;154.031;154.021;5;T;True;3
1621235071000;11568740;154.012;154.032;154.022;2;T;True;3
1621235072000;11568741;154.012;154.032;154.022;0;T;True;3
1621235073000;11568744;154.009;154.029;154.019;2;T;True;3
1621235074000;11568746;154.011;154.031;154.021;1;T;True;3
1621235075000;11568747;154.011;154.031;154.021;0;T;True;3
1621235076000;11568749;154.01;154.03;154.02;1;T;True;3
1621235077000;11568751;154.009;154.029;154.019;1;T;True;3
1621235078000;11568752;154.009;154.029;154.019;0;T;True;3
1621235079000;11568757;154.018;154.038;154.028;4;T;True;3
1621235080000;11568760;154.026;154.046;154.036;2;T;True;3
1621235081000;11568764;154.036;154.056;154.046;3;T;True;3
1621235082000;11568769;154.043;154.063;154.053;4;T;True;3
1621235083000;11568773;154.044;154.064;154.054;3;T;True;3
1621235084000;11568775;154.037;154.057;154.047;1;T;True;3
1621235085000;11568778;154.041;154.061;154.051;2;T;True;3
1621235086000;11568779;154.041;154.061;154.051;0;T;True;3
1621235087000;11568781;154.039;154.059;154.049;1;T;True;3
1621235088000;11568784;154.031;154.051;154.041;2;T;True;3
1621235089000;11568785;154.031;154.051;154.041;0;T;True;3
1621235090000;11568786;154.031;154.051;154.041;0;T;True;3
1621235091000;11568787;154.031;154.051;154.041;0;T;True;3
1621235092000;11568791;154.035;154.055;154.045;3;T;True;3
1621235093000;11568794;154.037;154.057;154.047;2;T;True;3
1621235094000;11568797;154.041;154.061;154.051;2;T;True;3
1621235095000;11568803;154.035;154.055;154.045;5;T;True;3
1621235096000;11568805;154.037;154.057;154.047;1;T;True;3
1621235097000;11568806;154.037;154.057;154.047;0;T;True;3
1621235098000;11568808;154.033;154.053;154.043;1;T;True;3
1621235099000;11568811;154.036;154.056;154.046;2;T;True;3
1621235100000;11568812;154.036;154.056;154.046;0;T;True;3
1621235101000;11568816;154.037;154.057;154.047;3;T;True;3
1621235102000;11568817;154.037;154.057;154.047;0;T;True;3
1621235103000;11568818;154.037;154.057;154.047;0;T;True;3
1621235104000;11568819;154.037;154.057;154.047;0;T;True;3
1621235105000;11568820;154.037;154.057;154.047;0;T;True;3
1621235106000;11568821;154.037;154.057;154.047;0;T;True;3
1621235107000;11568824;154.033;154.053;154.043;2;T;True;3
1621235108000;11568828;154.041;154.061;154.051;3;T;True;3
1621235109000;11568829;154.041;154.061;154.051;0;T;True;3
1621235110000;11568831;154.039;154.059;154.049;1;T;True;3
1621235111000;11568836;154.045;154.065;154.055;4;T;True;3
1621235112000;11568840;154.053;154.073;154.063;3;T;True;3
1621235113000;11568841;154.053;154.073;154.063;0;T;True;3
1621235114000;11568842;154.053;154.073;154.063;0;T;True;3
1621235115000;11568846;154.055;154.075;154.065;3;T;True;3
1621235116000;11568849;154.061;154.081;154.071;2;T;True;3
1621235117000;11568851;154.062;154.082;154.072;1;T;True;3
1621235118000;11568855;154.061;154.081;154.071;3;T;True;3
1621235119000;11568856;154.061;154.081;154.071;0;T;True;3
1621235120000;11568857;154.061;154.081;154.071;0;T;True;3
1621235121000;11568860;154.067;154.087;154.077;2;T;True;3
1621235122000;11568863;154.07;154.09;154.08;2;T;True;3
1621235123000;11568864;154.07;154.09;154.08;0;T;True;3
1621235124000;11568867;154.067;154.087;154.077;2;T;True;3
1621235125000;11568869;154.066;154.086;154.076;1;T;True;3
1621235126000;11568871;154.065;154.085;154.075;1;T;True;3
1621235127000;11568872;154.065;154.085;154.075;0;T;True;3
1621235128000;11568876;154.071;154.091;154.081;3;T;True;3
1621235129000;11568877;154.071;154.091;154.081;0;T;True;3
1621235130000;11568878;154.071;154.091;154.081;0;T;True;3
1621235131000;11568880;154.072;154.092;154.082;1;T;True;3
1621235132000;11568882;154.073;154.093;154.083;1;T;True;3
1621235133000;11568883;154.073;154.093;154.083;0;T;True;3
1621235134000;11568884;154.073;154.093;154.083;0;T;True;3
1621235135000;11568885;154.073;154.093;154.083;0;T;True;3
1621235136000;11568889;154.077;154.097;154.087;3;T;True;3
1621235137000;11568894;154.068;154.088;154.078;4;T;True;3
1621235138000;11568895;154.068;154.088;154.078;0;T;True;3
1621235139000;11568897;154.069;154.089;154.079;1;T;True;3
1621235140000;11568899;154.065;154.085;154.075;1;T;True;3
1621235141000;11568901;154.067;154.087;154.077;1;T;True;3
1621235142000;11568902;154.067;154.087;154.077;0;T;True;3
1621235143000;11568904;154.065;154.085;154.075;1;T;True;3
1621235144000;11568907;154.061;154.081;154.071;2;T;True;3
1621235145000;11568908;154.061;154.081;154.071;0;T;True;3
1621235146000;11568909;154.061;154.081;154.071;0;T;True;3
1621235147000;11568911;154.067;154.087;154.077;1;T;True;3
1621235148000;11568913;154.065;154.085;154.075;1;T;True;3
1621235149000;11568916;154.067;154.087;154.077;2;T;True;3
1621235150000;11568917;154.067;154.087;154.077;0;T;True;3
1621235151000;11568919;154.066;154.086;154.076;1;T;True;3
1621235152000;11568920;154.066;154.086;154.076;0;T;True;3
1621235153000;11568923;154.069;154.089;154.079;2;T;True;3
1621235154000;11568924;154.069;154.089;154.079;0;T;True;3
1621235155000;11568925;154.069;154.089;154.079;0;T;True;3
1621235156000;11568927;154.07;154.09;154.08;1;T;True;3
1621235157000;11568930;154.067;154.087;154.077;2;T;True;3
1621235158000;11568931;154.067;154.087;154.077;0;T;True;3
1621235159000;11568933;154.069;154.089;154.079;1;T;True;3
1621235160000;11568936;154.071;154.091;154.081;2;T;True;3
1621235161000;11568938;154.068;154.088;154.078;1;T;True;3
1621235162000;11568939;154.068;154.088;154.078;0;T;True;3
1621235163000;11568941;154.069;154.089;154.079;1;T;True;3
1621235164000;11568943;154.067;154.087;154.077;1;T;True;3
1621235165000;11568944;154.067;154.087;154.077;0;T;True;3
1621235166000;11568945;154.067;154.087;154.077;0;T;True;3
1621235167000;11568947;154.066;154.086;154.076;1;T;True;3
1621235168000;11568948;154.066;154.086;154.076;0;T;True;3
1621235169000;11568949;154.066;154.086;154.076;0;T;True;3
1621235170000;11568950;154.066;154.086;154.076;0;T;True;3
1621235171000;11568952;154.065;154.085;154.075;1;T;True;3
1621235172000;11568953;154.065;154.085;154.075;0;T;True;3
1621235173000;11568954;154.065;154.085;154.075;0;T;True;3
1621235174000;11568955;154.065;154.085;154.075;0;T;True;3
1621235175000;11568956;154.065;154.085;154.075;0;T;True;3
1621235176000;11568958;154.067;154.087;154.077;1;T;True;3
1621235177000;11568960;154.066;154.086;154.076;1;T;True;3
1621235178000;11568962;154.067;154.087;154.077;1;T;True;3
1621235179000;11568966;154.073;154.093;154.083;3;T;True;3
1621235180000;11568967;154.073;154.093;154.083;0;T;True;3
1621235181000;11568971;154.071;154.091;154.081;3;T;True;3
1621235182000;11568972;154.071;154.091;154.081;0;T;True;3
1621235183000;11568973;154.071;154.091;154.081;0;T;True;3
1621235184000;11568974;154.071;154.091;154.081;0;T;True;3
1621235185000;11568975;154.071;154.091;154.081;0;T;True;3
1621235186000;11568976;154.071;154.091;154.081;0;T;True;3
1621235187000;11568977;154.071;154.091;154.081;0;T;True;3
1621235188000;11568978;154.071;154.091;154.081;0;T;True;3
1621235189000;11568983;154.081;154.101;154.091;4;T;True;3
1621235190000;11568989;154.097;154.117;154.107;5;T;True;3
1621235191000;11568990;154.097;154.117;154.107;0;T;True;3
1621235192000;11568993;154.097;154.117;154.107;2;T;True;3
1621235193000;11568998;154.089;154.109;154.099;4;T;True;3
1621235194000;11568999;154.089;154.109;154.099;0;T;True;3
1621235195000;11569000;154.089;154.109;154.099;0;T;True;3
1621235196000;11569001;154.089;154.109;154.099;0;T;True;3
1621235197000;11569005;154.095;154.115;154.105;3;T;True;3
1621235198000;11569006;154.095;154.115;154.105;0;T;True;3
1621235199000;11569007;154.095;154.115;154.105;0;T;True;3
1621235200000;11569008;154.095;154.115;154.105;0;T;True;3
1621235201000;11569009;154.095;154.115;154.105;0;T;True;3
1621235202000;11569010;154.095;154.115;154.105;0;T;True;3
1621235203000;11569011;154.095;154.115;154.105;0;T;True;3
1621235204000;11569014;154.093;154.113;154.103;2;T;True;3
1621235205000;11569015;154.093;154.113;154.103;0;T;True;3
1621235206000;11569016;154.093;154.113;154.103;0;T;True;3
1621235207000;11569018;154.095;154.115;154.105;1;T;True;3
1621235208000;11569024;154.088;154.108;154.098;5;T;True;3
1621235209000;11569027;154.091;154.111;154.101;2;T;True;3
1621235210000;11569029;154.093;154.113;154.103;1;T;True;3
1621235211000;11569030;154.093;154.113;154.103;0;T;True;3
1621235212000;11569035;154.1;154.12;154.11;4;T;True;3
1621235213000;11569037;154.099;154.119;154.109;1;T;True;3
1621235214000;11569038;154.099;154.119;154.109;0;T;True;3
1621235215000;11569041;154.1;154.12;154.11;2;T;True;3
1621235216000;11569045;154.091;154.111;154.101;3;T;True;3
1621235217000;11569046;154.091;154.111;154.101;0;T;True;3
1621235218000;11569047;154.091;154.111;154.101;0;T;True;3
1621235219000;11569048;154.091;154.111;154.101;0;T;True;3
1621235220000;11569049;154.091;154.111;154.101;0;T;True;3
1621235221000;11569050;154.091;154.111;154.101;0;T;True;3
1621235222000;11569051;154.091;154.111;154.101;0;T;True;3
1621235223000;11569055;154.08;154.1;154.09;3;T;True;3
1621235224000;11569057;154.081;154.101;154.091;1;T;True;3
1621235225000;11569058;154.081;154.101;154.091;0;T;True;3
1621235226000;11569059;154.081;154.101;154.091;0;T;True;3
1621235227000;11569061;154.079;154.099;154.089;1;T;True;3
1621235228000;11569064;154.085;154.105;154.095;2;T;True;3
1621235229000;11569065;154.085;154.105;154.095;0;T;True;3
1621235230000;11569066;154.085;154.105;154.095;0;T;True;3
1621235231000;11569067;154.085;154.105;154.095;0;T;True;3
1621235232000;11569068;154.085;154.105;154.095;0;T;True;3
1621235233000;11569070;154.086;154.106;154.096;1;T;True;3
1621235234000;11569071;154.086;154.106;154.096;0;T;True;3
1621235235000;11569073;154.085;154.105;154.095;1;T;True;3
1621235236000;11569074;154.085;154.105;154.095;0;T;True;3
1621235237000;11569078;154.089;154.109;154.099;3;T;True;3
1621235238000;11569082;154.091;154.111;154.101;3;T;True;3
1621235239000;11569087;154.099;154.119;154.109;4;T;True;3
1621235240000;11569089;154.101;154.121;154.111;1;T;True;3
1621235241000;11569090;154.101;154.121;154.111;0;T;True;3
1621235242000;11569091;154.101;154.121;154.111;0;T;True;3
1621235243000;11569093;154.103;154.123;154.113;1;T;True;3
1621235244000;11569094;154.103;154.123;154.113;0;T;True;3
1621235245000;11569095;154.103;154.123;154.113;0;T;True;3
1621235246000;11569096;154.103;154.123;154.113;0;T;True;3
1621235247000;11569101;154.113;154.133;154.123;4;T;True;3
1621235248000;11569102;154.113;154.133;154.123;0;T;True;3
1621235249000;11569103;154.113;154.133;154.123;0;T;True;3
1621235250000;11569108;154.123;154.143;154.133;4;T;True;3
1621235251000;11569110;154.124;154.144;154.134;1;T;True;3
1621235252000;11569112;154.123;154.143;154.133;1;T;True;3
1621235253000;11569113;154.123;154.143;154.133;0;T;True;3
1621235254000;11569116;154.119;154.139;154.129;2;T;True;3
1621235255000;11569117;154.119;154.139;154.129;0;T;True;3
1621235256000;11569121;154.113;154.133;154.123;3;T;True;3
1621235257000;11569122;154.113;154.133;154.123;0;T;True;3
1621235258000;11569123;154.113;154.133;154.123;0;T;True;3
1621235259000;11569127;154.103;154.123;154.113;3;T;True;3
1621235260000;11569128;154.103;154.123;154.113;0;T;True;3
1621235261000;11569130;154.101;154.121;154.111;1;T;True;3
1621235262000;11569131;154.101;154.121;154.111;0;T;True;3
1621235263000;11569134;154.102;154.122;154.112;2;T;True;3
1621235264000;11569135;154.102;154.122;154.112;0;T;True;3
1621235265000;11569138;154.099;154.119;154.109;2;T;True;3
1621235266000;11569139;154.099;154.119;154.109;0;T;True;3
1621235267000;11569145;154.098;154.118;154.108;5;T;True;3
1621235268000;11569146;154.098;154.118;154.108;0;T;True;3
1621235269000;11569147;154.098;154.118;154.108;0;T;True;3
1621235270000;11569149;154.097;154.117;154.107;1;T;True;3
1621235271000;11569150;154.097;154.117;154.107;0;T;True;3
1621235272000;11569151;154.097;154.117;154.107;0;T;True;3
1621235273000;11569155;154.105;154.125;154.115;3;T;True;3
1621235274000;11569157;154.107;154.127;154.117;1;T;True;3
1621235275000;11569158;154.107;154.127;154.117;0;T;True;3
1621235276000;11569159;154.107;154.127;154.117;0;T;True;3
1621235277000;11569160;154.107;154.127;154.117;0;T;True;3
1621235278000;11569161;154.107;154.127;154.117;0;T;True;3
1621235279000;11569162;154.107;154.127;154.117;0;T;True;3
1621235280000;11569164;154.108;154.128;154.118;1;T;True;3
1621235281000;11569165;154.108;154.128;154.118;0;T;True;3
1621235282000;11569166;154.108;154.128;154.118;0;T;True;3
1621235283000;11569167;154.108;154.128;154.118;0;T;True;3
1621235284000;11569168;154.108;154.128;154.118;0;T;True;3
1621235285000;11569169;154.108;154.128;154.118;0;T;True;3
1621235286000;11569171;154.107;154.127;154.117;1;T;True;3
1621235287000;11569173;154.105;154.125;154.115;1;T;True;3
1621235288000;11569175;154.104;154.124;154.114;1;T;True;3
1621235289000;11569177;154.103;154.123;154.113;1;T;True;3
1621235290000;11569178;154.103;154.123;154.113;0;T;True;3
1621235291000;11569179;154.103;154.123;154.113;0;T;True;3
1621235292000;11569180;154.103;154.123;154.113;0;T;True;3
1621235293000;11569181;154.103;154.123;154.113;0;T;True;3
1621235294000;11569186;154.111;154.131;154.121;4;T;True;3
1621235295000;11569187;154.111;154.131;154.121;0;T;True;3
1621235296000;11569191;154.113;154.133;154.123;3;T;True;3
1621235297000;11569197;154.117;154.137;154.127;5;T;True;3
1621235298000;11569199;154.115;154.135;154.125;1;T;True;3
1621235299000;11569200;154.115;154.135;154.125;0;T;True;3
1621235300000;11569202;154.117;154.137;154.127;1;T;True;3
1621235301000;11569203;154.117;154.137;154.127;0;T;True;3
1621235302000;11569204;154.117;154.137;154.127;0;T;True;3
1621235303000;11569206;154.121;154.141;154.131;1;T;True;3
1621235304000;11569207;154.121;154.141;154.131;0;T;True;3
1621235305000;11569208;154.121;154.141;154.131;0;T;True;3
1621235306000;11569209;154.121;154.141;154.131;0;T;True;3
1621235307000;11569210;154.121;154.141;154.131;0;T;True;3
1621235308000;11569213;154.115;154.135;154.125;2;T;True;3
1621235309000;11569215;154.112;154.132;154.122;1;T;True;3
1621235310000;11569218;154.115;154.135;154.125;2;T;True;3
1621235311000;11569219;154.115;154.135;154.125;0;T;True;3
1621235312000;11569220;154.115;154.135;154.125;0;T;True;3
1621235313000;11569221;154.115;154.135;154.125;0;T;True;3
1621235314000;11569222;154.115;154.135;154.125;0;T;True;3
1621235315000;11569224;154.113;154.133;154.123;1;T;True;3
1621235316000;11569227;154.111;154.131;154.121;2;T;True;3
1621235317000;11569231;154.11;154.13;154.12;3;T;True;3
1621235318000;11569235;154.108;154.128;154.118;3;T;True;3
1621235319000;11569236;154.108;154.128;154.118;0;T;True;3
1621235320000;11569237;154.108;154.128;154.118;0;T;True;3
1621235321000;11569239;154.107;154.127;154.117;1;T;True;3
1621235322000;11569241;154.108;154.128;154.118;1;T;True;3
1621235323000;11569243;154.111;154.131;154.121;1;T;True;3
1621235324000;11569244;154.111;154.131;154.121;0;T;True;3
1621235325000;11569245;154.111;154.131;154.121;0;T;True;3
1621235326000;11569247;154.11;154.13;154.12;1;T;True;3
1621235327000;11569248;154.11;154.13;154.12;0;T;True;3
1621235328000;11569249;154.11;154.13;154.12;0;T;True;3
1621235329000;11569250;154.11;154.13;154.12;0;T;True;3
1621235330000;11569251;154.11;154.13;154.12;0;T;True;3
1621235331000;11569253;154.111;154.131;154.121;1;T;True;3
1621235332000;11569254;154.111;154.131;154.121;0;T;True;3
1621235333000;11569255;154.111;154.131;154.121;0;T;True;3
1621235334000;11569256;154.111;154.131;154.121;0;T;True;3
1621235335000;11569257;154.111;154.131;154.121;0;T;True;3
1621235336000;11569261;154.103;154.123;154.113;3;T;True;3
1621235337000;11569262;154.103;154.123;154.113;0;T;True;3
1621235338000;11569263;154.103;154.123;154.113;0;T;True;3
1621235339000;11569264;154.103;154.123;154.113;0;T;True;3
1621235340000;11569266;154.105;154.125;154.115;1;T;True;3
1621235341000;11569267;154.105;154.125;154.115;0;T;True;3
1621235342000;11569268;154.105;154.125;154.115;0;T;True;3
1621235343000;11569271;154.113;154.133;154.123;2;T;True;3
1621235344000;11569272;154.113;154.133;154.123;0;T;True;3
1621235345000;11569273;154.113;154.133;154.123;0;T;True;3
1621235346000;11569274;154.113;154.133;154.123;0;T;True;3
1621235347000;11569277;154.107;154.127;154.117;2;T;True;3
1621235348000;11569278;154.107;154.127;154.117;0;T;True;3
1621235349000;11569280;154.103;154.123;154.113;1;T;True;3
1621235350000;11569285;154.097;154.117;154.107;4;T;True;3
1621235351000;11569287;154.096;154.116;154.106;1;T;True;3
1621235352000;11569288;154.096;154.116;154.106;0;T;True;3
1621235353000;11569289;154.096;154.116;154.106;0;T;True;3
1621235354000;11569295;154.087;154.107;154.097;5;T;True;3
1621235355000;11569301;154.096;154.116;154.106;5;T;True;3
1621235356000;11569304;154.099;154.119;154.109;2;T;True;3
1621235357000;11569306;154.097;154.117;154.107;1;T;True;3
1621235358000;11569307;154.097;154.117;154.107;0;T;True;3
1621235359000;11569310;154.095;154.115;154.105;2;T;True;3
1621235360000;11569313;154.095;154.115;154.105;2;T;True;3
1621235361000;11569315;154.097;154.117;154.107;1;T;True;3
1621235362000;11569320;154.105;154.125;154.115;4;T;True;3
1621235363000;11569322;154.103;154.123;154.113;1;T;True;3
1621235364000;11569323;154.103;154.123;154.113;0;T;True;3
1621235365000;11569327;154.106;154.126;154.116;3;T;True;3
1621235366000;11569328;154.106;154.126;154.116;0;T;True;3
1621235367000;11569329;154.106;154.126;154.116;0;T;True;3
1621235368000;11569331;154.103;154.123;154.113;1;T;True;3
1621235369000;11569332;154.103;154.123;154.113;0;T;True;3
1621235370000;11569333;154.103;154.123;154.113;0;T;True;3
1621235371000;11569334;154.103;154.123;154.113;0;T;True;3
1621235372000;11569336;154.105;154.125;154.115;1;T;True;3
1621235373000;11569337;154.105;154.125;154.115;0;T;True;3
1621235374000;11569338;154.105;154.125;154.115;0;T;True;3
1621235375000;11569340;154.107;154.127;154.117;1;T;True;3
1621235376000;11569343;154.107;154.127;154.117;2;T;True;3
1621235377000;11569344;154.107;154.127;154.117;0;T;True;3
1621235378000;11569346;154.105;154.125;154.115;1;T;True;3
1621235379000;11569347;154.105;154.125;154.115;0;T;True;3
1621235380000;11569348;154.105;154.125;154.115;0;T;True;3
1621235381000;11569349;154.105;154.125;154.115;0;T;True;3
1621235382000;11569351;154.107;154.127;154.117;1;T;True;3
1621235383000;11569352;154.107;154.127;154.117;0;T;True;3
1621235384000;11569353;154.107;154.127;154.117;0;T;True;3
1621235385000;11569354;154.107;154.127;154.117;0;T;True;3
1621235386000;11569355;154.107;154.127;154.117;0;T;True;3
1621235387000;11569356;154.107;154.127;154.117;0;T;True;3
1621235388000;11569357;154.107;154.127;154.117;0;T;True;3
1621235389000;11569359;154.109;154.129;154.119;1;T;True;3
1621235390000;11569362;154.109;154.129;154.119;2;T;True;3
1621235391000;11569364;154.11;154.13;154.12;1;T;True;3
1621235392000;11569369;154.116;154.136;154.126;4;T;True;3
1621235393000;11569371;154.117;154.137;154.127;1;T;True;3
1621235394000;11569375;154.113;154.133;154.123;3;T;True;3
1621235395000;11569377;154.114;154.134;154.124;1;T;True;3
1621235396000;11569379;154.113;154.133;154.123;1;T;True;3
1621235397000;11569381;154.114;154.134;154.124;1;T;True;3
1621235398000;11569384;154.121;154.141;154.131;2;T;True;3
1621235399000;11569386;154.119;154.139;154.129;1;T;True;3
1621235400000;11569388;154.121;154.141;154.131;1;T;True;3
1621235401000;11569392;154.117;154.137;154.127;3;T;True;3
1621235402000;11569394;154.119;154.139;154.129;1;T;True;3
1621235403000;11569397;154.123;154.143;154.133;2;T;True;3
1621235404000;11569399;154.126;154.146;154.136;1;T;True;3
1621235405000;11569402;154.124;154.144;154.134;2;T;True;3
1621235406000;11569404;154.123;154.143;154.133;1;T;True;3
1621235407000;11569406;154.12;154.14;154.13;1;T;True;3
1621235408000;11569407;154.12;154.14;154.13;0;T;True;3
1621235409000;11569413;154.12;154.14;154.13;5;T;True;3
1621235410000;11569416;154.113;154.133;154.123;2;T;True;3
1621235411000;11569417;154.113;154.133;154.123;0;T;True;3
1621235412000;11569418;154.113;154.133;154.123;0;T;True;3
1621235413000;11569420;154.115;154.135;154.125;1;T;True;3
1621235414000;11569421;154.115;154.135;154.125;0;T;True;3
1621235415000;11569423;154.109;154.129;154.119;1;T;True;3
1621235416000;11569425;154.108;154.128;154.118;1;T;True;3
1621235417000;11569426;154.108;154.128;154.118;0;T;True;3
1621235418000;11569428;154.107;154.127;154.117;1;T;True;3
1621235419000;11569430;154.108;154.128;154.118;1;T;True;3
1621235420000;11569431;154.108;154.128;154.118;0;T;True;3
1621235421000;11569433;154.107;154.127;154.117;1;T;True;3
1621235422000;11569437;154.097;154.117;154.107;3;T;True;3
1621235423000;11569439;154.099;154.119;154.109;1;T;True;3
1621235424000;11569443;154.089;154.109;154.099;3;T;True;3
1621235425000;11569444;154.089;154.109;154.099;0;T;True;3
1621235426000;11569446;154.088;154.108;154.098;1;T;True;3
1621235427000;11569447;154.088;154.108;154.098;0;T;True;3
1621235428000;11569448;154.088;154.108;154.098;0;T;True;3
1621235429000;11569451;154.088;154.108;154.098;2;T;True;3
1621235430000;11569452;154.088;154.108;154.098;0;T;True;3
1621235431000;11569456;154.089;154.109;154.099;3;T;True;3
1621235432000;11569460;154.087;154.107;154.097;3;T;True;3
1621235433000;11569461;154.087;154.107;154.097;0;T;True;3
1621235434000;11569464;154.095;154.115;154.105;2;T;True;3
1621235435000;11569466;154.099;154.119;154.109;1;T;True;3
1621235436000;11569468;154.101;154.121;154.111;1;T;True;3
1621235437000;11569469;154.101;154.121;154.111;0;T;True;3
1621235438000;11569471;154.099;154.119;154.109;1;T;True;3
1621235439000;11569472;154.099;154.119;154.109;0;T;True;3
1621235440000;11569473;154.099;154.119;154.109;0;T;True;3
1621235441000;11569474;154.099;154.119;154.109;0;T;True;3
1621235442000;11569475;154.099;154.119;154.109;0;T;True;3
1621235443000;11569476;154.099;154.119;154.109;0;T;True;3
1621235444000;11569477;154.099;154.119;154.109;0;T;True;3
1621235445000;11569478;154.099;154.119;154.109;0;T;True;3
1621235446000;11569479;154.099;154.119;154.109;0;T;True;3
1621235447000;11569482;154.103;154.123;154.113;2;T;True;3
1621235448000;11569484;154.105;154.125;154.115;1;T;True;3
1621235449000;11569485;154.105;154.125;154.115;0;T;True;3
1621235450000;11569487;154.103;154.123;154.113;1;T;True;3
1621235451000;11569495;154.103;154.123;154.113;7;T;True;3
1621235452000;11569496;154.103;154.123;154.113;0;T;True;3
1621235453000;11569501;154.093;154.113;154.103;4;T;True;3
1621235454000;11569502;154.093;154.113;154.103;0;T;True;3
1621235455000;11569503;154.093;154.113;154.103;0;T;True;3
1621235456000;11569505;154.092;154.112;154.102;1;T;True;3
1621235457000;11569507;154.095;154.115;154.105;1;T;True;3
1621235458000;11569508;154.095;154.115;154.105;0;T;True;3
1621235459000;11569510;154.093;154.113;154.103;1;T;True;3
1621235460000;11569511;154.093;154.113;154.103;0;T;True;3
1621235461000;11569512;154.093;154.113;154.103;0;T;True;3
1621235462000;11569514;154.092;154.112;154.102;1;T;True;3
1621235463000;11569516;154.093;154.113;154.103;1;T;True;3
1621235464000;11569517;154.093;154.113;154.103;0;T;True;3
1621235465000;11569518;154.093;154.113;154.103;0;T;True;3
1621235466000;11569520;154.091;154.111;154.101;1;T;True;3
1621235467000;11569522;154.093;154.113;154.103;1;T;True;3
1621235468000;11569523;154.093;154.113;154.103;0;T;True;3
1621235469000;11569524;154.093;154.113;154.103;0;T;True;3
1621235470000;11569526;154.095;154.115;154.105;1;T;True;3
1621235471000;11569527;154.095;154.115;154.105;0;T;True;3
1621235472000;11569528;154.095;154.115;154.105;0;T;True;3
1621235473000;11569529;154.095;154.115;154.105;0;T;True;3
1621235474000;11569530;154.095;154.115;154.105;0;T;True;3
1621235475000;11569531;154.095;154.115;154.105;0;T;True;3
1621235476000;11569534;154.097;154.117;154.107;2;T;True;3
1621235477000;11569535;154.097;154.117;154.107;0;T;True;3
1621235478000;11569536;154.097;154.117;154.107;0;T;True;3
1621235479000;11569537;154.097;154.117;154.107;0;T;True;3
1621235480000;11569540;154.095;154.115;154.105;2;T;True;3
1621235481000;11569541;154.095;154.115;154.105;0;T;True;3
1621235482000;11569542;154.095;154.115;154.105;0;T;True;3
1621235483000;11569543;154.095;154.115;154.105;0;T;True;3
1621235484000;11569544;154.095;154.115;154.105;0;T;True;3
1621235485000;11569545;154.095;154.115;154.105;0;T;True;3
1621235486000;11569546;154.095;154.115;154.105;0;T;True;3
1621235487000;11569547;154.095;154.115;154.105;0;T;True;3
1621235488000;11569552;154.083;154.103;154.093;4;T;True;3
1621235489000;11569553;154.083;154.103;154.093;0;T;True;3
1621235490000;11569554;154.083;154.103;154.093;0;T;True;3
1621235491000;11569555;154.083;154.103;154.093;0;T;True;3
1621235492000;11569556;154.083;154.103;154.093;0;T;True;3
1621235493000;11569562;154.077;154.097;154.087;5;T;True;3
1621235494000;11569567;154.083;154.103;154.093;4;T;True;3
1621235495000;11569570;154.086;154.106;154.096;2;T;True;3
1621235496000;11569572;154.087;154.107;154.097;1;T;True;3
1621235497000;11569574;154.085;154.105;154.095;1;T;True;3
1621235498000;11569576;154.086;154.106;154.096;1;T;True;3
1621235499000;11569581;154.094;154.114;154.104;4;T;True;3
1621235500000;11569583;154.095;154.115;154.105;1;T;True;3
1621235501000;11569584;154.095;154.115;154.105;0;T;True;3
1621235502000;11569587;154.093;154.113;154.103;2;T;True;3
1621235503000;11569588;154.093;154.113;154.103;0;T;True;3
1621235504000;11569590;154.094;154.114;154.104;1;T;True;3
1621235505000;11569593;154.098;154.118;154.108;2;T;True;3
1621235506000;11569595;154.1;154.12;154.11;1;T;True;3
1621235507000;11569598;154.097;154.117;154.107;2;T;True;3
1621235508000;11569604;154.093;154.113;154.103;5;T;True;3
1621235509000;11569608;154.087;154.107;154.097;3;T;True;3
1621235510000;11569610;154.088;154.108;154.098;1;T;True;3
1621235511000;11569612;154.087;154.107;154.097;1;T;True;3
1621235512000;11569616;154.086;154.106;154.096;3;T;True;3
1621235513000;11569618;154.087;154.107;154.097;1;T;True;3
1621235514000;11569621;154.093;154.113;154.103;2;T;True;3
1621235515000;11569623;154.094;154.114;154.104;1;T;True;3
1621235516000;11569625;154.093;154.113;154.103;1;T;True;3
1621235517000;11569626;154.093;154.113;154.103;0;T;True;3
1621235518000;11569627;154.093;154.113;154.103;0;T;True;3
1621235519000;11569628;154.093;154.113;154.103;0;T;True;3
1621235520000;11569629;154.093;154.113;154.103;0;T;True;3
1621235521000;11569630;154.093;154.113;154.103;0;T;True;3
1621235522000;11569631;154.093;154.113;154.103;0;T;True;3
1621235523000;11569634;154.087;154.107;154.097;2;T;True;3
1621235524000;11569637;154.089;154.109;154.099;2;T;True;3
1621235525000;11569640;154.085;154.105;154.095;2;T;True;3
1621235526000;11569643;154.087;154.107;154.097;2;T;True;3
1621235527000;11569645;154.089;154.109;154.099;1;T;True;3
1621235528000;11569648;154.093;154.113;154.103;2;T;True;3
1621235529000;11569649;154.093;154.113;154.103;0;T;True;3
1621235530000;11569650;154.093;154.113;154.103;0;T;True;3
1621235531000;11569651;154.093;154.113;154.103;0;T;True;3
1621235532000;11569652;154.093;154.113;154.103;0;T;True;3
1621235533000;11569654;154.094;154.114;154.104;1;T;True;3
1621235534000;11569656;154.095;154.115;154.105;1;T;True;3
1621235535000;11569657;154.095;154.115;154.105;0;T;True;3
1621235536000;11569658;154.095;154.115;154.105;0;T;True;3
1621235537000;11569659;154.095;154.115;154.105;0;T;True;3
1621235538000;11569664;154.093;154.113;154.103;4;T;True;3
1621235539000;11569665;154.093;154.113;154.103;0;T;True;3
1621235540000;11569666;154.093;154.113;154.103;0;T;True;3
1621235541000;11569668;154.089;154.109;154.099;1;T;True;3
1621235542000;11569671;154.095;154.115;154.105;2;T;True;3
1621235543000;11569673;154.097;154.117;154.107;1;T;True;3
1621235544000;11569674;154.097;154.117;154.107;0;T;True;3
1621235545000;11569675;154.097;154.117;154.107;0;T;True;3
1621235546000;11569677;154.099;154.119;154.109;1;T;True;3
1621235547000;11569679;154.101;154.121;154.111;1;T;True;3
1621235548000;11569681;154.103;154.123;154.113;1;T;True;3
1621235549000;11569682;154.103;154.123;154.113;0;T;True;3
1621235550000;11569683;154.103;154.123;154.113;0;T;True;3
1621235551000;11569684;154.103;154.123;154.113;0;T;True;3
1621235552000;11569685;154.103;154.123;154.113;0;T;True;3
1621235553000;11569686;154.103;154.123;154.113;0;T;True;3
1621235554000;11569687;154.103;154.123;154.113;0;T;True;3
1621235555000;11569688;154.103;154.123;154.113;0;T;True;3
1621235556000;11569689;154.103;154.123;154.113;0;T;True;3
1621235557000;11569690;154.103;154.123;154.113;0;T;True;3
1621235558000;11569694;154.095;154.115;154.105;3;T;True;3
1621235559000;11569695;154.095;154.115;154.105;0;T;True;3
1621235560000;11569697;154.094;154.114;154.104;1;T;True;3
1621235561000;11569698;154.094;154.114;154.104;0;T;True;3
1621235562000;11569699;154.094;154.114;154.104;0;T;True;3
1621235563000;11569703;154.093;154.113;154.103;3;T;True;3
1621235564000;11569706;154.097;154.117;154.107;2;T;True;3
1621235565000;11569710;154.107;154.127;154.117;3;T;True;3
1621235566000;11569711;154.107;154.127;154.117;0;T;True;3
1621235567000;11569712;154.107;154.127;154.117;0;T;True;3
1621235568000;11569715;154.109;154.129;154.119;2;T;True;3
1621235569000;11569718;154.115;154.135;154.125;2;T;True;3
1621235570000;11569719;154.115;154.135;154.125;0;T;True;3
1621235571000;11569720;154.115;154.135;154.125;0;T;True;3
1621235572000;11569721;154.115;154.135;154.125;0;T;True;3
1621235573000;11569722;154.115;154.135;154.125;0;T;True;3
1621235574000;11569724;154.116;154.136;154.126;1;T;True;3
1621235575000;11569725;154.116;154.136;154.126;0;T;True;3
1621235576000;11569729;154.109;154.129;154.119;3;T;True;3
1621235577000;11569730;154.109;154.129;154.119;0;T;True;3
1621235578000;11569733;154.111;154.131;154.121;2;T;True;3
1621235579000;11569734;154.111;154.131;154.121;0;T;True;3
1621235580000;11569735;154.111;154.131;154.121;0;T;True;3
1621235581000;11569736;154.111;154.131;154.121;0;T;True;3
1621235582000;11569737;154.111;154.131;154.121;0;T;True;3
1621235583000;11569743;154.125;154.145;154.135;5;T;True;3
1621235584000;11569744;154.125;154.145;154.135;0;T;True;3
1621235585000;11569749;154.132;154.152;154.142;4;T;True;3
1621235586000;11569751;154.133;154.153;154.143;1;T;True;3
1621235587000;11569752;154.133;154.153;154.143;0;T;True;3
1621235588000;11569753;154.133;154.153;154.143;0;T;True;3
1621235589000;11569754;154.133;154.153;154.143;0;T;True;3
1621235590000;11569759;154.145;154.165;154.155;4;T;True;3
1621235591000;11569760;154.145;154.165;154.155;0;T;True;3
1621235592000;11569764;154.151;154.171;154.161;3;T;True;3
1621235593000;11569765;154.151;154.171;154.161;0;T;True;3
1621235594000;11569766;154.151;154.171;154.161;0;T;True;3
1621235595000;11569768;154.153;154.173;154.163;1;T;True;3
1621235596000;11569769;154.153;154.173;154.163;0;T;True;3
1621235597000;11569770;154.153;154.173;154.163;0;T;True;3
1621235598000;11569771;154.153;154.173;154.163;0;T;True;3
1621235599000;11569772;154.153;154.173;154.163;0;T;True;3
1621235600000;11569773;154.153;154.173;154.163;0;T;True;3
1621235601000;11569774;154.153;154.173;154.163;0;T;True;3
1621235602000;11569775;154.153;154.173;154.163;0;T;True;3
1621235603000;11569776;154.153;154.173;154.163;0;T;True;3
1621235604000;11569777;154.153;154.173;154.163;0;T;True;3
1621235605000;11569779;154.152;154.172;154.162;1;T;True;3
1621235606000;11569781;154.153;154.173;154.163;1;T;True;3
1621235607000;11569782;154.153;154.173;154.163;0;T;True;3
1621235608000;11569787;154.146;154.166;154.156;4;T;True;3
1621235609000;11569790;154.143;154.163;154.153;2;T;True;3
1621235610000;11569791;154.143;154.163;154.153;0;T;True;3
1621235611000;11569792;154.143;154.163;154.153;0;T;True;3
1621235612000;11569793;154.143;154.163;154.153;0;T;True;3
1621235613000;11569794;154.143;154.163;154.153;0;T;True;3
1621235614000;11569796;154.142;154.162;154.152;1;T;True;3
1621235615000;11569801;154.151;154.171;154.161;4;T;True;3
1621235616000;11569802;154.151;154.171;154.161;0;T;True;3
1621235617000;11569803;154.151;154.171;154.161;0;T;True;3
1621235618000;11569804;154.151;154.171;154.161;0;T;True;3
1621235619000;11569805;154.151;154.171;154.161;0;T;True;3
1621235620000;11569806;154.151;154.171;154.161;0;T;True;3
1621235621000;11569807;154.151;154.171;154.161;0;T;True;3
1621235622000;11569809;154.152;154.172;154.162;1;T;True;3
1621235623000;11569810;154.152;154.172;154.162;0;T;True;3
1621235624000;11569811;154.152;154.172;154.162;0;T;True;3
1621235625000;11569812;154.152;154.172;154.162;0;T;True;3
1621235626000;11569816;154.146;154.166;154.156;3;T;True;3
1621235627000;11569818;154.145;154.165;154.155;1;T;True;3
1621235628000;11569819;154.145;154.165;154.155;0;T;True;3
1621235629000;11569820;154.145;154.165;154.155;0;T;True;3
1621235630000;11569821;154.145;154.165;154.155;0;T;True;3
1621235631000;11569825;154.136;154.156;154.146;3;T;True;3
1621235632000;11569828;154.138;154.158;154.148;2;T;True;3
1621235633000;11569829;154.138;154.158;154.148;0;T;True;3
1621235634000;11569831;154.139;154.159;154.149;1;T;True;3
1621235635000;11569833;154.141;154.161;154.151;1;T;True;3
1621235636000;11569835;154.142;154.162;154.152;1;T;True;3
1621235637000;11569839;154.141;154.161;154.151;3;T;True;3
1621235638000;11569841;154.143;154.163;154.153;1;T;True;3
1621235639000;11569842;154.143;154.163;154.153;0;T;True;3
1621235640000;11569843;154.143;154.163;154.153;0;T;True;3
1621235641000;11569845;154.144;154.164;154.154;1;T;True;3
1621235642000;11569846;154.144;154.164;154.154;0;T;True;3
1621235643000;11569848;154.143;154.163;154.153;1;T;True;3
1621235644000;11569849;154.143;154.163;154.153;0;T;True;3
1621235645000;11569853;154.139;154.159;154.149;3;T;True;3
1621235646000;11569854;154.139;154.159;154.149;0;T;True;3
1621235647000;11569857;154.142;154.162;154.152;2;T;True;3
1621235648000;11569859;154.143;154.163;154.153;1;T;True;3
1621235649000;11569860;154.143;154.163;154.153;0;T;True;3
1621235650000;11569862;154.141;154.161;154.151;1;T;True;3
1621235651000;11569863;154.141;154.161;154.151;0;T;True;3
1621235652000;11569864;154.141;154.161;154.151;0;T;True;3
1621235653000;11569869;154.137;154.157;154.147;4;T;True;3
1621235654000;11569871;154.141;154.161;154.151;1;T;True;3
1621235655000;11569872;154.141;154.161;154.151;0;T;True;3
1621235656000;11569875;154.141;154.161;154.151;2;T;True;3
1621235657000;11569879;154.139;154.159;154.149;3;T;True;3
1621235658000;11569880;154.139;154.159;154.149;0;T;True;3
1621235659000;11569881;154.139;154.159;154.149;0;T;True;3
1621235660000;11569882;154.139;154.159;154.149;0;T;True;3
1621235661000;11569885;154.137;154.157;154.147;2;T;True;3
1621235662000;11569886;154.137;154.157;154.147;0;T;True;3
1621235663000;11569888;154.135;154.155;154.145;1;T;True;3
1621235664000;11569889;154.135;154.155;154.145;0;T;True;3
1621235665000;11569890;154.135;154.155;154.145;0;T;True;3
1621235666000;11569891;154.135;154.155;154.145;0;T;True;3
1621235667000;11569894;154.135;154.155;154.145;2;T;True;3
1621235668000;11569895;154.135;154.155;154.145;0;T;True;3
1621235669000;11569896;154.135;154.155;154.145;0;T;True;3
1621235670000;11569897;154.135;154.155;154.145;0;T;True;3
1621235671000;11569900;154.142;154.162;154.152;2;T;True;3
1621235672000;11569905;154.145;154.165;154.155;4;T;True;3
1621235673000;11569906;154.145;154.165;154.155;0;T;True;3
1621235674000;11569907;154.145;154.165;154.155;0;T;True;3
1621235675000;11569908;154.145;154.165;154.155;0;T;True;3
1621235676000;11569909;154.145;154.165;154.155;0;T;True;3
1621235677000;11569913;154.148;154.168;154.158;3;T;True;3
1621235678000;11569914;154.148;154.168;154.158;0;T;True;3
1621235679000;11569919;154.148;154.168;154.158;4;T;True;3
1621235680000;11569920;154.148;154.168;154.158;0;T;True;3
1621235681000;11569921;154.148;154.168;154.158;0;T;True;3
1621235682000;11569924;154.15;154.17;154.16;2;T;True;3
1621235683000;11569925;154.15;154.17;154.16;0;T;True;3
1621235684000;11569927;154.151;154.171;154.161;1;T;True;3
1621235685000;11569929;154.147;154.167;154.157;1;T;True;3
1621235686000;11569930;154.147;154.167;154.157;0;T;True;3
1621235687000;11569931;154.147;154.167;154.157;0;T;True;3
1621235688000;11569932;154.147;154.167;154.157;0;T;True;3
1621235689000;11569933;154.147;154.167;154.157;0;T;True;3
1621235690000;11569934;154.147;154.167;154.157;0;T;True;3
1621235691000;11569936;154.149;154.169;154.159;1;T;True;3
1621235692000;11569938;154.15;154.17;154.16;1;T;True;3
1621235693000;11569939;154.15;154.17;154.16;0;T;True;3
1621235694000;11569940;154.15;154.17;154.16;0;T;True;3
1621235695000;11569941;154.15;154.17;154.16;0;T;True;3
1621235696000;11569945;154.149;154.169;154.159;3;T;True;3
1621235697000;11569946;154.149;154.169;154.159;0;T;True;3
1621235698000;11569948;154.148;154.168;154.158;1;T;True;3
1621235699000;11569950;154.149;154.169;154.159;1;T;True;3
1621235700000;11569955;154.14;154.16;154.15;4;T;True;3
1621235701000;11569957;154.141;154.161;154.151;1;T;True;3
1621235702000;11569965;154.13;154.15;154.14;7;T;True;3
1621235703000;11569967;154.129;154.149;154.139;1;T;True;3
1621235704000;11569969;154.127;154.147;154.137;1;T;True;3
1621235705000;11569970;154.127;154.147;154.137;0;T;True;3
1621235706000;11569971;154.127;154.147;154.137;0;T;True;3
1621235707000;11569973;154.128;154.148;154.138;1;T;True;3
1621235708000;11569975;154.129;154.149;154.139;1;T;True;3
1621235709000;11569976;154.129;154.149;154.139;0;T;True;3
1621235710000;11569977;154.129;154.149;154.139;0;T;True;3
1621235711000;11569978;154.129;154.149;154.139;0;T;True;3
1621235712000;11569980;154.127;154.147;154.137;1;T;True;3
1621235713000;11569982;154.125;154.145;154.135;1;T;True;3
1621235714000;11569983;154.125;154.145;154.135;0;T;True;3
1621235715000;11569984;154.125;154.145;154.135;0;T;True;3
1621235716000;11569985;154.125;154.145;154.135;0;T;True;3
1621235717000;11569987;154.124;154.144;154.134;1;T;True;3
1621235718000;11569992;154.119;154.139;154.129;4;T;True;3
1621235719000;11569994;154.117;154.137;154.127;1;T;True;3
1621235720000;11569995;154.117;154.137;154.127;0;T;True;3
1621235721000;11569996;154.117;154.137;154.127;0;T;True;3
1621235722000;11569997;154.117;154.137;154.127;0;T;True;3
1621235723000;11570001;154.109;154.129;154.119;3;T;True;3
1621235724000;11570003;154.111;154.131;154.121;1;T;True;3
1621235725000;11570005;154.113;154.133;154.123;1;T;True;3
1621235726000;11570006;154.113;154.133;154.123;0;T;True;3
1621235727000;11570007;154.113;154.133;154.123;0;T;True;3
1621235728000;11570008;154.113;154.133;154.123;0;T;True;3
1621235729000;11570009;154.113;154.133;154.123;0;T;True;3
1621235730000;11570011;154.112;154.132;154.122;1;T;True;3
1621235731000;11570012;154.112;154.132;154.122;0;T;True;3
1621235732000;11570013;154.112;154.132;154.122;0;T;True;3
1621235733000;11570014;154.112;154.132;154.122;0;T;True;3
1621235734000;11570019;154.117;154.137;154.127;4;T;True;3
1621235735000;11570020;154.117;154.137;154.127;0;T;True;3
1621235736000;11570021;154.117;154.137;154.127;0;T;True;3
1621235737000;11570026;154.115;154.135;154.125;4;T;True;3
1621235738000;11570027;154.115;154.135;154.125;0;T;True;3
1621235739000;11570028;154.115;154.135;154.125;0;T;True;3
1621235740000;11570029;154.115;154.135;154.125;0;T;True;3
1621235741000;11570030;154.115;154.135;154.125;0;T;True;3
1621235742000;11570031;154.115;154.135;154.125;0;T;True;3
1621235743000;11570032;154.115;154.135;154.125;0;T;True;3
1621235744000;11570033;154.115;154.135;154.125;0;T;True;3
1621235745000;11570034;154.115;154.135;154.125;0;T;True;3
1621235746000;11570035;154.115;154.135;154.125;0;T;True;3
1621235747000;11570037;154.114;154.134;154.124;1;T;True;3
1621235748000;11570038;154.114;154.134;154.124;0;T;True;3
1621235749000;11570039;154.114;154.134;154.124;0;T;True;3
1621235750000;11570040;154.114;154.134;154.124;0;T;True;3
1621235751000;11570041;154.114;154.134;154.124;0;T;True;3
1621235752000;11570042;154.114;154.134;154.124;0;T;True;3
1621235753000;11570043;154.114;154.134;154.124;0;T;True;3
1621235754000;11570044;154.114;154.134;154.124;0;T;True;3
1621235755000;11570046;154.107;154.127;154.117;1;T;True;3
1621235756000;11570047;154.107;154.127;154.117;0;T;True;3
1621235757000;11570049;154.105;154.125;154.115;1;T;True;3
1621235758000;11570051;154.103;154.123;154.113;1;T;True;3
1621235759000;11570054;154.103;154.123;154.113;2;T;True;3
1621235760000;11570057;154.106;154.126;154.116;2;T;True;3
1621235761000;11570058;154.106;154.126;154.116;0;T;True;3
1621235762000;11570061;154.109;154.129;154.119;2;T;True;3
1621235763000;11570064;154.113;154.133;154.123;2;T;True;3
1621235764000;11570067;154.116;154.136;154.126;2;T;True;3
1621235765000;11570069;154.117;154.137;154.127;1;T;True;3
1621235766000;11570070;154.117;154.137;154.127;0;T;True;3
1621235767000;11570071;154.117;154.137;154.127;0;T;True;3
1621235768000;11570073;154.118;154.138;154.128;1;T;True;3
1621235769000;11570079;154.127;154.147;154.137;5;T;True;3
1621235770000;11570081;154.129;154.149;154.139;1;T;True;3
1621235771000;11570082;154.129;154.149;154.139;0;T;True;3
1621235772000;11570084;154.13;154.15;154.14;1;T;True;3
1621235773000;11570085;154.13;154.15;154.14;0;T;True;3
1621235774000;11570086;154.13;154.15;154.14;0;T;True;3
1621235775000;11570087;154.13;154.15;154.14;0;T;True;3
1621235776000;11570089;154.129;154.149;154.139;1;T;True;3
1621235777000;11570091;154.127;154.147;154.137;1;T;True;3
1621235778000;11570092;154.127;154.147;154.137;0;T;True;3
1621235779000;11570094;154.125;154.145;154.135;1;T;True;3
1621235780000;11570095;154.125;154.145;154.135;0;T;True;3
1621235781000;11570101;154.125;154.145;154.135;5;T;True;3
1621235782000;11570103;154.121;154.141;154.131;1;T;True;3
1621235783000;11570104;154.121;154.141;154.131;0;T;True;3
1621235784000;11570105;154.121;154.141;154.131;0;T;True;3
1621235785000;11570108;154.125;154.145;154.135;2;T;True;3
1621235786000;11570109;154.125;154.145;154.135;0;T;True;3
1621235787000;11570111;154.127;154.147;154.137;1;T;True;3
1621235788000;11570112;154.127;154.147;154.137;0;T;True;3
1621235789000;11570115;154.129;154.149;154.139;2;T;True;3
1621235790000;11570120;154.131;154.151;154.141;4;T;True;3
1621235791000;11570121;154.131;154.151;154.141;0;T;True;3
1621235792000;11570124;154.129;154.149;154.139;2;T;True;3
1621235793000;11570127;154.133;154.153;154.143;2;T;True;3
1621235794000;11570128;154.133;154.153;154.143;0;T;True;3
1621235795000;11570130;154.13;154.15;154.14;1;T;True;3
1621235796000;11570133;154.13;154.15;154.14;2;T;True;3
1621235797000;11570135;154.131;154.151;154.141;1;T;True;3
1621235798000;11570136;154.131;154.151;154.141;0;T;True;3
1621235799000;11570140;154.133;154.153;154.143;3;T;True;3
1621235800000;11570141;154.133;154.153;154.143;0;T;True;3
1621235801000;11570142;154.133;154.153;154.143;0;T;True;3
1621235802000;11570143;154.133;154.153;154.143;0;T;True;3
1621235803000;11570144;154.133;154.153;154.143;0;T;True;3
1621235804000;11570148;154.125;154.145;154.135;3;T;True;3
1621235805000;11570151;154.125;154.145;154.135;2;T;True;3
1621235806000;11570153;154.126;154.146;154.136;1;T;True;3
1621235807000;11570154;154.126;154.146;154.136;0;T;True;3
1621235808000;11570157;154.124;154.144;154.134;2;T;True;3
1621235809000;11570161;154.121;154.141;154.131;3;T;True;3
1621235810000;11570162;154.121;154.141;154.131;0;T;True;3
1621235811000;11570163;154.121;154.141;154.131;0;T;True;3
1621235812000;11570165;154.12;154.14;154.13;1;T;True;3
1621235813000;11570166;154.12;154.14;154.13;0;T;True;3
1621235814000;11570167;154.12;154.14;154.13;0;T;True;3
1621235815000;11570168;154.12;154.14;154.13;0;T;True;3
1621235816000;11570169;154.12;154.14;154.13;0;T;True;3
1621235817000;11570170;154.12;154.14;154.13;0;T;True;3
1621235818000;11570173;154.114;154.134;154.124;2;T;True;3
1621235819000;11570174;154.114;154.134;154.124;0;T;True;3
1621235820000;11570175;154.114;154.134;154.124;0;T;True;3
1621235821000;11570177;154.115;154.135;154.125;1;T;True;3
1621235822000;11570179;154.116;154.136;154.126;1;T;True;3
1621235823000;11570180;154.116;154.136;154.126;0;T;True;3
1621235824000;11570181;154.116;154.136;154.126;0;T;True;3
1621235825000;11570182;154.116;154.136;154.126;0;T;True;3
1621235826000;11570185;154.114;154.134;154.124;1;T;True;3
1621235827000;11570186;154.114;154.134;154.124;0;T;True;3
1621235828000;11570187;154.114;154.134;154.124;0;T;True;3
1621235829000;11570189;154.113;154.133;154.123;1;T;True;3
1621235830000;11570192;154.111;154.131;154.121;2;T;True;3
1621235831000;11570193;154.111;154.131;154.121;0;T;True;3
1621235832000;11570194;154.111;154.131;154.121;0;T;True;3
1621235833000;11570198;154.108;154.128;154.118;3;T;True;3
1621235834000;11570204;154.107;154.127;154.117;5;T;True;3
1621235835000;11570209;154.111;154.131;154.121;4;T;True;3
1621235836000;11570210;154.111;154.131;154.121;0;T;True;3
1621235837000;11570212;154.112;154.132;154.122;1;T;True;3
1621235838000;11570213;154.112;154.132;154.122;0;T;True;3
1621235839000;11570214;154.112;154.132;154.122;0;T;True;3
1621235840000;11570215;154.112;154.132;154.122;0;T;True;3
1621235841000;11570216;154.112;154.132;154.122;0;T;True;3
1621235842000;11570221;154.114;154.134;154.124;4;T;True;3
1621235843000;11570225;154.121;154.141;154.131;3;T;True;3
1621235844000;11570227;154.122;154.142;154.132;1;T;True;3
1621235845000;11570228;154.122;154.142;154.132;0;T;True;3
1621235846000;11570229;154.122;154.142;154.132;0;T;True;3
1621235847000;11570231;154.121;154.141;154.131;1;T;True;3
1621235848000;11570232;154.121;154.141;154.131;0;T;True;3
1621235849000;11570233;154.121;154.141;154.131;0;T;True;3
1621235850000;11570234;154.121;154.141;154.131;0;T;True;3
1621235851000;11570235;154.121;154.141;154.131;0;T;True;3
1621235852000;11570236;154.121;154.141;154.131;0;T;True;3
1621235853000;11570238;154.119;154.139;154.129;1;T;True;3
1621235854000;11570240;154.121;154.141;154.131;1;T;True;3
1621235855000;11570241;154.121;154.141;154.131;0;T;True;3
1621235856000;11570242;154.121;154.141;154.131;0;T;True;3
1621235857000;11570243;154.121;154.141;154.131;0;T;True;3
1621235858000;11570244;154.121;154.141;154.131;0;T;True;3
1621235859000;11570245;154.121;154.141;154.131;0;T;True;3
1621235860000;11570246;154.121;154.141;154.131;0;T;True;3
1621235861000;11570247;154.121;154.141;154.131;0;T;True;3
1621235862000;11570248;154.121;154.141;154.131;0;T;True;3
1621235863000;11570249;154.121;154.141;154.131;0;T;True;3
1621235864000;11570252;154.121;154.141;154.131;2;T;True;3
1621235865000;11570253;154.121;154.141;154.131;0;T;True;3
1621235866000;11570254;154.121;154.141;154.131;0;T;True;3
1621235867000;11570255;154.121;154.141;154.131;0;T;True;3
1621235868000;11570260;154.115;154.135;154.125;4;T;True;3
1621235869000;11570262;154.114;154.134;154.124;1;T;True;3
1621235870000;11570263;154.114;154.134;154.124;0;T;True;3
1621235871000;11570266;154.114;154.134;154.124;2;T;True;3
1621235872000;11570274;154.109;154.129;154.119;7;T;True;3
1621235873000;11570276;154.111;154.131;154.121;1;T;True;3
1621235874000;11570277;154.111;154.131;154.121;0;T;True;3
1621235875000;11570282;154.115;154.135;154.125;4;T;True;3
1621235876000;11570287;154.106;154.126;154.116;4;T;True;3
1621235877000;11570291;154.105;154.125;154.115;3;T;True;3
1621235878000;11570292;154.105;154.125;154.115;0;T;True;3
1621235879000;11570293;154.105;154.125;154.115;0;T;True;3
1621235880000;11570295;154.106;154.126;154.116;1;T;True;3
1621235881000;11570297;154.107;154.127;154.117;1;T;True;3
1621235882000;11570298;154.107;154.127;154.117;0;T;True;3
1621235883000;11570300;154.109;154.129;154.119;1;T;True;3
1621235884000;11570301;154.109;154.129;154.119;0;T;True;3
1621235885000;11570302;154.109;154.129;154.119;0;T;True;3
1621235886000;11570303;154.109;154.129;154.119;0;T;True;3
1621235887000;11570304;154.109;154.129;154.119;0;T;True;3
1621235888000;11570305;154.109;154.129;154.119;0;T;True;3
1621235889000;11570306;154.109;154.129;154.119;0;T;True;3
1621235890000;11570307;154.109;154.129;154.119;0;T;True;3
1621235891000;11570308;154.109;154.129;154.119;0;T;True;3
1621235892000;11570309;154.109;154.129;154.119;0;T;True;3
1621235893000;11570310;154.109;154.129;154.119;0;T;True;3
1621235894000;11570311;154.109;154.129;154.119;0;T;True;3
1621235895000;11570312;154.109;154.129;154.119;0;T;True;3
1621235896000;11570313;154.109;154.129;154.119;0;T;True;3
1621235897000;11570314;154.109;154.129;154.119;0;T;True;3
1621235898000;11570315;154.109;154.129;154.119;0;T;True;3
1621235899000;11570316;154.109;154.129;154.119;0;T;True;3
1621235900000;11570318;154.107;154.127;154.117;1;T;True;3
1621235901000;11570323;154.107;154.127;154.117;4;T;True;3
1621235902000;11570324;154.107;154.127;154.117;0;T;True;3
1621235903000;11570326;154.105;154.125;154.115;1;T;True;3
1621235904000;11570327;154.105;154.125;154.115;0;T;True;3
1621235905000;11570331;154.103;154.123;154.113;3;T;True;3
1621235906000;11570332;154.103;154.123;154.113;0;T;True;3
1621235907000;11570333;154.103;154.123;154.113;0;T;True;3
1621235908000;11570334;154.103;154.123;154.113;0;T;True;3
1621235909000;11570335;154.103;154.123;154.113;0;T;True;3
1621235910000;11570338;154.105;154.125;154.115;2;T;True;3
1621235911000;11570341;154.109;154.129;154.119;2;T;True;3
1621235912000;11570344;154.115;154.135;154.125;2;T;True;3
1621235913000;11570348;154.12;154.14;154.13;3;T;True;3
1621235914000;11570350;154.119;154.139;154.129;1;T;True;3
1621235915000;11570351;154.119;154.139;154.129;0;T;True;3
1621235916000;11570352;154.119;154.139;154.129;0;T;True;3
1621235917000;11570356;154.109;154.129;154.119;3;T;True;3
1621235918000;11570357;154.109;154.129;154.119;0;T;True;3
1621235919000;11570358;154.109;154.129;154.119;0;T;True;3
1621235920000;11570365;154.118;154.138;154.128;6;T;True;3
1621235921000;11570369;154.119;154.139;154.129;3;T;True;3
1621235922000;11570371;154.12;154.14;154.13;1;T;True;3
1621235923000;11570372;154.12;154.14;154.13;0;T;True;3
1621235924000;11570376;154.127;154.147;154.137;3;T;True;3
1621235925000;11570377;154.127;154.147;154.137;0;T;True;3
1621235926000;11570378;154.127;154.147;154.137;0;T;True;3
1621235927000;11570383;154.123;154.143;154.133;4;T;True;3
1621235928000;11570384;154.123;154.143;154.133;0;T;True;3
1621235929000;11570386;154.12;154.14;154.13;1;T;True;3
1621235930000;11570388;154.119;154.139;154.129;1;T;True;3
1621235931000;11570390;154.121;154.141;154.131;1;T;True;3
1621235932000;11570391;154.121;154.141;154.131;0;T;True;3
1621235933000;11570393;154.125;154.145;154.135;1;T;True;3
1621235934000;11570396;154.119;154.139;154.129;2;T;True;3
1621235935000;11570398;154.117;154.137;154.127;1;T;True;3
1621235936000;11570399;154.117;154.137;154.127;0;T;True;3
1621235937000;11570400;154.117;154.137;154.127;0;T;True;3
1621235938000;11570401;154.117;154.137;154.127;0;T;True;3
1621235939000;11570403;154.115;154.135;154.125;1;T;True;3
1621235940000;11570405;154.117;154.137;154.127;1;T;True;3
1621235941000;11570406;154.117;154.137;154.127;0;T;True;3
1621235942000;11570407;154.117;154.137;154.127;0;T;True;3
1621235943000;11570408;154.117;154.137;154.127;0;T;True;3
1621235944000;11570409;154.117;154.137;154.127;0;T;True;3
1621235945000;11570410;154.117;154.137;154.127;0;T;True;3
1621235946000;11570411;154.117;154.137;154.127;0;T;True;3
1621235947000;11570412;154.117;154.137;154.127;0;T;True;3
1621235948000;11570413;154.117;154.137;154.127;0;T;True;3
1621235949000;11570415;154.115;154.135;154.125;1;T;True;3
1621235950000;11570416;154.115;154.135;154.125;0;T;True;3
1621235951000;11570417;154.115;154.135;154.125;0;T;True;3
1621235952000;11570418;154.115;154.135;154.125;0;T;True;3
1621235953000;11570419;154.115;154.135;154.125;0;T;True;3
1621235954000;11570420;154.115;154.135;154.125;0;T;True;3
1621235955000;11570421;154.115;154.135;154.125;0;T;True;3
1621235956000;11570422;154.115;154.135;154.125;0;T;True;3
1621235957000;11570423;154.115;154.135;154.125;0;T;True;3
1621235958000;11570427;154.113;154.133;154.123;3;T;True;3
1621235959000;11570430;154.115;154.135;154.125;2;T;True;3
1621235960000;11570433;154.115;154.135;154.125;2;T;True;3
1621235961000;11570435;154.113;154.133;154.123;1;T;True;3
1621235962000;11570442;154.127;154.147;154.137;6;T;True;3
1621235963000;11570447;154.129;154.149;154.139;4;T;True;3
1621235964000;11570451;154.127;154.147;154.137;3;T;True;3
1621235965000;11570452;154.127;154.147;154.137;0;T;True;3
1621235966000;11570453;154.127;154.147;154.137;0;T;True;3
1621235967000;11570454;154.127;154.147;154.137;0;T;True;3
1621235968000;11570455;154.127;154.147;154.137;0;T;True;3
1621235969000;11570456;154.127;154.147;154.137;0;T;True;3
1621235970000;11570460;154.13;154.15;154.14;3;T;True;3
1621235971000;11570464;154.127;154.147;154.137;3;T;True;3
1621235972000;11570465;154.127;154.147;154.137;0;T;True;3
1621235973000;11570467;154.126;154.146;154.136;1;T;True;3
1621235974000;11570469;154.127;154.147;154.137;1;T;True;3
1621235975000;11570470;154.127;154.147;154.137;0;T;True;3
1621235976000;11570471;154.127;154.147;154.137;0;T;True;3
1621235977000;11570472;154.127;154.147;154.137;0;T;True;3
1621235978000;11570473;154.127;154.147;154.137;0;T;True;3
1621235979000;11570474;154.127;154.147;154.137;0;T;True;3
1621235980000;11570479;154.135;154.155;154.145;4;T;True;3
1621235981000;11570481;154.137;154.157;154.147;1;T;True;3
1621235982000;11570487;154.137;154.157;154.147;5;T;True;3
1621235983000;11570488;154.137;154.157;154.147;0;T;True;3
1621235984000;11570490;154.138;154.158;154.148;1;T;True;3
1621235985000;11570492;154.139;154.159;154.149;1;T;True;3
1621235986000;11570493;154.139;154.159;154.149;0;T;True;3
1621235987000;11570494;154.139;154.159;154.149;0;T;True;3
1621235988000;11570499;154.141;154.161;154.151;4;T;True;3
1621235989000;11570500;154.141;154.161;154.151;0;T;True;3
1621235990000;11570502;154.143;154.163;154.153;1;T;True;3
1621235991000;11570503;154.143;154.163;154.153;0;T;True;3
1621235992000;11570507;154.148;154.168;154.158;3;T;True;3
1621235993000;11570509;154.149;154.169;154.159;1;T;True;3
1621235994000;11570510;154.149;154.169;154.159;0;T;True;3
1621235995000;11570511;154.149;154.169;154.159;0;T;True;3
1621235996000;11570512;154.149;154.169;154.159;0;T;True;3
1621235997000;11570516;154.152;154.172;154.162;3;T;True;3
1621235998000;11570517;154.152;154.172;154.162;0;T;True;3
1621235999000;11570518;154.152;154.172;154.162;0;T;True;3
1621236000000;11570519;154.152;154.172;154.162;0;T;True;3
1621236001000;11570521;154.153;154.173;154.163;1;T;True;3
1621236002000;11570522;154.153;154.173;154.163;0;T;True;3
1621236003000;11570524;154.151;154.171;154.161;1;T;True;3
1621236004000;11570525;154.151;154.171;154.161;0;T;True;3
1621236005000;11570529;154.153;154.173;154.163;3;T;True;3
1621236006000;11570530;154.153;154.173;154.163;0;T;True;3
1621236007000;11570531;154.153;154.173;154.163;0;T;True;3
1621236008000;11570534;154.149;154.169;154.159;2;T;True;3
1621236009000;11570535;154.149;154.169;154.159;0;T;True;3
1621236010000;11570538;154.147;154.167;154.157;2;T;True;3
1621236011000;11570540;154.148;154.168;154.158;1;T;True;3
1621236012000;11570542;154.149;154.169;154.159;1;T;True;3
1621236013000;11570543;154.149;154.169;154.159;0;T;True;3
1621236014000;11570547;154.139;154.159;154.149;3;T;True;3
1621236015000;11570550;154.134;154.154;154.144;2;T;True;3
1621236016000;11570551;154.134;154.154;154.144;0;T;True;3
1621236017000;11570552;154.134;154.154;154.144;0;T;True;3
1621236018000;11570554;154.133;154.153;154.143;1;T;True;3
1621236019000;11570555;154.133;154.153;154.143;0;T;True;3
1621236020000;11570558;154.129;154.149;154.139;2;T;True;3
1621236021000;11570559;154.129;154.149;154.139;0;T;True;3
1621236022000;11570561;154.131;154.151;154.141;1;T;True;3
1621236023000;11570562;154.131;154.151;154.141;0;T;True;3
1621236024000;11570563;154.131;154.151;154.141;0;T;True;3
1621236025000;11570569;154.128;154.148;154.138;5;T;True;3
1621236026000;11570573;154.124;154.144;154.134;3;T;True;3
1621236027000;11570578;154.131;154.151;154.141;4;T;True;3
1621236028000;11570581;154.131;154.151;154.141;2;T;True;3
1621236029000;11570584;154.129;154.149;154.139;2;T;True;3
1621236030000;11570586;154.13;154.15;154.14;1;T;True;3
1621236031000;11570587;154.13;154.15;154.14;0;T;True;3
1621236032000;11570589;154.131;154.151;154.141;1;T;True;3
1621236033000;11570590;154.131;154.151;154.141;0;T;True;3
1621236034000;11570591;154.131;154.151;154.141;0;T;True;3
1621236035000;11570592;154.131;154.151;154.141;0;T;True;3
1621236036000;11570594;154.129;154.149;154.139;1;T;True;3
1621236037000;11570596;154.127;154.147;154.137;1;T;True;3
1621236038000;11570597;154.127;154.147;154.137;0;T;True;3
1621236039000;11570598;154.127;154.147;154.137;0;T;True;3
1621236040000;11570600;154.126;154.146;154.136;1;T;True;3
1621236041000;11570601;154.126;154.146;154.136;0;T;True;3
1621236042000;11570602;154.126;154.146;154.136;0;T;True;3
1621236043000;11570603;154.126;154.146;154.136;0;T;True;3
1621236044000;11570605;154.127;154.147;154.137;1;T;True;3
1621236045000;11570607;154.124;154.144;154.134;1;T;True;3
1621236046000;11570611;154.127;154.147;154.137;3;T;True;3
1621236047000;11570612;154.127;154.147;154.137;0;T;True;3
1621236048000;11570613;154.127;154.147;154.137;0;T;True;3
1621236049000;11570617;154.121;154.141;154.131;3;T;True;3
1621236050000;11570619;154.123;154.143;154.133;1;T;True;3
1621236051000;11570620;154.123;154.143;154.133;0;T;True;3
1621236052000;11570621;154.123;154.143;154.133;0;T;True;3
1621236053000;11570626;154.128;154.148;154.138;4;T;True;3
1621236054000;11570628;154.127;154.147;154.137;1;T;True;3
1621236055000;11570630;154.125;154.145;154.135;1;T;True;3
1621236056000;11570631;154.125;154.145;154.135;0;T;True;3
1621236057000;11570632;154.125;154.145;154.135;0;T;True;3
1621236058000;11570633;154.125;154.145;154.135;0;T;True;3
1621236059000;11570634;154.125;154.145;154.135;0;T;True;3
1621236060000;11570636;154.124;154.144;154.134;1;T;True;3
1621236061000;11570638;154.125;154.145;154.135;1;T;True;3
1621236062000;11570639;154.125;154.145;154.135;0;T;True;3
1621236063000;11570641;154.127;154.147;154.137;1;T;True;3
1621236064000;11570642;154.127;154.147;154.137;0;T;True;3
1621236065000;11570643;154.127;154.147;154.137;0;T;True;3
1621236066000;11570649;154.132;154.152;154.142;5;T;True;3
1621236067000;11570651;154.131;154.151;154.141;1;T;True;3
1621236068000;11570659;154.127;154.147;154.137;7;T;True;3
1621236069000;11570661;154.129;154.149;154.139;1;T;True;3
1621236070000;11570663;154.13;154.15;154.14;1;T;True;3
1621236071000;11570664;154.13;154.15;154.14;0;T;True;3
1621236072000;11570666;154.131;154.151;154.141;1;T;True;3
1621236073000;11570667;154.131;154.151;154.141;0;T;True;3
1621236074000;11570670;154.135;154.155;154.145;2;T;True;3
1621236075000;11570673;154.131;154.151;154.141;2;T;True;3
1621236076000;11570674;154.131;154.151;154.141;0;T;True;3
1621236077000;11570675;154.131;154.151;154.141;0;T;True;3
1621236078000;11570677;154.132;154.152;154.142;1;T;True;3
1621236079000;11570681;154.133;154.153;154.143;3;T;True;3
1621236080000;11570682;154.133;154.153;154.143;0;T;True;3
1621236081000;11570683;154.133;154.153;154.143;0;T;True;3
1621236082000;11570684;154.133;154.153;154.143;0;T;True;3
1621236083000;11570687;154.131;154.151;154.141;2;T;True;3
1621236084000;11570688;154.131;154.151;154.141;0;T;True;3
1621236085000;11570689;154.131;154.151;154.141;0;T;True;3
1621236086000;11570690;154.131;154.151;154.141;0;T;True;3
1621236087000;11570691;154.131;154.151;154.141;0;T;True;3
1621236088000;11570695;154.136;154.156;154.146;3;T;True;3
1621236089000;11570698;154.133;154.153;154.143;2;T;True;3
1621236090000;11570699;154.133;154.153;154.143;0;T;True;3
1621236091000;11570700;154.133;154.153;154.143;0;T;True;3
1621236092000;11570701;154.133;154.153;154.143;0;T;True;3
1621236093000;11570702;154.133;154.153;154.143;0;T;True;3
1621236094000;11570707;154.128;154.148;154.138;4;T;True;3
1621236095000;11570709;154.129;154.149;154.139;1;T;True;3
1621236096000;11570710;154.129;154.149;154.139;0;T;True;3
1621236097000;11570714;154.123;154.143;154.133;3;T;True;3
1621236098000;11570715;154.123;154.143;154.133;0;T;True;3
1621236099000;11570716;154.123;154.143;154.133;0;T;True;3
1621236100000;11570720;154.116;154.136;154.126;3;T;True;3
1621236101000;11570722;154.117;154.137;154.127;1;T;True;3
1621236102000;11570723;154.117;154.137;154.127;0;T;True;3
1621236103000;11570724;154.117;154.137;154.127;0;T;True;3
1621236104000;11570727;154.115;154.135;154.125;2;T;True;3
1621236105000;11570728;154.115;154.135;154.125;0;T;True;3
1621236106000;11570730;154.116;154.136;154.126;1;T;True;3
1621236107000;11570735;154.105;154.125;154.115;4;T;True;3
1621236108000;11570739;154.104;154.124;154.114;3;T;True;3
1621236109000;11570743;154.107;154.127;154.117;3;T;True;3
1621236110000;11570744;154.107;154.127;154.117;0;T;True;3
1621236111000;11570745;154.107;154.127;154.117;0;T;True;3
1621236112000;11570746;154.107;154.127;154.117;0;T;True;3
1621236113000;11570747;154.107;154.127;154.117;0;T;True;3
1621236114000;11570748;154.107;154.127;154.117;0;T;True;3
1621236115000;11570756;154.109;154.129;154.119;7;T;True;3
1621236116000;11570759;154.113;154.133;154.123;2;T;True;3
1621236117000;11570761;154.115;154.135;154.125;1;T;True;3
1621236118000;11570762;154.115;154.135;154.125;0;T;True;3
1621236119000;11570766;154.12;154.14;154.13;3;T;True;3
1621236120000;11570767;154.12;154.14;154.13;0;T;True;3
1621236121000;11570769;154.119;154.139;154.129;1;T;True;3
1621236122000;11570772;154.117;154.137;154.127;2;T;True;3
1621236123000;11570773;154.117;154.137;154.127;0;T;True;3
1621236124000;11570774;154.117;154.137;154.127;0;T;True;3
1621236125000;11570777;154.114;154.134;154.124;2;T;True;3
1621236126000;11570778;154.114;154.134;154.124;0;T;True;3
1621236127000;11570780;154.115;154.135;154.125;1;T;True;3
1621236128000;11570781;154.115;154.135;154.125;0;T;True;3
1621236129000;11570782;154.115;154.135;154.125;0;T;True;3
1621236130000;11570783;154.115;154.135;154.125;0;T;True;3
1621236131000;11570784;154.115;154.135;154.125;0;T;True;3
1621236132000;11570790;154.115;154.135;154.125;5;T;True;3
1621236133000;11570794;154.113;154.133;154.123;3;T;True;3
1621236134000;11570799;154.107;154.127;154.117;4;T;True;3
1621236135000;11570800;154.107;154.127;154.117;0;T;True;3
1621236136000;11570801;154.107;154.127;154.117;0;T;True;3
1621236137000;11570803;154.109;154.129;154.119;1;T;True;3
1621236138000;11570804;154.109;154.129;154.119;0;T;True;3
1621236139000;11570806;154.111;154.131;154.121;1;T;True;3
1621236140000;11570808;154.11;154.13;154.12;1;T;True;3
1621236141000;11570809;154.11;154.13;154.12;0;T;True;3
1621236142000;11570810;154.11;154.13;154.12;0;T;True;3
1621236143000;11570812;154.108;154.128;154.118;1;T;True;3
1621236144000;11570815;154.105;154.125;154.115;2;T;True;3
1621236145000;11570816;154.105;154.125;154.115;0;T;True;3
1621236146000;11570817;154.105;154.125;154.115;0;T;True;3
1621236147000;11570818;154.105;154.125;154.115;0;T;True;3
1621236148000;11570821;154.107;154.127;154.117;2;T;True;3
1621236149000;11570824;154.109;154.129;154.119;2;T;True;3
1621236150000;11570826;154.111;154.131;154.121;1;T;True;3
1621236151000;11570829;154.107;154.127;154.117;2;T;True;3
1621236152000;11570830;154.107;154.127;154.117;0;T;True;3
1621236153000;11570831;154.107;154.127;154.117;0;T;True;3
1621236154000;11570833;154.109;154.129;154.119;1;T;True;3
1621236155000;11570837;154.109;154.129;154.119;3;T;True;3
1621236156000;11570839;154.11;154.13;154.12;1;T;True;3
1621236157000;11570840;154.11;154.13;154.12;0;T;True;3
1621236158000;11570841;154.11;154.13;154.12;0;T;True;3
1621236159000;11570844;154.114;154.134;154.124;2;T;True;3
1621236160000;11570847;154.111;154.131;154.121;2;T;True;3
1621236161000;11570854;154.097;154.117;154.107;6;T;True;3
1621236162000;11570860;154.092;154.112;154.102;5;T;True;3
1621236163000;11570867;154.083;154.103;154.093;6;T;True;3
1621236164000;11570868;154.083;154.103;154.093;0;T;True;3
1621236165000;11570874;154.086;154.106;154.096;5;T;True;3
1621236166000;11570881;154.083;154.103;154.093;6;T;True;3
1621236167000;11570885;154.085;154.105;154.095;3;T;True;3
1621236168000;11570886;154.085;154.105;154.095;0;T;True;3
1621236169000;11570887;154.085;154.105;154.095;0;T;True;3
1621236170000;11570892;154.095;154.115;154.105;4;T;True;3
1621236171000;11570893;154.095;154.115;154.105;0;T;True;3
1621236172000;11570894;154.095;154.115;154.105;0;T;True;3
1621236173000;11570895;154.095;154.115;154.105;0;T;True;3
1621236174000;11570896;154.095;154.115;154.105;0;T;True;3
1621236175000;11570898;154.097;154.117;154.107;1;T;True;3
1621236176000;11570899;154.097;154.117;154.107;0;T;True;3
1621236177000;11570901;154.101;154.121;154.111;1;T;True;3
1621236178000;11570902;154.101;154.121;154.111;0;T;True;3
1621236179000;11570903;154.101;154.121;154.111;0;T;True;3
1621236180000;11570905;154.102;154.122;154.112;1;T;True;3
1621236181000;11570911;154.107;154.127;154.117;5;T;True;3
1621236182000;11570912;154.107;154.127;154.117;0;T;True;3
1621236183000;11570913;154.107;154.127;154.117;0;T;True;3
1621236184000;11570917;154.101;154.121;154.111;3;T;True;3
1621236185000;11570919;154.103;154.123;154.113;1;T;True;3
1621236186000;11570920;154.103;154.123;154.113;0;T;True;3
1621236187000;11570921;154.103;154.123;154.113;0;T;True;3
1621236188000;11570922;154.103;154.123;154.113;0;T;True;3
1621236189000;11570925;154.101;154.121;154.111;2;T;True;3
1621236190000;11570927;154.099;154.119;154.109;1;T;True;3
1621236191000;11570930;154.103;154.123;154.113;2;T;True;3
1621236192000;11570931;154.103;154.123;154.113;0;T;True;3
1621236193000;11570935;154.097;154.117;154.107;3;T;True;3
1621236194000;11570936;154.097;154.117;154.107;0;T;True;3
1621236195000;11570938;154.095;154.115;154.105;1;T;True;3
1621236196000;11570940;154.099;154.119;154.109;1;T;True;3
1621236197000;11570941;154.099;154.119;154.109;0;T;True;3
1621236198000;11570943;154.097;154.117;154.107;1;T;True;3
1621236199000;11570947;154.099;154.119;154.109;3;T;True;3
1621236200000;11570949;154.101;154.121;154.111;1;T;True;3
1621236201000;11570954;154.093;154.113;154.103;4;T;True;3
1621236202000;11570957;154.099;154.119;154.109;2;T;True;3
1621236203000;11570958;154.099;154.119;154.109;0;T;True;3
1621236204000;11570959;154.099;154.119;154.109;0;T;True;3
1621236205000;11570960;154.099;154.119;154.109;0;T;True;3
1621236206000;11570961;154.099;154.119;154.109;0;T;True;3
1621236207000;11570965;154.093;154.113;154.103;3;T;True;3
1621236208000;11570967;154.091;154.111;154.101;1;T;True;3
1621236209000;11570968;154.091;154.111;154.101;0;T;True;3
1621236210000;11570971;154.085;154.105;154.095;2;T;True;3
1621236211000;11570974;154.083;154.103;154.093;2;T;True;3
1621236212000;11570975;154.083;154.103;154.093;0;T;True;3
1621236213000;11570977;154.081;154.101;154.091;1;T;True;3
1621236214000;11570979;154.082;154.102;154.092;1;T;True;3
1621236215000;11570982;154.085;154.105;154.095;2;T;True;3
1621236216000;11570983;154.085;154.105;154.095;0;T;True;3
1621236217000;11570986;154.085;154.105;154.095;2;T;True;3
1621236218000;11570989;154.085;154.105;154.095;2;T;True;3
1621236219000;11570991;154.083;154.103;154.093;1;T;True;3
1621236220000;11570994;154.081;154.101;154.091;2;T;True;3
1621236221000;11570996;154.079;154.099;154.089;1;T;True;3
1621236222000;11570998;154.081;154.101;154.091;1;T;True;3
1621236223000;11570999;154.081;154.101;154.091;0;T;True;3
1621236224000;11571000;154.081;154.101;154.091;0;T;True;3
1621236225000;11571001;154.081;154.101;154.091;0;T;True;3
1621236226000;11571004;154.085;154.105;154.095;2;T;True;3
1621236227000;11571006;154.087;154.107;154.097;1;T;True;3
1621236228000;11571008;154.085;154.105;154.095;1;T;True;3
1621236229000;11571012;154.079;154.099;154.089;3;T;True;3
1621236230000;11571014;154.081;154.101;154.091;1;T;True;3
1621236231000;11571017;154.077;154.097;154.087;2;T;True;3
1621236232000;11571022;154.082;154.102;154.092;4;T;True;3
1621236233000;11571023;154.082;154.102;154.092;0;T;True;3
1621236234000;11571025;154.083;154.103;154.093;1;T;True;3
1621236235000;11571027;154.082;154.102;154.092;1;T;True;3
1621236236000;11571029;154.084;154.104;154.094;1;T;True;3
1621236237000;11571030;154.084;154.104;154.094;0;T;True;3
1621236238000;11571031;154.084;154.104;154.094;0;T;True;3
1621236239000;11571032;154.084;154.104;154.094;0;T;True;3
1621236240000;11571033;154.084;154.104;154.094;0;T;True;3
1621236241000;11571035;154.083;154.103;154.093;1;T;True;3
1621236242000;11571038;154.081;154.101;154.091;2;T;True;3
1621236243000;11571043;154.083;154.103;154.093;4;T;True;3
1621236244000;11571044;154.083;154.103;154.093;0;T;True;3
1621236245000;11571045;154.083;154.103;154.093;0;T;True;3
1621236246000;11571046;154.083;154.103;154.093;0;T;True;3
1621236247000;11571050;154.083;154.103;154.093;3;T;True;3
1621236248000;11571052;154.085;154.105;154.095;1;T;True;3
1621236249000;11571053;154.085;154.105;154.095;0;T;True;3
1621236250000;11571054;154.085;154.105;154.095;0;T;True;3
1621236251000;11571058;154.079;154.099;154.089;3;T;True;3
1621236252000;11571060;154.077;154.097;154.087;1;T;True;3
1621236253000;11571061;154.077;154.097;154.087;0;T;True;3
1621236254000;11571062;154.077;154.097;154.087;0;T;True;3
1621236255000;11571063;154.077;154.097;154.087;0;T;True;3
1621236256000;11571064;154.077;154.097;154.087;0;T;True;3
1621236257000;11571065;154.077;154.097;154.087;0;T;True;3
1621236258000;11571066;154.077;154.097;154.087;0;T;True;3
1621236259000;11571067;154.077;154.097;154.087;0;T;True;3
1621236260000;11571070;154.077;154.097;154.087;2;T;True;3
1621236261000;11571071;154.077;154.097;154.087;0;T;True;3
1621236262000;11571074;154.075;154.095;154.085;2;T;True;3
1621236263000;11571078;154.065;154.085;154.075;3;T;True;3
1621236264000;11571083;154.059;154.079;154.069;4;T;True;3
1621236265000;11571084;154.059;154.079;154.069;0;T;True;3
1621236266000;11571088;154.063;154.083;154.073;3;T;True;3
1621236267000;11571089;154.063;154.083;154.073;0;T;True;3
1621236268000;11571090;154.063;154.083;154.073;0;T;True;3
1621236269000;11571091;154.063;154.083;154.073;0;T;True;3
1621236270000;11571092;154.063;154.083;154.073;0;T;True;3
1621236271000;11571095;154.057;154.077;154.067;2;T;True;3
1621236272000;11571097;154.053;154.073;154.063;1;T;True;3
1621236273000;11571098;154.053;154.073;154.063;0;T;True;3
1621236274000;11571099;154.053;154.073;154.063;0;T;True;3
1621236275000;11571100;154.053;154.073;154.063;0;T;True;3
1621236276000;11571101;154.053;154.073;154.063;0;T;True;3
1621236277000;11571104;154.051;154.071;154.061;2;T;True;3
1621236278000;11571107;154.053;154.073;154.063;2;T;True;3
1621236279000;11571108;154.053;154.073;154.063;0;T;True;3
1621236280000;11571109;154.053;154.073;154.063;0;T;True;3
1621236281000;11571110;154.053;154.073;154.063;0;T;True;3
1621236282000;11571111;154.053;154.073;154.063;0;T;True;3
1621236283000;11571112;154.053;154.073;154.063;0;T;True;3
1621236284000;11571113;154.053;154.073;154.063;0;T;True;3
1621236285000;11571114;154.053;154.073;154.063;0;T;True;3
1621236286000;11571116;154.054;154.074;154.064;1;T;True;3
1621236287000;11571117;154.054;154.074;154.064;0;T;True;3
1621236288000;11571118;154.054;154.074;154.064;0;T;True;3
1621236289000;11571119;154.054;154.074;154.064;0;T;True;3
1621236290000;11571120;154.054;154.074;154.064;0;T;True;3
1621236291000;11571123;154.054;154.074;154.064;2;T;True;3
1621236292000;11571124;154.054;154.074;154.064;0;T;True;3
1621236293000;11571125;154.054;154.074;154.064;0;T;True;3
1621236294000;11571127;154.055;154.075;154.065;1;T;True;3
1621236295000;11571128;154.055;154.075;154.065;0;T;True;3
1621236296000;11571129;154.055;154.075;154.065;0;T;True;3
1621236297000;11571130;154.055;154.075;154.065;0;T;True;3
1621236298000;11571134;154.055;154.075;154.065;3;T;True;3
1621236299000;11571135;154.055;154.075;154.065;0;T;True;3
1621236300000;11571138;154.055;154.075;154.065;2;T;True;3
1621236301000;11571149;154.087;154.107;154.097;10;T;True;3
1621236302000;11571153;154.088;154.108;154.098;3;T;True;3
1621236303000;11571154;154.088;154.108;154.098;0;T;True;3
1621236304000;11571155;154.088;154.108;154.098;0;T;True;3
1621236305000;11571157;154.09;154.11;154.1;1;T;True;3
1621236306000;11571158;154.09;154.11;154.1;0;T;True;3
1621236307000;11571160;154.093;154.113;154.103;1;T;True;3
1621236308000;11571163;154.094;154.114;154.104;2;T;True;3
1621236309000;11571165;154.095;154.115;154.105;1;T;True;3
1621236310000;11571166;154.095;154.115;154.105;0;T;True;3
1621236311000;11571167;154.095;154.115;154.105;0;T;True;3
1621236312000;11571170;154.093;154.113;154.103;2;T;True;3
1621236313000;11571171;154.093;154.113;154.103;0;T;True;3
1621236314000;11571172;154.093;154.113;154.103;0;T;True;3
1621236315000;11571173;154.093;154.113;154.103;0;T;True;3
1621236316000;11571174;154.093;154.113;154.103;0;T;True;3
1621236317000;11571177;154.084;154.104;154.094;2;T;True;3
1621236318000;11571179;154.085;154.105;154.095;1;T;True;3
1621236319000;11571184;154.077;154.097;154.087;4;T;True;3
1621236320000;11571185;154.077;154.097;154.087;0;T;True;3
1621236321000;11571186;154.077;154.097;154.087;0;T;True;3
1621236322000;11571187;154.077;154.097;154.087;0;T;True;3
1621236323000;11571188;154.077;154.097;154.087;0;T;True;3
1621236324000;11571189;154.077;154.097;154.087;0;T;True;3
1621236325000;11571192;154.077;154.097;154.087;2;T;True;3
1621236326000;11571194;154.075;154.095;154.085;1;T;True;3
1621236327000;11571195;154.075;154.095;154.085;0;T;True;3
1621236328000;11571196;154.075;154.095;154.085;0;T;True;3
1621236329000;11571197;154.075;154.095;154.085;0;T;True;3
1621236330000;11571199;154.076;154.096;154.086;1;T;True;3
1621236331000;11571200;154.076;154.096;154.086;0;T;True;3
1621236332000;11571202;154.075;154.095;154.085;1;T;True;3
1621236333000;11571204;154.077;154.097;154.087;1;T;True;3
1621236334000;11571205;154.077;154.097;154.087;0;T;True;3
1621236335000;11571208;154.075;154.095;154.085;2;T;True;3
1621236336000;11571209;154.075;154.095;154.085;0;T;True;3
1621236337000;11571210;154.075;154.095;154.085;0;T;True;3
1621236338000;11571211;154.075;154.095;154.085;0;T;True;3
1621236339000;11571212;154.075;154.095;154.085;0;T;True;3
1621236340000;11571213;154.075;154.095;154.085;0;T;True;3
1621236341000;11571214;154.075;154.095;154.085;0;T;True;3
1621236342000;11571217;154.079;154.099;154.089;2;T;True;3
1621236343000;11571218;154.079;154.099;154.089;0;T;True;3
1621236344000;11571219;154.079;154.099;154.089;0;T;True;3
1621236345000;11571220;154.079;154.099;154.089;0;T;True;3
1621236346000;11571222;154.077;154.097;154.087;1;T;True;3
1621236347000;11571223;154.077;154.097;154.087;0;T;True;3
1621236348000;11571224;154.077;154.097;154.087;0;T;True;3
1621236349000;11571227;154.073;154.093;154.083;2;T;True;3
1621236350000;11571228;154.073;154.093;154.083;0;T;True;3
1621236351000;11571229;154.073;154.093;154.083;0;T;True;3
1621236352000;11571230;154.073;154.093;154.083;0;T;True;3
1621236353000;11571231;154.073;154.093;154.083;0;T;True;3
1621236354000;11571234;154.073;154.093;154.083;2;T;True;3
1621236355000;11571235;154.073;154.093;154.083;0;T;True;3
1621236356000;11571236;154.073;154.093;154.083;0;T;True;3
1621236357000;11571237;154.073;154.093;154.083;0;T;True;3
1621236358000;11571238;154.073;154.093;154.083;0;T;True;3
1621236359000;11571241;154.067;154.087;154.077;2;T;True;3
1621236360000;11571242;154.067;154.087;154.077;0;T;True;3
1621236361000;11571243;154.067;154.087;154.077;0;T;True;3
1621236362000;11571244;154.067;154.087;154.077;0;T;True;3
1621236363000;11571245;154.067;154.087;154.077;0;T;True;3
1621236364000;11571252;154.053;154.073;154.063;6;T;True;3
1621236365000;11571259;154.054;154.074;154.064;6;T;True;3
1621236366000;11571262;154.057;154.077;154.067;2;T;True;3
1621236367000;11571263;154.057;154.077;154.067;0;T;True;3
1621236368000;11571265;154.058;154.078;154.068;1;T;True;3
1621236369000;11571266;154.058;154.078;154.068;0;T;True;3
1621236370000;11571267;154.058;154.078;154.068;0;T;True;3
1621236371000;11571268;154.058;154.078;154.068;0;T;True;3
1621236372000;11571269;154.058;154.078;154.068;0;T;True;3
1621236373000;11571270;154.058;154.078;154.068;0;T;True;3
1621236374000;11571271;154.058;154.078;154.068;0;T;True;3
1621236375000;11571272;154.058;154.078;154.068;0;T;True;3
1621236376000;11571273;154.058;154.078;154.068;0;T;True;3
1621236377000;11571276;154.051;154.071;154.061;2;T;True;3
1621236378000;11571277;154.051;154.071;154.061;0;T;True;3
1621236379000;11571282;154.061;154.081;154.071;4;T;True;3
1621236380000;11571284;154.063;154.083;154.073;1;T;True;3
1621236381000;11571285;154.063;154.083;154.073;0;T;True;3
1621236382000;11571286;154.063;154.083;154.073;0;T;True;3
1621236383000;11571288;154.061;154.081;154.071;1;T;True;3
1621236384000;11571289;154.061;154.081;154.071;0;T;True;3
1621236385000;11571290;154.061;154.081;154.071;0;T;True;3
1621236386000;11571291;154.061;154.081;154.071;0;T;True;3
1621236387000;11571293;154.063;154.083;154.073;1;T;True;3
1621236388000;11571294;154.063;154.083;154.073;0;T;True;3
