ts;n;bid;ask;value;volume;phase;round;active_id
1621223862000;11551317;154.022;154.042;154.032;0;T;True;3
1621223863000;11551318;154.022;154.042;154.032;0;T;True;3
1621223864000;11551320;154.021;154.041;154.031;1;T;True;3
1621223865000;11551321;154.021;154.041;154.031;0;T;True;3
1621223866000;11551322;154.021;154.041;154.031;0;T;True;3
1621223867000;11551323;154.021;154.041;154.031;0;T;True;3
1621223868000;11551324;154.021;154.041;154.031;0;T;True;3
1621223869000;11551325;154.021;154.041;154.031;0;T;True;3
1621223870000;11551326;154.021;154.041;154.031;0;T;True;3
1621223871000;11551327;154.021;154.041;154.031;0;T;True;3
1621223872000;11551328;154.021;154.041;154.031;0;T;True;3
1621223873000;11551329;154.021;154.041;154.031;0;T;True;3
1621223874000;11551330;154.021;154.041;154.031;0;T;True;3
1621223875000;11551331;154.021;154.041;154.031;0;T;True;3
1621223876000;11551332;154.021;154.041;154.031;0;T;True;3
1621223877000;11551333;154.021;154.041;154.031;0;T;True;3
1621223878000;11551336;154.021;154.041;154.031;2;T;True;3
1621223879000;11551337;154.021;154.041;154.031;0;T;True;3
1621223880000;11551338;154.021;154.041;154.031;0;T;True;3
1621223881000;11551339;154.021;154.041;154.031;0;T;True;3
1621223882000;11551340;154.021;154.041;154.031;0;T;True;3
1621223883000;11551341;154.021;154.041;154.031;0;T;True;3
1621223884000;11551342;154.021;154.041;154.031;0;T;True;3
1621223885000;11551343;154.021;154.041;154.031;0;T;True;3
1621223886000;11551344;154.021;154.041;154.031;0;T;True;3
1621223887000;11551345;154.021;154.041;154.031;0;T;True;3
1621223888000;11551346;154.021;154.041;154.031;0;T;True;3
1621223889000;11551347;154.021;154.041;154.031;0;T;True;3
1621223890000;11551348;154.021;154.041;154.031;0;T;True;3
1621223891000;11551349;154.021;154.041;154.031;0;T;True;3
1621223892000;11551350;154.021;154.041;154.031;0;T;True;3
1621223893000;11551351;154.021;154.041;154.031;0;T;True;3
1621223894000;11551352;154.021;154.041;154.031;0;T;True;3
1621223895000;11551356;154.027;154.047;154.037;3;T;True;3
1621223896000;11551357;154.027;154.047;154.037;0;T;True;3
1621223897000;11551358;154.027;154.047;154.037;0;T;True;3
1621223898000;11551360;154.029;154.049;154.039;1;T;True;3
1621223899000;11551361;154.029;154.049;154.039;0;T;True;3
1621223900000;11551363;154.027;154.047;154.037;1;T;True;3
1621223901000;11551364;154.027;154.047;154.037;0;T;True;3
1621223902000;11551365;154.027;154.047;154.037;0;T;True;3
1621223903000;11551366;154.027;154.047;154.037;0;T;True;3
1621223904000;11551367;154.027;154.047;154.037;0;T;True;3
1621223905000;11551368;154.027;154.047;154.037;0;T;True;3
1621223906000;11551369;154.027;154.047;154.037;0;T;True;3
1621223907000;11551370;154.027;154.047;154.037;0;T;True;3
1621223908000;11551371;154.027;154.047;154.037;0;T;True;3
1621223909000;11551372;154.027;154.047;154.037;0;T;True;3
1621223910000;11551373;154.027;154.047;154.037;0;T;True;3
1621223911000;11551374;154.027;154.047;154.037;0;T;True;3
1621223912000;11551377;154.017;154.037;154.027;2;T;True;3
1621223913000;11551378;154.017;154.037;154.027;0;T;True;3
1621223914000;11551380;154.016;154.036;154.026;1;T;True;3
1621223915000;11551381;154.016;154.036;154.026;0;T;True;3
1621223916000;11551382;154.016;154.036;154.026;0;T;True;3
1621223917000;11551383;154.016;154.036;154.026;0;T;True;3
1621223918000;11551384;154.016;154.036;154.026;0;T;True;3
1621223919000;11551387;154.016;154.036;154.026;2;T;True;3
1621223920000;11551389;154.017;154.037;154.027;1;T;True;3
1621223921000;11551390;154.017;154.037;154.027;0;T;True;3
1621223922000;11551391;154.017;154.037;154.027;0;T;True;3
1621223923000;11551392;154.017;154.037;154.027;0;T;True;3
1621223924000;11551393;154.017;154.037;154.027;0;T;True;3
1621223925000;11551394;154.017;154.037;154.027;0;T;True;3
1621223926000;11551395;154.017;154.037;154.027;0;T;True;3
1621223927000;11551396;154.017;154.037;154.027;0;T;True;3
1621223928000;11551397;154.017;154.037;154.027;0;T;True;3
1621223929000;11551398;154.017;154.037;154.027;0;T;True;3
1621223930000;11551399;154.017;154.037;154.027;0;T;True;3
1621223931000;11551400;154.017;154.037;154.027;0;T;True;3
1621223932000;11551401;154.017;154.037;154.027;0;T;True;3
1621223933000;11551402;154.017;154.037;154.027;0;T;True;3
1621223934000;11551403;154.017;154.037;154.027;0;T;True;3
1621223935000;11551404;154.017;154.037;154.027;0;T;True;3
1621223936000;11551405;154.017;154.037;154.027;0;T;True;3
1621223937000;11551406;154.017;154.037;154.027;0;T;True;3
1621223938000;11551407;154.017;154.037;154.027;0;T;True;3
1621223939000;11551408;154.017;154.037;154.027;0;T;True;3
1621223940000;11551409;154.017;154.037;154.027;0;T;True;3
1621223941000;11551411;154.018;154.038;154.028;1;T;True;3
1621223942000;11551412;154.018;154.038;154.028;0;T;True;3
1621223943000;11551414;154.019;154.039;154.029;1;T;True;3
1621223944000;11551415;154.019;154.039;154.029;0;T;True;3
1621223945000;11551416;154.019;154.039;154.029;0;T;True;3
1621223946000;11551417;154.019;154.039;154.029;0;T;True;3
1621223947000;11551418;154.019;154.039;154.029;0;T;True;3
1621223948000;11551420;154.02;154.04;154.03;1;T;True;3
1621223949000;11551421;154.02;154.04;154.03;0;T;True;3
1621223950000;11551422;154.02;154.04;154.03;0;T;True;3
1621223951000;11551423;154.02;154.04;154.03;0;T;True;3
1621223952000;11551424;154.02;154.04;154.03;0;T;True;3
1621223953000;11551428;154.019;154.039;154.029;3;T;True;3
1621223954000;11551429;154.019;154.039;154.029;0;T;True;3
1621223955000;11551430;154.019;154.039;154.029;0;T;True;3
1621223956000;11551431;154.019;154.039;154.029;0;T;True;3
1621223957000;11551432;154.019;154.039;154.029;0;T;True;3
1621223958000;11551433;154.019;154.039;154.029;0;T;True;3
1621223959000;11551434;154.019;154.039;154.029;0;T;True;3
1621223960000;11551435;154.019;154.039;154.029;0;T;True;3
1621223961000;11551436;154.019;154.039;154.029;0;T;True;3
1621223962000;11551438;154.02;154.04;154.03;1;T;True;3
1621223963000;11551439;154.02;154.04;154.03;0;T;True;3
1621223964000;11551440;154.02;154.04;154.03;0;T;True;3
1621223965000;11551441;154.02;154.04;154.03;0;T;True;3
1621223966000;11551442;154.02;154.04;154.03;0;T;True;3
1621223967000;11551443;154.02;154.04;154.03;0;T;True;3
1621223968000;11551444;154.02;154.04;154.03;0;T;True;3
1621223969000;11551445;154.02;154.04;154.03;0;T;True;3
1621223970000;11551446;154.02;154.04;154.03;0;T;True;3
1621223971000;11551447;154.02;154.04;154.03;0;T;True;3
1621223972000;11551448;154.02;154.04;154.03;0;T;True;3
1621223973000;11551449;154.02;154.04;154.03;0;T;True;3
1621223974000;11551450;154.02;154.04;154.03;0;T;True;3
1621223975000;11551451;154.02;154.04;154.03;0;T;True;3
1621223976000;11551452;154.02;154.04;154.03;0;T;True;3
1621223977000;11551453;154.02;154.04;154.03;0;T;True;3
1621223978000;11551454;154.02;154.04;154.03;0;T;True;3
1621223979000;11551455;154.02;154.04;154.03;0;T;True;3
1621223980000;11551458;154.022;154.042;154.032;2;T;True;3
1621223981000;11551459;154.022;154.042;154.032;0;T;True;3
1621223982000;11551460;154.022;154.042;154.032;0;T;True;3
1621223983000;11551461;154.022;154.042;154.032;0;T;True;3
1621223984000;11551463;154.021;154.041;154.031;1;T;True;3
1621223985000;11551464;154.021;154.041;154.031;0;T;True;3
1621223986000;11551465;154.021;154.041;154.031;0;T;True;3
1621223987000;11551466;154.021;154.041;154.031;0;T;True;3
1621223988000;11551467;154.021;154.041;154.031;0;T;True;3
1621223989000;11551469;154.02;154.04;154.03;1;T;True;3
1621223990000;11551470;154.02;154.04;154.03;0;T;True;3
1621223991000;11551471;154.02;154.04;154.03;0;T;True;3
1621223992000;11551472;154.02;154.04;154.03;0;T;True;3
1621223993000;11551474;154.021;154.041;154.031;1;T;True;3
1621223994000;11551475;154.021;154.041;154.031;0;T;True;3
1621223995000;11551476;154.021;154.041;154.031;0;T;True;3
1621223996000;11551477;154.021;154.041;154.031;0;T;True;3
1621223997000;11551479;154.02;154.04;154.03;1;T;True;3
1621223998000;11551485;154.018;154.038;154.028;5;T;True;3
1621223999000;11551487;154.015;154.035;154.025;1;T;True;3
1621224000000;11551488;154.015;154.035;154.025;0;T;True;3
1621224001000;11551490;154.013;154.033;154.023;1;T;True;3
1621224002000;11551491;154.013;154.033;154.023;0;T;True;3
1621224003000;11551492;154.013;154.033;154.023;0;T;True;3
1621224004000;11551493;154.013;154.033;154.023;0;T;True;3
1621224005000;11551494;154.013;154.033;154.023;0;T;True;3
1621224006000;11551495;154.013;154.033;154.023;0;T;True;3
1621224007000;11551496;154.013;154.033;154.023;0;T;True;3
1621224008000;11551497;154.013;154.033;154.023;0;T;True;3
1621224009000;11551498;154.013;154.033;154.023;0;T;True;3
1621224010000;11551499;154.013;154.033;154.023;0;T;True;3
1621224011000;11551500;154.013;154.033;154.023;0;T;True;3
1621224012000;11551501;154.013;154.033;154.023;0;T;True;3
1621224013000;11551502;154.013;154.033;154.023;0;T;True;3
1621224014000;11551503;154.013;154.033;154.023;0;T;True;3
1621224015000;11551504;154.013;154.033;154.023;0;T;True;3
1621224016000;11551507;154.007;154.027;154.017;2;T;True;3
1621224017000;11551508;154.007;154.027;154.017;0;T;True;3
1621224018000;11551509;154.007;154.027;154.017;0;T;True;3
1621224019000;11551510;154.007;154.027;154.017;0;T;True;3
1621224020000;11551511;154.007;154.027;154.017;0;T;True;3
1621224021000;11551512;154.007;154.027;154.017;0;T;True;3
1621224022000;11551513;154.007;154.027;154.017;0;T;True;3
1621224023000;11551514;154.007;154.027;154.017;0;T;True;3
1621224024000;11551515;154.007;154.027;154.017;0;T;True;3
1621224025000;11551516;154.007;154.027;154.017;0;T;True;3
1621224026000;11551517;154.007;154.027;154.017;0;T;True;3
1621224027000;11551518;154.007;154.027;154.017;0;T;True;3
1621224028000;11551520;154.008;154.028;154.018;1;T;True;3
1621224029000;11551521;154.008;154.028;154.018;0;T;True;3
1621224030000;11551523;154.009;154.029;154.019;1;T;True;3
1621224031000;11551526;154.011;154.031;154.021;2;T;True;3
1621224032000;11551529;154.008;154.028;154.018;2;T;True;3
1621224033000;11551530;154.008;154.028;154.018;0;T;True;3
1621224034000;11551532;154.007;154.027;154.017;1;T;True;3
1621224035000;11551534;154.006;154.026;154.016;1;T;True;3
1621224036000;11551536;154.007;154.027;154.017;1;T;True;3
1621224037000;11551540;154.005;154.025;154.015;3;T;True;3
1621224038000;11551541;154.005;154.025;154.015;0;T;True;3
1621224039000;11551542;154.005;154.025;154.015;0;T;True;3
1621224040000;11551543;154.005;154.025;154.015;0;T;True;3
1621224041000;11551545;154.005;154.025;154.015;1;T;True;3
1621224042000;11551546;154.005;154.025;154.015;0;T;True;3
1621224043000;11551547;154.005;154.025;154.015;0;T;True;3
1621224044000;11551548;154.005;154.025;154.015;0;T;True;3
1621224045000;11551550;154.006;154.026;154.016;1;T;True;3
1621224046000;11551551;154.006;154.026;154.016;0;T;True;3
1621224047000;11551552;154.006;154.026;154.016;0;T;True;3
1621224048000;11551553;154.006;154.026;154.016;0;T;True;3
1621224049000;11551554;154.006;154.026;154.016;0;T;True;3
1621224050000;11551555;154.006;154.026;154.016;0;T;True;3
1621224051000;11551556;154.006;154.026;154.016;0;T;True;3
1621224052000;11551557;154.006;154.026;154.016;0;T;True;3
1621224053000;11551558;154.006;154.026;154.016;0;T;True;3
1621224054000;11551559;154.006;154.026;154.016;0;T;True;3
1621224055000;11551565;154.008;154.028;154.018;5;T;True;3
1621224056000;11551569;154.012;154.032;154.022;3;T;True;3
1621224057000;11551572;154.014;154.034;154.024;2;T;True;3
1621224058000;11551573;154.014;154.034;154.024;0;T;True;3
1621224059000;11551574;154.014;154.034;154.024;0;T;True;3
1621224060000;11551576;154.015;154.035;154.025;1;T;True;3
1621224061000;11551579;154.013;154.033;154.023;2;T;True;3
1621224062000;11551582;154.015;154.035;154.025;2;T;True;3
1621224063000;11551583;154.015;154.035;154.025;0;T;True;3
1621224064000;11551584;154.015;154.035;154.025;0;T;True;3
1621224065000;11551585;154.015;154.035;154.025;0;T;True;3
1621224066000;11551586;154.015;154.035;154.025;0;T;True;3
1621224067000;11551588;154.013;154.033;154.023;1;T;True;3
1621224068000;11551590;154.014;154.034;154.024;1;T;True;3
1621224069000;11551591;154.014;154.034;154.024;0;T;True;3
1621224070000;11551592;154.014;154.034;154.024;0;T;True;3
1621224071000;11551594;154.015;154.035;154.025;1;T;True;3
1621224072000;11551595;154.015;154.035;154.025;0;T;True;3
1621224073000;11551596;154.015;154.035;154.025;0;T;True;3
1621224074000;11551597;154.015;154.035;154.025;0;T;True;3
1621224075000;11551598;154.015;154.035;154.025;0;T;True;3
1621224076000;11551599;154.015;154.035;154.025;0;T;True;3
1621224077000;11551600;154.015;154.035;154.025;0;T;True;3
1621224078000;11551601;154.015;154.035;154.025;0;T;True;3
1621224079000;11551602;154.015;154.035;154.025;0;T;True;3
1621224080000;11551603;154.015;154.035;154.025;0;T;True;3
1621224081000;11551604;154.015;154.035;154.025;0;T;True;3
1621224082000;11551605;154.015;154.035;154.025;0;T;True;3
1621224083000;11551606;154.015;154.035;154.025;0;T;True;3
1621224084000;11551607;154.015;154.035;154.025;0;T;True;3
1621224085000;11551608;154.015;154.035;154.025;0;T;True;3
1621224086000;11551609;154.015;154.035;154.025;0;T;True;3
1621224087000;11551610;154.015;154.035;154.025;0;T;True;3
1621224088000;11551612;154.014;154.034;154.024;1;T;True;3
1621224089000;11551613;154.014;154.034;154.024;0;T;True;3
1621224090000;11551614;154.014;154.034;154.024;0;T;True;3
1621224091000;11551615;154.014;154.034;154.024;0;T;True;3
1621224092000;11551616;154.014;154.034;154.024;0;T;True;3
1621224093000;11551617;154.014;154.034;154.024;0;T;True;3
1621224094000;11551618;154.014;154.034;154.024;0;T;True;3
1621224095000;11551619;154.014;154.034;154.024;0;T;True;3
1621224096000;11551621;154.013;154.033;154.023;1;T;True;3
1621224097000;11551623;154.012;154.032;154.022;1;T;True;3
1621224098000;11551624;154.012;154.032;154.022;0;T;True;3
1621224099000;11551627;154.012;154.032;154.022;2;T;True;3
1621224100000;11551628;154.012;154.032;154.022;0;T;True;3
1621224101000;11551629;154.012;154.032;154.022;0;T;True;3
1621224102000;11551630;154.012;154.032;154.022;0;T;True;3
1621224103000;11551631;154.012;154.032;154.022;0;T;True;3
1621224104000;11551632;154.012;154.032;154.022;0;T;True;3
1621224105000;11551633;154.012;154.032;154.022;0;T;True;3
1621224106000;11551634;154.012;154.032;154.022;0;T;True;3
1621224107000;11551635;154.012;154.032;154.022;0;T;True;3
1621224108000;11551636;154.012;154.032;154.022;0;T;True;3
1621224109000;11551637;154.012;154.032;154.022;0;T;True;3
1621224110000;11551638;154.012;154.032;154.022;0;T;True;3
1621224111000;11551639;154.012;154.032;154.022;0;T;True;3
1621224112000;11551640;154.012;154.032;154.022;0;T;True;3
1621224113000;11551641;154.012;154.032;154.022;0;T;True;3
1621224114000;11551642;154.012;154.032;154.022;0;T;True;3
1621224115000;11551645;154.012;154.032;154.022;2;T;True;3
1621224116000;11551646;154.012;154.032;154.022;0;T;True;3
1621224117000;11551647;154.012;154.032;154.022;0;T;True;3
1621224118000;11551648;154.012;154.032;154.022;0;T;True;3
1621224119000;11551649;154.012;154.032;154.022;0;T;True;3
1621224120000;11551650;154.012;154.032;154.022;0;T;True;3
1621224121000;11551651;154.012;154.032;154.022;0;T;True;3
1621224122000;11551652;154.012;154.032;154.022;0;T;True;3
1621224123000;11551655;154.01;154.03;154.02;2;T;True;3
1621224124000;11551656;154.01;154.03;154.02;0;T;True;3
1621224125000;11551657;154.01;154.03;154.02;0;T;True;3
1621224126000;11551658;154.01;154.03;154.02;0;T;True;3
1621224127000;11551659;154.01;154.03;154.02;0;T;True;3
1621224128000;11551660;154.01;154.03;154.02;0;T;True;3
1621224129000;11551663;154.005;154.025;154.015;2;T;True;3
1621224130000;11551664;154.005;154.025;154.015;0;T;True;3
1621224131000;11551665;154.005;154.025;154.015;0;T;True;3
1621224132000;11551666;154.005;154.025;154.015;0;T;True;3
1621224133000;11551667;154.005;154.025;154.015;0;T;True;3
1621224134000;11551669;154.004;154.024;154.014;1;T;True;3
1621224135000;11551670;154.004;154.024;154.014;0;T;True;3
1621224136000;11551672;154.005;154.025;154.015;1;T;True;3
1621224137000;11551676;154.009;154.029;154.019;3;T;True;3
1621224138000;11551677;154.009;154.029;154.019;0;T;True;3
1621224139000;11551678;154.009;154.029;154.019;0;T;True;3
1621224140000;11551679;154.009;154.029;154.019;0;T;True;3
1621224141000;11551680;154.009;154.029;154.019;0;T;True;3
1621224142000;11551681;154.009;154.029;154.019;0;T;True;3
1621224143000;11551682;154.009;154.029;154.019;0;T;True;3
1621224144000;11551683;154.009;154.029;154.019;0;T;True;3
1621224145000;11551685;154.011;154.031;154.021;1;T;True;3
1621224146000;11551687;154.013;154.033;154.023;1;T;True;3
1621224147000;11551688;154.013;154.033;154.023;0;T;True;3
1621224148000;11551693;154.018;154.038;154.028;4;T;True;3
1621224149000;11551695;154.019;154.039;154.029;1;T;True;3
1621224150000;11551696;154.019;154.039;154.029;0;T;True;3
1621224151000;11551699;154.017;154.037;154.027;2;T;True;3
1621224152000;11551700;154.017;154.037;154.027;0;T;True;3
1621224153000;11551701;154.017;154.037;154.027;0;T;True;3
1621224154000;11551702;154.017;154.037;154.027;0;T;True;3
1621224155000;11551704;154.016;154.036;154.026;1;T;True;3
1621224156000;11551707;154.013;154.033;154.023;2;T;True;3
1621224157000;11551708;154.013;154.033;154.023;0;T;True;3
1621224158000;11551709;154.013;154.033;154.023;0;T;True;3
1621224159000;11551710;154.013;154.033;154.023;0;T;True;3
1621224160000;11551711;154.013;154.033;154.023;0;T;True;3
1621224161000;11551712;154.013;154.033;154.023;0;T;True;3
1621224162000;11551713;154.013;154.033;154.023;0;T;True;3
1621224163000;11551714;154.013;154.033;154.023;0;T;True;3
1621224164000;11551715;154.013;154.033;154.023;0;T;True;3
1621224165000;11551716;154.013;154.033;154.023;0;T;True;3
1621224166000;11551718;154.014;154.034;154.024;1;T;True;3
1621224167000;11551719;154.014;154.034;154.024;0;T;True;3
1621224168000;11551722;154.011;154.031;154.021;2;T;True;3
1621224169000;11551723;154.011;154.031;154.021;0;T;True;3
1621224170000;11551724;154.011;154.031;154.021;0;T;True;3
1621224171000;11551725;154.011;154.031;154.021;0;T;True;3
1621224172000;11551726;154.011;154.031;154.021;0;T;True;3
1621224173000;11551727;154.011;154.031;154.021;0;T;True;3
1621224174000;11551728;154.011;154.031;154.021;0;T;True;3
1621224175000;11551729;154.011;154.031;154.021;0;T;True;3
1621224176000;11551730;154.011;154.031;154.021;0;T;True;3
1621224177000;11551732;154.01;154.03;154.02;1;T;True;3
1621224178000;11551734;154.011;154.031;154.021;1;T;True;3
1621224179000;11551735;154.011;154.031;154.021;0;T;True;3
1621224180000;11551736;154.011;154.031;154.021;0;T;True;3
1621224181000;11551737;154.011;154.031;154.021;0;T;True;3
1621224182000;11551738;154.011;154.031;154.021;0;T;True;3
1621224183000;11551739;154.011;154.031;154.021;0;T;True;3
1621224184000;11551740;154.011;154.031;154.021;0;T;True;3
1621224185000;11551741;154.011;154.031;154.021;0;T;True;3
1621224186000;11551742;154.011;154.031;154.021;0;T;True;3
1621224187000;11551743;154.011;154.031;154.021;0;T;True;3
1621224188000;11551744;154.011;154.031;154.021;0;T;True;3
1621224189000;11551745;154.011;154.031;154.021;0;T;True;3
1621224190000;11551746;154.011;154.031;154.021;0;T;True;3
1621224191000;11551747;154.011;154.031;154.021;0;T;True;3
1621224192000;11551748;154.011;154.031;154.021;0;T;True;3
1621224193000;11551749;154.011;154.031;154.021;0;T;True;3
1621224194000;11551750;154.011;154.031;154.021;0;T;True;3
1621224195000;11551751;154.011;154.031;154.021;0;T;True;3
1621224196000;11551752;154.011;154.031;154.021;0;T;True;3
1621224197000;11551753;154.011;154.031;154.021;0;T;True;3
1621224198000;11551754;154.011;154.031;154.021;0;T;True;3
1621224199000;11551757;154.013;154.033;154.023;2;T;True;3
1621224200000;11551758;154.013;154.033;154.023;0;T;True;3
1621224201000;11551760;154.014;154.034;154.024;1;T;True;3
1621224202000;11551761;154.014;154.034;154.024;0;T;True;3
1621224203000;11551762;154.014;154.034;154.024;0;T;True;3
1621224204000;11551763;154.014;154.034;154.024;0;T;True;3
1621224205000;11551764;154.014;154.034;154.024;0;T;True;3
1621224206000;11551765;154.014;154.034;154.024;0;T;True;3
1621224207000;11551766;154.014;154.034;154.024;0;T;True;3
1621224208000;11551767;154.014;154.034;154.024;0;T;True;3
1621224209000;11551768;154.014;154.034;154.024;0;T;True;3
1621224210000;11551769;154.014;154.034;154.024;0;T;True;3
1621224211000;11551770;154.014;154.034;154.024;0;T;True;3
1621224212000;11551771;154.014;154.034;154.024;0;T;True;3
1621224213000;11551772;154.014;154.034;154.024;0;T;True;3
1621224214000;11551773;154.014;154.034;154.024;0;T;True;3
1621224215000;11551774;154.014;154.034;154.024;0;T;True;3
1621224216000;11551775;154.014;154.034;154.024;0;T;True;3
1621224217000;11551776;154.014;154.034;154.024;0;T;True;3
1621224218000;11551777;154.014;154.034;154.024;0;T;True;3
1621224219000;11551778;154.014;154.034;154.024;0;T;True;3
1621224220000;11551779;154.014;154.034;154.024;0;T;True;3
1621224221000;11551785;154.019;154.039;154.029;5;T;True;3
1621224222000;11551788;154.021;154.041;154.031;2;T;True;3
1621224223000;11551789;154.021;154.041;154.031;0;T;True;3
1621224224000;11551790;154.021;154.041;154.031;0;T;True;3
1621224225000;11551792;154.022;154.042;154.032;1;T;True;3
1621224226000;11551793;154.022;154.042;154.032;0;T;True;3
1621224227000;11551794;154.022;154.042;154.032;0;T;True;3
1621224228000;11551796;154.023;154.043;154.033;1;T;True;3
1621224229000;11551797;154.023;154.043;154.033;0;T;True;3
1621224230000;11551798;154.023;154.043;154.033;0;T;True;3
1621224231000;11551800;154.024;154.044;154.034;1;T;True;3
1621224232000;11551801;154.024;154.044;154.034;0;T;True;3
1621224233000;11551802;154.024;154.044;154.034;0;T;True;3
1621224234000;11551803;154.024;154.044;154.034;0;T;True;3
1621224235000;11551805;154.023;154.043;154.033;1;T;True;3
1621224236000;11551806;154.023;154.043;154.033;0;T;True;3
1621224237000;11551807;154.023;154.043;154.033;0;T;True;3
1621224238000;11551808;154.023;154.043;154.033;0;T;True;3
1621224239000;11551809;154.023;154.043;154.033;0;T;True;3
1621224240000;11551810;154.023;154.043;154.033;0;T;True;3
1621224241000;11551812;154.021;154.041;154.031;1;T;True;3
1621224242000;11551815;154.018;154.038;154.028;2;T;True;3
1621224243000;11551817;154.019;154.039;154.029;1;T;True;3
1621224244000;11551818;154.019;154.039;154.029;0;T;True;3
1621224245000;11551820;154.018;154.038;154.028;1;T;True;3
1621224246000;11551821;154.018;154.038;154.028;0;T;True;3
1621224247000;11551822;154.018;154.038;154.028;0;T;True;3
1621224248000;11551826;154.022;154.042;154.032;3;T;True;3
1621224249000;11551827;154.022;154.042;154.032;0;T;True;3
1621224250000;11551828;154.022;154.042;154.032;0;T;True;3
1621224251000;11551829;154.022;154.042;154.032;0;T;True;3
1621224252000;11551830;154.022;154.042;154.032;0;T;True;3
1621224253000;11551831;154.022;154.042;154.032;0;T;True;3
1621224254000;11551832;154.022;154.042;154.032;0;T;True;3
1621224255000;11551834;154.023;154.043;154.033;1;T;True;3
1621224256000;11551835;154.023;154.043;154.033;0;T;True;3
1621224257000;11551837;154.022;154.042;154.032;1;T;True;3
1621224258000;11551838;154.022;154.042;154.032;0;T;True;3
1621224259000;11551840;154.021;154.041;154.031;1;T;True;3
1621224260000;11551841;154.021;154.041;154.031;0;T;True;3
1621224261000;11551842;154.021;154.041;154.031;0;T;True;3
1621224262000;11551844;154.023;154.043;154.033;1;T;True;3
1621224263000;11551845;154.023;154.043;154.033;0;T;True;3
1621224264000;11551847;154.022;154.042;154.032;1;T;True;3
1621224265000;11551851;154.016;154.036;154.026;3;T;True;3
1621224266000;11551852;154.016;154.036;154.026;0;T;True;3
1621224267000;11551853;154.016;154.036;154.026;0;T;True;3
1621224268000;11551854;154.016;154.036;154.026;0;T;True;3
1621224269000;11551857;154.019;154.039;154.029;2;T;True;3
1621224270000;11551858;154.019;154.039;154.029;0;T;True;3
1621224271000;11551859;154.019;154.039;154.029;0;T;True;3
1621224272000;11551860;154.019;154.039;154.029;0;T;True;3
1621224273000;11551865;154.021;154.041;154.031;4;T;True;3
1621224274000;11551867;154.02;154.04;154.03;1;T;True;3
1621224275000;11551868;154.02;154.04;154.03;0;T;True;3
1621224276000;11551869;154.02;154.04;154.03;0;T;True;3
1621224277000;11551871;154.021;154.041;154.031;1;T;True;3
1621224278000;11551872;154.021;154.041;154.031;0;T;True;3
1621224279000;11551873;154.021;154.041;154.031;0;T;True;3
1621224280000;11551874;154.021;154.041;154.031;0;T;True;3
1621224281000;11551875;154.021;154.041;154.031;0;T;True;3
1621224282000;11551876;154.021;154.041;154.031;0;T;True;3
1621224283000;11551877;154.021;154.041;154.031;0;T;True;3
1621224284000;11551878;154.021;154.041;154.031;0;T;True;3
1621224285000;11551880;154.019;154.039;154.029;1;T;True;3
1621224286000;11551881;154.019;154.039;154.029;0;T;True;3
1621224287000;11551882;154.019;154.039;154.029;0;T;True;3
1621224288000;11551884;154.017;154.037;154.027;1;T;True;3
1621224289000;11551885;154.017;154.037;154.027;0;T;True;3
1621224290000;11551887;154.018;154.038;154.028;1;T;True;3
1621224291000;11551888;154.018;154.038;154.028;0;T;True;3
1621224292000;11551889;154.018;154.038;154.028;0;T;True;3
1621224293000;11551890;154.018;154.038;154.028;0;T;True;3
1621224294000;11551891;154.018;154.038;154.028;0;T;True;3
1621224295000;11551892;154.018;154.038;154.028;0;T;True;3
1621224296000;11551893;154.018;154.038;154.028;0;T;True;3
1621224297000;11551894;154.018;154.038;154.028;0;T;True;3
1621224298000;11551898;154.023;154.043;154.033;3;T;True;3
1621224299000;11551899;154.023;154.043;154.033;0;T;True;3
1621224300000;11551900;154.023;154.043;154.033;0;T;True;3
1621224301000;11551901;154.023;154.043;154.033;0;T;True;3
1621224302000;11551902;154.023;154.043;154.033;0;T;True;3
1621224303000;11551904;154.025;154.045;154.035;1;T;True;3
1621224304000;11551905;154.025;154.045;154.035;0;T;True;3
1621224305000;11551906;154.025;154.045;154.035;0;T;True;3
1621224306000;11551907;154.025;154.045;154.035;0;T;True;3
1621224307000;11551908;154.025;154.045;154.035;0;T;True;3
1621224308000;11551909;154.025;154.045;154.035;0;T;True;3
1621224309000;11551911;154.026;154.046;154.036;1;T;True;3
1621224310000;11551912;154.026;154.046;154.036;0;T;True;3
1621224311000;11551913;154.026;154.046;154.036;0;T;True;3
1621224312000;11551914;154.026;154.046;154.036;0;T;True;3
1621224313000;11551915;154.026;154.046;154.036;0;T;True;3
1621224314000;11551916;154.026;154.046;154.036;0;T;True;3
1621224315000;11551917;154.026;154.046;154.036;0;T;True;3
1621224316000;11551918;154.026;154.046;154.036;0;T;True;3
1621224317000;11551919;154.026;154.046;154.036;0;T;True;3
1621224318000;11551920;154.026;154.046;154.036;0;T;True;3
1621224319000;11551921;154.026;154.046;154.036;0;T;True;3
1621224320000;11551922;154.026;154.046;154.036;0;T;True;3
1621224321000;11551924;154.029;154.049;154.039;1;T;True;3
1621224322000;11551927;154.033;154.053;154.043;2;T;True;3
1621224323000;11551928;154.033;154.053;154.043;0;T;True;3
1621224324000;11551929;154.033;154.053;154.043;0;T;True;3
1621224325000;11551930;154.033;154.053;154.043;0;T;True;3
1621224326000;11551931;154.033;154.053;154.043;0;T;True;3
1621224327000;11551932;154.033;154.053;154.043;0;T;True;3
1621224328000;11551933;154.033;154.053;154.043;0;T;True;3
1621224329000;11551934;154.033;154.053;154.043;0;T;True;3
1621224330000;11551935;154.033;154.053;154.043;0;T;True;3
1621224331000;11551936;154.033;154.053;154.043;0;T;True;3
1621224332000;11551937;154.033;154.053;154.043;0;T;True;3
1621224333000;11551938;154.033;154.053;154.043;0;T;True;3
1621224334000;11551939;154.033;154.053;154.043;0;T;True;3
1621224335000;11551940;154.033;154.053;154.043;0;T;True;3
1621224336000;11551941;154.033;154.053;154.043;0;T;True;3
1621224337000;11551942;154.033;154.053;154.043;0;T;True;3
1621224338000;11551943;154.033;154.053;154.043;0;T;True;3
1621224339000;11551945;154.034;154.054;154.044;1;T;True;3
1621224340000;11551946;154.034;154.054;154.044;0;T;True;3
1621224341000;11551947;154.034;154.054;154.044;0;T;True;3
1621224342000;11551948;154.034;154.054;154.044;0;T;True;3
1621224343000;11551950;154.035;154.055;154.045;1;T;True;3
1621224344000;11551951;154.035;154.055;154.045;0;T;True;3
1621224345000;11551952;154.035;154.055;154.045;0;T;True;3
1621224346000;11551953;154.035;154.055;154.045;0;T;True;3
1621224347000;11551954;154.035;154.055;154.045;0;T;True;3
1621224348000;11551955;154.035;154.055;154.045;0;T;True;3
1621224349000;11551956;154.035;154.055;154.045;0;T;True;3
1621224350000;11551957;154.035;154.055;154.045;0;T;True;3
1621224351000;11551958;154.035;154.055;154.045;0;T;True;3
1621224352000;11551959;154.035;154.055;154.045;0;T;True;3
1621224353000;11551960;154.035;154.055;154.045;0;T;True;3
1621224354000;11551961;154.035;154.055;154.045;0;T;True;3
1621224355000;11551962;154.035;154.055;154.045;0;T;True;3
1621224356000;11551963;154.035;154.055;154.045;0;T;True;3
1621224357000;11551964;154.035;154.055;154.045;0;T;True;3
1621224358000;11551965;154.035;154.055;154.045;0;T;True;3
1621224359000;11551966;154.035;154.055;154.045;0;T;True;3
1621224360000;11551967;154.035;154.055;154.045;0;T;True;3
1621224361000;11551968;154.035;154.055;154.045;0;T;True;3
1621224362000;11551969;154.035;154.055;154.045;0;T;True;3
1621224363000;11551970;154.035;154.055;154.045;0;T;True;3
1621224364000;11551971;154.035;154.055;154.045;0;T;True;3
1621224365000;11551972;154.035;154.055;154.045;0;T;True;3
1621224366000;11551973;154.035;154.055;154.045;0;T;True;3
1621224367000;11551974;154.035;154.055;154.045;0;T;True;3
1621224368000;11551975;154.035;154.055;154.045;0;T;True;3
1621224369000;11551976;154.035;154.055;154.045;0;T;True;3
1621224370000;11551977;154.035;154.055;154.045;0;T;True;3
1621224371000;11551978;154.035;154.055;154.045;0;T;True;3
1621224372000;11551979;154.035;154.055;154.045;0;T;True;3
1621224373000;11551980;154.035;154.055;154.045;0;T;True;3
1621224374000;11551982;154.036;154.056;154.046;1;T;True;3
1621224375000;11551983;154.036;154.056;154.046;0;T;True;3
1621224376000;11551984;154.036;154.056;154.046;0;T;True;3
1621224377000;11551985;154.036;154.056;154.046;0;T;True;3
1621224378000;11551986;154.036;154.056;154.046;0;T;True;3
1621224379000;11551988;154.037;154.057;154.047;1;T;True;3
1621224380000;11551989;154.037;154.057;154.047;0;T;True;3
1621224381000;11551990;154.037;154.057;154.047;0;T;True;3
1621224382000;11551991;154.037;154.057;154.047;0;T;True;3
1621224383000;11551992;154.037;154.057;154.047;0;T;True;3
1621224384000;11551993;154.037;154.057;154.047;0;T;True;3
1621224385000;11551994;154.037;154.057;154.047;0;T;True;3
1621224386000;11551995;154.037;154.057;154.047;0;T;True;3
1621224387000;11551996;154.037;154.057;154.047;0;T;True;3
1621224388000;11551997;154.037;154.057;154.047;0;T;True;3
1621224389000;11551998;154.037;154.057;154.047;0;T;True;3
1621224390000;11551999;154.037;154.057;154.047;0;T;True;3
1621224391000;11552000;154.037;154.057;154.047;0;T;True;3
1621224392000;11552002;154.038;154.058;154.048;1;T;True;3
1621224393000;11552003;154.038;154.058;154.048;0;T;True;3
1621224394000;11552004;154.038;154.058;154.048;0;T;True;3
1621224395000;11552008;154.041;154.061;154.051;3;T;True;3
1621224396000;11552009;154.041;154.061;154.051;0;T;True;3
1621224397000;11552010;154.041;154.061;154.051;0;T;True;3
1621224398000;11552011;154.041;154.061;154.051;0;T;True;3
1621224399000;11552012;154.041;154.061;154.051;0;T;True;3
1621224400000;11552014;154.04;154.06;154.05;1;T;True;3
1621224401000;11552015;154.04;154.06;154.05;0;T;True;3
1621224402000;11552016;154.04;154.06;154.05;0;T;True;3
1621224403000;11552017;154.04;154.06;154.05;0;T;True;3
1621224404000;11552018;154.04;154.06;154.05;0;T;True;3
1621224405000;11552019;154.04;154.06;154.05;0;T;True;3
1621224406000;11552020;154.04;154.06;154.05;0;T;True;3
1621224407000;11552021;154.04;154.06;154.05;0;T;True;3
1621224408000;11552022;154.04;154.06;154.05;0;T;True;3
1621224409000;11552023;154.04;154.06;154.05;0;T;True;3
1621224410000;11552026;154.043;154.063;154.053;2;T;True;3
1621224411000;11552033;154.043;154.063;154.053;6;T;True;3
1621224412000;11552035;154.041;154.061;154.051;1;T;True;3
1621224413000;11552036;154.041;154.061;154.051;0;T;True;3
1621224414000;11552038;154.042;154.062;154.052;1;T;True;3
1621224415000;11552039;154.042;154.062;154.052;0;T;True;3
1621224416000;11552040;154.042;154.062;154.052;0;T;True;3
1621224417000;11552041;154.042;154.062;154.052;0;T;True;3
1621224418000;11552042;154.042;154.062;154.052;0;T;True;3
1621224419000;11552043;154.042;154.062;154.052;0;T;True;3
1621224420000;11552044;154.042;154.062;154.052;0;T;True;3
1621224421000;11552046;154.041;154.061;154.051;1;T;True;3
1621224422000;11552047;154.041;154.061;154.051;0;T;True;3
1621224423000;11552048;154.041;154.061;154.051;0;T;True;3
1621224424000;11552050;154.045;154.065;154.055;1;T;True;3
1621224425000;11552051;154.045;154.065;154.055;0;T;True;3
1621224426000;11552052;154.045;154.065;154.055;0;T;True;3
1621224427000;11552053;154.045;154.065;154.055;0;T;True;3
1621224428000;11552054;154.045;154.065;154.055;0;T;True;3
1621224429000;11552055;154.045;154.065;154.055;0;T;True;3
1621224430000;11552056;154.045;154.065;154.055;0;T;True;3
1621224431000;11552058;154.044;154.064;154.054;1;T;True;3
1621224432000;11552059;154.044;154.064;154.054;0;T;True;3
1621224433000;11552060;154.044;154.064;154.054;0;T;True;3
1621224434000;11552061;154.044;154.064;154.054;0;T;True;3
1621224435000;11552062;154.044;154.064;154.054;0;T;True;3
1621224436000;11552064;154.043;154.063;154.053;1;T;True;3
1621224437000;11552066;154.044;154.064;154.054;1;T;True;3
1621224438000;11552068;154.045;154.065;154.055;1;T;True;3
1621224439000;11552071;154.047;154.067;154.057;2;T;True;3
1621224440000;11552072;154.047;154.067;154.057;0;T;True;3
1621224441000;11552073;154.047;154.067;154.057;0;T;True;3
1621224442000;11552074;154.047;154.067;154.057;0;T;True;3
1621224443000;11552076;154.048;154.068;154.058;1;T;True;3
1621224444000;11552077;154.048;154.068;154.058;0;T;True;3
1621224445000;11552078;154.048;154.068;154.058;0;T;True;3
1621224446000;11552082;154.052;154.072;154.062;3;T;True;3
1621224447000;11552085;154.049;154.069;154.059;2;T;True;3
1621224448000;11552088;154.053;154.073;154.063;2;T;True;3
1621224449000;11552089;154.053;154.073;154.063;0;T;True;3
1621224450000;11552090;154.053;154.073;154.063;0;T;True;3
1621224451000;11552091;154.053;154.073;154.063;0;T;True;3
1621224452000;11552092;154.053;154.073;154.063;0;T;True;3
1621224453000;11552093;154.053;154.073;154.063;0;T;True;3
1621224454000;11552094;154.053;154.073;154.063;0;T;True;3
1621224455000;11552095;154.053;154.073;154.063;0;T;True;3
1621224456000;11552096;154.053;154.073;154.063;0;T;True;3
1621224457000;11552097;154.053;154.073;154.063;0;T;True;3
1621224458000;11552098;154.053;154.073;154.063;0;T;True;3
1621224459000;11552099;154.053;154.073;154.063;0;T;True;3
1621224460000;11552100;154.053;154.073;154.063;0;T;True;3
1621224461000;11552101;154.053;154.073;154.063;0;T;True;3
1621224462000;11552102;154.053;154.073;154.063;0;T;True;3
1621224463000;11552103;154.053;154.073;154.063;0;T;True;3
1621224464000;11552104;154.053;154.073;154.063;0;T;True;3
1621224465000;11552105;154.053;154.073;154.063;0;T;True;3
1621224466000;11552106;154.053;154.073;154.063;0;T;True;3
1621224467000;11552107;154.053;154.073;154.063;0;T;True;3
1621224468000;11552108;154.053;154.073;154.063;0;T;True;3
1621224469000;11552109;154.053;154.073;154.063;0;T;True;3
1621224470000;11552110;154.053;154.073;154.063;0;T;True;3
1621224471000;11552111;154.053;154.073;154.063;0;T;True;3
1621224472000;11552112;154.053;154.073;154.063;0;T;True;3
1621224473000;11552113;154.053;154.073;154.063;0;T;True;3
1621224474000;11552114;154.053;154.073;154.063;0;T;True;3
1621224475000;11552115;154.053;154.073;154.063;0;T;True;3
1621224476000;11552116;154.053;154.073;154.063;0;T;True;3
1621224477000;11552117;154.053;154.073;154.063;0;T;True;3
1621224478000;11552118;154.053;154.073;154.063;0;T;True;3
1621224479000;11552119;154.053;154.073;154.063;0;T;True;3
1621224480000;11552120;154.053;154.073;154.063;0;T;True;3
1621224481000;11552121;154.053;154.073;154.063;0;T;True;3
1621224482000;11552122;154.053;154.073;154.063;0;T;True;3
1621224483000;11552123;154.053;154.073;154.063;0;T;True;3
1621224484000;11552124;154.053;154.073;154.063;0;T;True;3
1621224485000;11552125;154.053;154.073;154.063;0;T;True;3
1621224486000;11552126;154.053;154.073;154.063;0;T;True;3
1621224487000;11552127;154.053;154.073;154.063;0;T;True;3
1621224488000;11552128;154.053;154.073;154.063;0;T;True;3
1621224489000;11552129;154.053;154.073;154.063;0;T;True;3
1621224490000;11552130;154.053;154.073;154.063;0;T;True;3
1621224491000;11552131;154.053;154.073;154.063;0;T;True;3
1621224492000;11552132;154.053;154.073;154.063;0;T;True;3
1621224493000;11552133;154.053;154.073;154.063;0;T;True;3
1621224494000;11552134;154.053;154.073;154.063;0;T;True;3
1621224495000;11552135;154.053;154.073;154.063;0;T;True;3
1621224496000;11552136;154.053;154.073;154.063;0;T;True;3
1621224497000;11552137;154.053;154.073;154.063;0;T;True;3
1621224498000;11552139;154.055;154.075;154.065;1;T;True;3
1621224499000;11552140;154.055;154.075;154.065;0;T;True;3
1621224500000;11552141;154.055;154.075;154.065;0;T;True;3
1621224501000;11552142;154.055;154.075;154.065;0;T;True;3
1621224502000;11552143;154.055;154.075;154.065;0;T;True;3
1621224503000;11552144;154.055;154.075;154.065;0;T;True;3
1621224504000;11552145;154.055;154.075;154.065;0;T;True;3
1621224505000;11552146;154.055;154.075;154.065;0;T;True;3
1621224506000;11552147;154.055;154.075;154.065;0;T;True;3
1621224507000;11552148;154.055;154.075;154.065;0;T;True;3
1621224508000;11552149;154.055;154.075;154.065;0;T;True;3
1621224509000;11552150;154.055;154.075;154.065;0;T;True;3
1621224510000;11552151;154.055;154.075;154.065;0;T;True;3
1621224511000;11552152;154.055;154.075;154.065;0;T;True;3
1621224512000;11552153;154.055;154.075;154.065;0;T;True;3
1621224513000;11552154;154.055;154.075;154.065;0;T;True;3
1621224514000;11552155;154.055;154.075;154.065;0;T;True;3
1621224515000;11552156;154.055;154.075;154.065;0;T;True;3
1621224516000;11552157;154.055;154.075;154.065;0;T;True;3
1621224517000;11552158;154.055;154.075;154.065;0;T;True;3
1621224518000;11552160;154.056;154.076;154.066;1;T;True;3
1621224519000;11552161;154.056;154.076;154.066;0;T;True;3
1621224520000;11552162;154.056;154.076;154.066;0;T;True;3
1621224521000;11552163;154.056;154.076;154.066;0;T;True;3
1621224522000;11552164;154.056;154.076;154.066;0;T;True;3
1621224523000;11552167;154.059;154.079;154.069;2;T;True;3
1621224524000;11552170;154.059;154.079;154.069;2;T;True;3
1621224525000;11552171;154.059;154.079;154.069;0;T;True;3
1621224526000;11552172;154.059;154.079;154.069;0;T;True;3
1621224527000;11552173;154.059;154.079;154.069;0;T;True;3
1621224528000;11552174;154.059;154.079;154.069;0;T;True;3
1621224529000;11552175;154.059;154.079;154.069;0;T;True;3
1621224530000;11552176;154.059;154.079;154.069;0;T;True;3
1621224531000;11552177;154.059;154.079;154.069;0;T;True;3
1621224532000;11552178;154.059;154.079;154.069;0;T;True;3
1621224533000;11552179;154.059;154.079;154.069;0;T;True;3
1621224534000;11552180;154.059;154.079;154.069;0;T;True;3
1621224535000;11552181;154.059;154.079;154.069;0;T;True;3
1621224536000;11552182;154.059;154.079;154.069;0;T;True;3
1621224537000;11552183;154.059;154.079;154.069;0;T;True;3
1621224538000;11552186;154.059;154.079;154.069;2;T;True;3
1621224539000;11552187;154.059;154.079;154.069;0;T;True;3
1621224540000;11552188;154.059;154.079;154.069;0;T;True;3
1621224541000;11552189;154.059;154.079;154.069;0;T;True;3
1621224542000;11552190;154.059;154.079;154.069;0;T;True;3
1621224543000;11552191;154.059;154.079;154.069;0;T;True;3
1621224544000;11552192;154.059;154.079;154.069;0;T;True;3
1621224545000;11552193;154.059;154.079;154.069;0;T;True;3
1621224546000;11552194;154.059;154.079;154.069;0;T;True;3
1621224547000;11552195;154.059;154.079;154.069;0;T;True;3
1621224548000;11552196;154.059;154.079;154.069;0;T;True;3
1621224549000;11552197;154.059;154.079;154.069;0;T;True;3
1621224550000;11552198;154.059;154.079;154.069;0;T;True;3
1621224551000;11552201;154.059;154.079;154.069;2;T;True;3
1621224552000;11552202;154.059;154.079;154.069;0;T;True;3
1621224553000;11552203;154.059;154.079;154.069;0;T;True;3
1621224554000;11552205;154.057;154.077;154.067;1;T;True;3
1621224555000;11552206;154.057;154.077;154.067;0;T;True;3
1621224556000;11552207;154.057;154.077;154.067;0;T;True;3
1621224557000;11552210;154.057;154.077;154.067;2;T;True;3
1621224558000;11552211;154.057;154.077;154.067;0;T;True;3
1621224559000;11552212;154.057;154.077;154.067;0;T;True;3
1621224560000;11552213;154.057;154.077;154.067;0;T;True;3
1621224561000;11552214;154.057;154.077;154.067;0;T;True;3
1621224562000;11552215;154.057;154.077;154.067;0;T;True;3
1621224563000;11552216;154.057;154.077;154.067;0;T;True;3
1621224564000;11552217;154.057;154.077;154.067;0;T;True;3
1621224565000;11552218;154.057;154.077;154.067;0;T;True;3
1621224566000;11552219;154.057;154.077;154.067;0;T;True;3
1621224567000;11552220;154.057;154.077;154.067;0;T;True;3
1621224568000;11552223;154.053;154.073;154.063;2;T;True;3
1621224569000;11552224;154.053;154.073;154.063;0;T;True;3
1621224570000;11552225;154.053;154.073;154.063;0;T;True;3
1621224571000;11552227;154.052;154.072;154.062;1;T;True;3
1621224572000;11552230;154.055;154.075;154.065;2;T;True;3
1621224573000;11552231;154.055;154.075;154.065;0;T;True;3
1621224574000;11552232;154.055;154.075;154.065;0;T;True;3
1621224575000;11552233;154.055;154.075;154.065;0;T;True;3
1621224576000;11552235;154.055;154.075;154.065;1;T;True;3
1621224577000;11552237;154.052;154.072;154.062;1;T;True;3
1621224578000;11552238;154.052;154.072;154.062;0;T;True;3
1621224579000;11552239;154.052;154.072;154.062;0;T;True;3
1621224580000;11552240;154.052;154.072;154.062;0;T;True;3
1621224581000;11552241;154.052;154.072;154.062;0;T;True;3
1621224582000;11552244;154.055;154.075;154.065;2;T;True;3
1621224583000;11552247;154.057;154.077;154.067;2;T;True;3
1621224584000;11552249;154.06;154.08;154.07;1;T;True;3
1621224585000;11552251;154.061;154.081;154.071;1;T;True;3
1621224586000;11552252;154.061;154.081;154.071;0;T;True;3
1621224587000;11552253;154.061;154.081;154.071;0;T;True;3
1621224588000;11552254;154.061;154.081;154.071;0;T;True;3
1621224589000;11552256;154.06;154.08;154.07;1;T;True;3
1621224590000;11552258;154.059;154.079;154.069;1;T;True;3
1621224591000;11552259;154.059;154.079;154.069;0;T;True;3
1621224592000;11552260;154.059;154.079;154.069;0;T;True;3
1621224593000;11552261;154.059;154.079;154.069;0;T;True;3
1621224594000;11552262;154.059;154.079;154.069;0;T;True;3
1621224595000;11552263;154.059;154.079;154.069;0;T;True;3
1621224596000;11552265;154.057;154.077;154.067;1;T;True;3
1621224597000;11552272;154.05;154.07;154.06;6;T;True;3
1621224598000;11552274;154.051;154.071;154.061;1;T;True;3
1621224599000;11552275;154.051;154.071;154.061;0;T;True;3
1621224600000;11552277;154.052;154.072;154.062;1;T;True;3
1621224601000;11552279;154.051;154.071;154.061;1;T;True;3
1621224602000;11552281;154.049;154.069;154.059;1;T;True;3
1621224603000;11552282;154.049;154.069;154.059;0;T;True;3
1621224604000;11552283;154.049;154.069;154.059;0;T;True;3
1621224605000;11552284;154.049;154.069;154.059;0;T;True;3
1621224606000;11552289;154.053;154.073;154.063;4;T;True;3
1621224607000;11552290;154.053;154.073;154.063;0;T;True;3
1621224608000;11552291;154.053;154.073;154.063;0;T;True;3
1621224609000;11552292;154.053;154.073;154.063;0;T;True;3
1621224610000;11552293;154.053;154.073;154.063;0;T;True;3
1621224611000;11552294;154.053;154.073;154.063;0;T;True;3
1621224612000;11552295;154.053;154.073;154.063;0;T;True;3
1621224613000;11552296;154.053;154.073;154.063;0;T;True;3
1621224614000;11552297;154.053;154.073;154.063;0;T;True;3
1621224615000;11552298;154.053;154.073;154.063;0;T;True;3
1621224616000;11552299;154.053;154.073;154.063;0;T;True;3
1621224617000;11552300;154.053;154.073;154.063;0;T;True;3
1621224618000;11552301;154.053;154.073;154.063;0;T;True;3
1621224619000;11552302;154.053;154.073;154.063;0;T;True;3
1621224620000;11552303;154.053;154.073;154.063;0;T;True;3
1621224621000;11552306;154.051;154.071;154.061;2;T;True;3
1621224622000;11552309;154.049;154.069;154.059;2;T;True;3
1621224623000;11552313;154.046;154.066;154.056;3;T;True;3
1621224624000;11552318;154.049;154.069;154.059;4;T;True;3
1621224625000;11552320;154.047;154.067;154.057;1;T;True;3
1621224626000;11552321;154.047;154.067;154.057;0;T;True;3
1621224627000;11552322;154.047;154.067;154.057;0;T;True;3
1621224628000;11552323;154.047;154.067;154.057;0;T;True;3
1621224629000;11552324;154.047;154.067;154.057;0;T;True;3
1621224630000;11552325;154.047;154.067;154.057;0;T;True;3
1621224631000;11552327;154.046;154.066;154.056;1;T;True;3
1621224632000;11552330;154.047;154.067;154.057;2;T;True;3
1621224633000;11552331;154.047;154.067;154.057;0;T;True;3
1621224634000;11552332;154.047;154.067;154.057;0;T;True;3
1621224635000;11552333;154.047;154.067;154.057;0;T;True;3
1621224636000;11552334;154.047;154.067;154.057;0;T;True;3
1621224637000;11552335;154.047;154.067;154.057;0;T;True;3
1621224638000;11552336;154.047;154.067;154.057;0;T;True;3
1621224639000;11552337;154.047;154.067;154.057;0;T;True;3
1621224640000;11552338;154.047;154.067;154.057;0;T;True;3
1621224641000;11552339;154.047;154.067;154.057;0;T;True;3
1621224642000;11552340;154.047;154.067;154.057;0;T;True;3
1621224643000;11552341;154.047;154.067;154.057;0;T;True;3
1621224644000;11552342;154.047;154.067;154.057;0;T;True;3
1621224645000;11552343;154.047;154.067;154.057;0;T;True;3
1621224646000;11552344;154.047;154.067;154.057;0;T;True;3
1621224647000;11552345;154.047;154.067;154.057;0;T;True;3
1621224648000;11552348;154.051;154.071;154.061;2;T;True;3
1621224649000;11552349;154.051;154.071;154.061;0;T;True;3
1621224650000;11552350;154.051;154.071;154.061;0;T;True;3
1621224651000;11552354;154.054;154.074;154.064;3;T;True;3
1621224652000;11552356;154.055;154.075;154.065;1;T;True;3
1621224653000;11552358;154.054;154.074;154.064;1;T;True;3
1621224654000;11552359;154.054;154.074;154.064;0;T;True;3
1621224655000;11552361;154.055;154.075;154.065;1;T;True;3
1621224656000;11552362;154.055;154.075;154.065;0;T;True;3
1621224657000;11552363;154.055;154.075;154.065;0;T;True;3
1621224658000;11552364;154.055;154.075;154.065;0;T;True;3
1621224659000;11552366;154.056;154.076;154.066;1;T;True;3
1621224660000;11552368;154.057;154.077;154.067;1;T;True;3
1621224661000;11552369;154.057;154.077;154.067;0;T;True;3
1621224662000;11552370;154.057;154.077;154.067;0;T;True;3
1621224663000;11552371;154.057;154.077;154.067;0;T;True;3
1621224664000;11552374;154.059;154.079;154.069;2;T;True;3
1621224665000;11552377;154.059;154.079;154.069;2;T;True;3
1621224666000;11552378;154.059;154.079;154.069;0;T;True;3
1621224667000;11552382;154.067;154.087;154.077;3;T;True;3
1621224668000;11552383;154.067;154.087;154.077;0;T;True;3
1621224669000;11552385;154.065;154.085;154.075;1;T;True;3
1621224670000;11552386;154.065;154.085;154.075;0;T;True;3
1621224671000;11552387;154.065;154.085;154.075;0;T;True;3
1621224672000;11552388;154.065;154.085;154.075;0;T;True;3
1621224673000;11552389;154.065;154.085;154.075;0;T;True;3
1621224674000;11552391;154.062;154.082;154.072;1;T;True;3
1621224675000;11552392;154.062;154.082;154.072;0;T;True;3
1621224676000;11552394;154.061;154.081;154.071;1;T;True;3
1621224677000;11552396;154.062;154.082;154.072;1;T;True;3
1621224678000;11552397;154.062;154.082;154.072;0;T;True;3
1621224679000;11552399;154.061;154.081;154.071;1;T;True;3
1621224680000;11552402;154.061;154.081;154.071;2;T;True;3
1621224681000;11552403;154.061;154.081;154.071;0;T;True;3
1621224682000;11552405;154.063;154.083;154.073;1;T;True;3
1621224683000;11552411;154.062;154.082;154.072;5;T;True;3
1621224684000;11552413;154.061;154.081;154.071;1;T;True;3
1621224685000;11552415;154.062;154.082;154.072;1;T;True;3
1621224686000;11552419;154.064;154.084;154.074;3;T;True;3
1621224687000;11552420;154.064;154.084;154.074;0;T;True;3
1621224688000;11552421;154.064;154.084;154.074;0;T;True;3
1621224689000;11552422;154.064;154.084;154.074;0;T;True;3
1621224690000;11552423;154.064;154.084;154.074;0;T;True;3
1621224691000;11552424;154.064;154.084;154.074;0;T;True;3
1621224692000;11552425;154.064;154.084;154.074;0;T;True;3
1621224693000;11552427;154.065;154.085;154.075;1;T;True;3
1621224694000;11552428;154.065;154.085;154.075;0;T;True;3
1621224695000;11552429;154.065;154.085;154.075;0;T;True;3
1621224696000;11552430;154.065;154.085;154.075;0;T;True;3
1621224697000;11552431;154.065;154.085;154.075;0;T;True;3
1621224698000;11552433;154.067;154.087;154.077;1;T;True;3
1621224699000;11552434;154.067;154.087;154.077;0;T;True;3
1621224700000;11552436;154.065;154.085;154.075;1;T;True;3
1621224701000;11552437;154.065;154.085;154.075;0;T;True;3
1621224702000;11552441;154.064;154.084;154.074;3;T;True;3
1621224703000;11552444;154.064;154.084;154.074;2;T;True;3
1621224704000;11552447;154.067;154.087;154.077;2;T;True;3
1621224705000;11552449;154.065;154.085;154.075;1;T;True;3
1621224706000;11552450;154.065;154.085;154.075;0;T;True;3
1621224707000;11552451;154.065;154.085;154.075;0;T;True;3
1621224708000;11552452;154.065;154.085;154.075;0;T;True;3
1621224709000;11552453;154.065;154.085;154.075;0;T;True;3
1621224710000;11552454;154.065;154.085;154.075;0;T;True;3
1621224711000;11552455;154.065;154.085;154.075;0;T;True;3
1621224712000;11552457;154.064;154.084;154.074;1;T;True;3
1621224713000;11552458;154.064;154.084;154.074;0;T;True;3
1621224714000;11552461;154.062;154.082;154.072;2;T;True;3
1621224715000;11552462;154.062;154.082;154.072;0;T;True;3
1621224716000;11552465;154.06;154.08;154.07;2;T;True;3
1621224717000;11552466;154.06;154.08;154.07;0;T;True;3
1621224718000;11552467;154.06;154.08;154.07;0;T;True;3
1621224719000;11552468;154.06;154.08;154.07;0;T;True;3
1621224720000;11552470;154.061;154.081;154.071;1;T;True;3
1621224721000;11552472;154.064;154.084;154.074;1;T;True;3
1621224722000;11552475;154.062;154.082;154.072;2;T;True;3
1621224723000;11552476;154.062;154.082;154.072;0;T;True;3
1621224724000;11552477;154.062;154.082;154.072;0;T;True;3
1621224725000;11552478;154.062;154.082;154.072;0;T;True;3
1621224726000;11552479;154.062;154.082;154.072;0;T;True;3
1621224727000;11552481;154.061;154.081;154.071;1;T;True;3
1621224728000;11552482;154.061;154.081;154.071;0;T;True;3
1621224729000;11552483;154.061;154.081;154.071;0;T;True;3
1621224730000;11552486;154.057;154.077;154.067;2;T;True;3
1621224731000;11552490;154.063;154.083;154.073;3;T;True;3
1621224732000;11552493;154.059;154.079;154.069;2;T;True;3
1621224733000;11552494;154.059;154.079;154.069;0;T;True;3
1621224734000;11552495;154.059;154.079;154.069;0;T;True;3
1621224735000;11552496;154.059;154.079;154.069;0;T;True;3
1621224736000;11552497;154.059;154.079;154.069;0;T;True;3
1621224737000;11552498;154.059;154.079;154.069;0;T;True;3
1621224738000;11552499;154.059;154.079;154.069;0;T;True;3
1621224739000;11552500;154.059;154.079;154.069;0;T;True;3
1621224740000;11552505;154.063;154.083;154.073;4;T;True;3
1621224741000;11552507;154.061;154.081;154.071;1;T;True;3
1621224742000;11552509;154.06;154.08;154.07;1;T;True;3
1621224743000;11552510;154.06;154.08;154.07;0;T;True;3
1621224744000;11552511;154.06;154.08;154.07;0;T;True;3
1621224745000;11552513;154.062;154.082;154.072;1;T;True;3
1621224746000;11552514;154.062;154.082;154.072;0;T;True;3
1621224747000;11552516;154.061;154.081;154.071;1;T;True;3
1621224748000;11552519;154.06;154.08;154.07;2;T;True;3
1621224749000;11552520;154.06;154.08;154.07;0;T;True;3
1621224750000;11552521;154.06;154.08;154.07;0;T;True;3
1621224751000;11552523;154.059;154.079;154.069;1;T;True;3
1621224752000;11552526;154.061;154.081;154.071;2;T;True;3
1621224753000;11552527;154.061;154.081;154.071;0;T;True;3
1621224754000;11552528;154.061;154.081;154.071;0;T;True;3
1621224755000;11552529;154.061;154.081;154.071;0;T;True;3
1621224756000;11552531;154.059;154.079;154.069;1;T;True;3
1621224757000;11552532;154.059;154.079;154.069;0;T;True;3
1621224758000;11552533;154.059;154.079;154.069;0;T;True;3
1621224759000;11552534;154.059;154.079;154.069;0;T;True;3
1621224760000;11552537;154.061;154.081;154.071;2;T;True;3
1621224761000;11552539;154.06;154.08;154.07;1;T;True;3
1621224762000;11552540;154.06;154.08;154.07;0;T;True;3
1621224763000;11552542;154.059;154.079;154.069;1;T;True;3
1621224764000;11552543;154.059;154.079;154.069;0;T;True;3
1621224765000;11552545;154.061;154.081;154.071;1;T;True;3
1621224766000;11552546;154.061;154.081;154.071;0;T;True;3
1621224767000;11552547;154.061;154.081;154.071;0;T;True;3
1621224768000;11552548;154.061;154.081;154.071;0;T;True;3
1621224769000;11552549;154.061;154.081;154.071;0;T;True;3
1621224770000;11552550;154.061;154.081;154.071;0;T;True;3
1621224771000;11552552;154.063;154.083;154.073;1;T;True;3
1621224772000;11552554;154.065;154.085;154.075;1;T;True;3
1621224773000;11552557;154.07;154.09;154.08;2;T;True;3
1621224774000;11552558;154.07;154.09;154.08;0;T;True;3
1621224775000;11552559;154.07;154.09;154.08;0;T;True;3
1621224776000;11552561;154.069;154.089;154.079;1;T;True;3
1621224777000;11552562;154.069;154.089;154.079;0;T;True;3
1621224778000;11552563;154.069;154.089;154.079;0;T;True;3
1621224779000;11552564;154.069;154.089;154.079;0;T;True;3
1621224780000;11552565;154.069;154.089;154.079;0;T;True;3
1621224781000;11552566;154.069;154.089;154.079;0;T;True;3
1621224782000;11552567;154.069;154.089;154.079;0;T;True;3
1621224783000;11552569;154.068;154.088;154.078;1;T;True;3
1621224784000;11552574;154.073;154.093;154.083;4;T;True;3
1621224785000;11552575;154.073;154.093;154.083;0;T;True;3
1621224786000;11552576;154.073;154.093;154.083;0;T;True;3
1621224787000;11552578;154.072;154.092;154.082;1;T;True;3
1621224788000;11552579;154.072;154.092;154.082;0;T;True;3
1621224789000;11552581;154.07;154.09;154.08;1;T;True;3
1621224790000;11552582;154.07;154.09;154.08;0;T;True;3
1621224791000;11552583;154.07;154.09;154.08;0;T;True;3
1621224792000;11552585;154.071;154.091;154.081;1;T;True;3
1621224793000;11552586;154.071;154.091;154.081;0;T;True;3
1621224794000;11552592;154.067;154.087;154.077;5;T;True;3
1621224795000;11552593;154.067;154.087;154.077;0;T;True;3
1621224796000;11552594;154.067;154.087;154.077;0;T;True;3
1621224797000;11552595;154.067;154.087;154.077;0;T;True;3
1621224798000;11552596;154.067;154.087;154.077;0;T;True;3
1621224799000;11552597;154.067;154.087;154.077;0;T;True;3
1621224800000;11552599;154.065;154.085;154.075;1;T;True;3
1621224801000;11552600;154.065;154.085;154.075;0;T;True;3
1621224802000;11552601;154.065;154.085;154.075;0;T;True;3
1621224803000;11552602;154.065;154.085;154.075;0;T;True;3
1621224804000;11552606;154.069;154.089;154.079;3;T;True;3
1621224805000;11552607;154.069;154.089;154.079;0;T;True;3
1621224806000;11552608;154.069;154.089;154.079;0;T;True;3
1621224807000;11552609;154.069;154.089;154.079;0;T;True;3
1621224808000;11552611;154.068;154.088;154.078;1;T;True;3
1621224809000;11552613;154.067;154.087;154.077;1;T;True;3
1621224810000;11552614;154.067;154.087;154.077;0;T;True;3
1621224811000;11552615;154.067;154.087;154.077;0;T;True;3
1621224812000;11552618;154.071;154.091;154.081;2;T;True;3
1621224813000;11552620;154.073;154.093;154.083;1;T;True;3
1621224814000;11552621;154.073;154.093;154.083;0;T;True;3
1621224815000;11552622;154.073;154.093;154.083;0;T;True;3
1621224816000;11552625;154.071;154.091;154.081;2;T;True;3
1621224817000;11552626;154.071;154.091;154.081;0;T;True;3
1621224818000;11552628;154.069;154.089;154.079;1;T;True;3
1621224819000;11552629;154.069;154.089;154.079;0;T;True;3
1621224820000;11552631;154.071;154.091;154.081;1;T;True;3
1621224821000;11552632;154.071;154.091;154.081;0;T;True;3
1621224822000;11552634;154.073;154.093;154.083;1;T;True;3
1621224823000;11552636;154.074;154.094;154.084;1;T;True;3
1621224824000;11552640;154.074;154.094;154.084;3;T;True;3
1621224825000;11552641;154.074;154.094;154.084;0;T;True;3
1621224826000;11552643;154.075;154.095;154.085;1;T;True;3
1621224827000;11552645;154.077;154.097;154.087;1;T;True;3
1621224828000;11552648;154.083;154.103;154.093;2;T;True;3
1621224829000;11552650;154.081;154.101;154.091;1;T;True;3
1621224830000;11552651;154.081;154.101;154.091;0;T;True;3
1621224831000;11552652;154.081;154.101;154.091;0;T;True;3
1621224832000;11552654;154.079;154.099;154.089;1;T;True;3
1621224833000;11552656;154.077;154.097;154.087;1;T;True;3
1621224834000;11552658;154.081;154.101;154.091;1;T;True;3
1621224835000;11552659;154.081;154.101;154.091;0;T;True;3
1621224836000;11552660;154.081;154.101;154.091;0;T;True;3
1621224837000;11552661;154.081;154.101;154.091;0;T;True;3
1621224838000;11552664;154.075;154.095;154.085;2;T;True;3
1621224839000;11552665;154.075;154.095;154.085;0;T;True;3
1621224840000;11552670;154.064;154.084;154.074;4;T;True;3
1621224841000;11552672;154.063;154.083;154.073;1;T;True;3
1621224842000;11552673;154.063;154.083;154.073;0;T;True;3
1621224843000;11552679;154.06;154.08;154.07;5;T;True;3
1621224844000;11552684;154.063;154.083;154.073;4;T;True;3
1621224845000;11552686;154.061;154.081;154.071;1;T;True;3
1621224846000;11552688;154.06;154.08;154.07;1;T;True;3
1621224847000;11552689;154.06;154.08;154.07;0;T;True;3
1621224848000;11552691;154.061;154.081;154.071;1;T;True;3
1621224849000;11552693;154.063;154.083;154.073;1;T;True;3
1621224850000;11552694;154.063;154.083;154.073;0;T;True;3
1621224851000;11552699;154.063;154.083;154.073;4;T;True;3
1621224852000;11552701;154.06;154.08;154.07;1;T;True;3
1621224853000;11552708;154.059;154.079;154.069;6;T;True;3
1621224854000;11552710;154.055;154.075;154.065;1;T;True;3
1621224855000;11552712;154.054;154.074;154.064;1;T;True;3
1621224856000;11552715;154.056;154.076;154.066;2;T;True;3
1621224857000;11552719;154.065;154.085;154.075;3;T;True;3
1621224858000;11552721;154.066;154.086;154.076;1;T;True;3
1621224859000;11552722;154.066;154.086;154.076;0;T;True;3
1621224860000;11552723;154.066;154.086;154.076;0;T;True;3
1621224861000;11552724;154.066;154.086;154.076;0;T;True;3
1621224862000;11552725;154.066;154.086;154.076;0;T;True;3
1621224863000;11552729;154.063;154.083;154.073;3;T;True;3
1621224864000;11552730;154.063;154.083;154.073;0;T;True;3
1621224865000;11552731;154.063;154.083;154.073;0;T;True;3
1621224866000;11552732;154.063;154.083;154.073;0;T;True;3
1621224867000;11552733;154.063;154.083;154.073;0;T;True;3
1621224868000;11552734;154.063;154.083;154.073;0;T;True;3
1621224869000;11552736;154.065;154.085;154.075;1;T;True;3
1621224870000;11552737;154.065;154.085;154.075;0;T;True;3
1621224871000;11552740;154.065;154.085;154.075;2;T;True;3
1621224872000;11552744;154.075;154.095;154.085;3;T;True;3
1621224873000;11552745;154.075;154.095;154.085;0;T;True;3
1621224874000;11552746;154.075;154.095;154.085;0;T;True;3
1621224875000;11552750;154.073;154.093;154.083;3;T;True;3
1621224876000;11552752;154.077;154.097;154.087;1;T;True;3
1621224877000;11552753;154.077;154.097;154.087;0;T;True;3
1621224878000;11552755;154.078;154.098;154.088;1;T;True;3
1621224879000;11552763;154.093;154.113;154.103;7;T;True;3
1621224880000;11552764;154.093;154.113;154.103;0;T;True;3
1621224881000;11552767;154.089;154.109;154.099;2;T;True;3
1621224882000;11552768;154.089;154.109;154.099;0;T;True;3
1621224883000;11552769;154.089;154.109;154.099;0;T;True;3
1621224884000;11552770;154.089;154.109;154.099;0;T;True;3
1621224885000;11552771;154.089;154.109;154.099;0;T;True;3
1621224886000;11552772;154.089;154.109;154.099;0;T;True;3
1621224887000;11552775;154.087;154.107;154.097;2;T;True;3
1621224888000;11552777;154.086;154.106;154.096;1;T;True;3
1621224889000;11552778;154.086;154.106;154.096;0;T;True;3
1621224890000;11552779;154.086;154.106;154.096;0;T;True;3
1621224891000;11552780;154.086;154.106;154.096;0;T;True;3
1621224892000;11552782;154.085;154.105;154.095;1;T;True;3
1621224893000;11552784;154.081;154.101;154.091;1;T;True;3
1621224894000;11552786;154.079;154.099;154.089;1;T;True;3
1621224895000;11552787;154.079;154.099;154.089;0;T;True;3
1621224896000;11552788;154.079;154.099;154.089;0;T;True;3
1621224897000;11552789;154.079;154.099;154.089;0;T;True;3
1621224898000;11552794;154.083;154.103;154.093;4;T;True;3
1621224899000;11552795;154.083;154.103;154.093;0;T;True;3
1621224900000;11552797;154.081;154.101;154.091;1;T;True;3
1621224901000;11552799;154.083;154.103;154.093;1;T;True;3
1621224902000;11552800;154.083;154.103;154.093;0;T;True;3
1621224903000;11552803;154.087;154.107;154.097;2;T;True;3
1621224904000;11552805;154.086;154.106;154.096;1;T;True;3
1621224905000;11552806;154.086;154.106;154.096;0;T;True;3
1621224906000;11552807;154.086;154.106;154.096;0;T;True;3
1621224907000;11552808;154.086;154.106;154.096;0;T;True;3
1621224908000;11552809;154.086;154.106;154.096;0;T;True;3
1621224909000;11552810;154.086;154.106;154.096;0;T;True;3
1621224910000;11552811;154.086;154.106;154.096;0;T;True;3
1621224911000;11552813;154.085;154.105;154.095;1;T;True;3
1621224912000;11552815;154.083;154.103;154.093;1;T;True;3
1621224913000;11552817;154.082;154.102;154.092;1;T;True;3
1621224914000;11552818;154.082;154.102;154.092;0;T;True;3
1621224915000;11552821;154.085;154.105;154.095;2;T;True;3
1621224916000;11552822;154.085;154.105;154.095;0;T;True;3
1621224917000;11552823;154.085;154.105;154.095;0;T;True;3
1621224918000;11552824;154.085;154.105;154.095;0;T;True;3
1621224919000;11552826;154.086;154.106;154.096;1;T;True;3
1621224920000;11552827;154.086;154.106;154.096;0;T;True;3
1621224921000;11552828;154.086;154.106;154.096;0;T;True;3
1621224922000;11552830;154.087;154.107;154.097;1;T;True;3
1621224923000;11552831;154.087;154.107;154.097;0;T;True;3
1621224924000;11552832;154.087;154.107;154.097;0;T;True;3
1621224925000;11552833;154.087;154.107;154.097;0;T;True;3
1621224926000;11552837;154.089;154.109;154.099;3;T;True;3
1621224927000;11552839;154.088;154.108;154.098;1;T;True;3
1621224928000;11552840;154.088;154.108;154.098;0;T;True;3
1621224929000;11552841;154.088;154.108;154.098;0;T;True;3
1621224930000;11552845;154.089;154.109;154.099;3;T;True;3
1621224931000;11552847;154.087;154.107;154.097;1;T;True;3
1621224932000;11552848;154.087;154.107;154.097;0;T;True;3
1621224933000;11552849;154.087;154.107;154.097;0;T;True;3
1621224934000;11552850;154.087;154.107;154.097;0;T;True;3
1621224935000;11552851;154.087;154.107;154.097;0;T;True;3
1621224936000;11552852;154.087;154.107;154.097;0;T;True;3
1621224937000;11552853;154.087;154.107;154.097;0;T;True;3
1621224938000;11552854;154.087;154.107;154.097;0;T;True;3
1621224939000;11552856;154.088;154.108;154.098;1;T;True;3
1621224940000;11552857;154.088;154.108;154.098;0;T;True;3
1621224941000;11552858;154.088;154.108;154.098;0;T;True;3
1621224942000;11552859;154.088;154.108;154.098;0;T;True;3
1621224943000;11552861;154.087;154.107;154.097;1;T;True;3
1621224944000;11552862;154.087;154.107;154.097;0;T;True;3
1621224945000;11552863;154.087;154.107;154.097;0;T;True;3
1621224946000;11552864;154.087;154.107;154.097;0;T;True;3
1621224947000;11552865;154.087;154.107;154.097;0;T;True;3
1621224948000;11552866;154.087;154.107;154.097;0;T;True;3
1621224949000;11552867;154.087;154.107;154.097;0;T;True;3
1621224950000;11552868;154.087;154.107;154.097;0;T;True;3
1621224951000;11552869;154.087;154.107;154.097;0;T;True;3
1621224952000;11552870;154.087;154.107;154.097;0;T;True;3
1621224953000;11552871;154.087;154.107;154.097;0;T;True;3
1621224954000;11552872;154.087;154.107;154.097;0;T;True;3
1621224955000;11552873;154.087;154.107;154.097;0;T;True;3
1621224956000;11552874;154.087;154.107;154.097;0;T;True;3
1621224957000;11552875;154.087;154.107;154.097;0;T;True;3
1621224958000;11552876;154.087;154.107;154.097;0;T;True;3
1621224959000;11552877;154.087;154.107;154.097;0;T;True;3
1621224960000;11552878;154.087;154.107;154.097;0;T;True;3
1621224961000;11552879;154.087;154.107;154.097;0;T;True;3
1621224962000;11552880;154.087;154.107;154.097;0;T;True;3
1621224963000;11552881;154.087;154.107;154.097;0;T;True;3
1621224964000;11552882;154.087;154.107;154.097;0;T;True;3
1621224965000;11552883;154.087;154.107;154.097;0;T;True;3
1621224966000;11552884;154.087;154.107;154.097;0;T;True;3
1621224967000;11552885;154.087;154.107;154.097;0;T;True;3
1621224968000;11552886;154.087;154.107;154.097;0;T;True;3
1621224969000;11552887;154.087;154.107;154.097;0;T;True;3
1621224970000;11552888;154.087;154.107;154.097;0;T;True;3
1621224971000;11552889;154.087;154.107;154.097;0;T;True;3
1621224972000;11552890;154.087;154.107;154.097;0;T;True;3
1621224973000;11552891;154.087;154.107;154.097;0;T;True;3
1621224974000;11552892;154.087;154.107;154.097;0;T;True;3
1621224975000;11552895;154.092;154.112;154.102;2;T;True;3
1621224976000;11552897;154.093;154.113;154.103;1;T;True;3
1621224977000;11552898;154.093;154.113;154.103;0;T;True;3
1621224978000;11552899;154.093;154.113;154.103;0;T;True;3
1621224979000;11552900;154.093;154.113;154.103;0;T;True;3
1621224980000;11552901;154.093;154.113;154.103;0;T;True;3
1621224981000;11552903;154.092;154.112;154.102;1;T;True;3
1621224982000;11552904;154.092;154.112;154.102;0;T;True;3
1621224983000;11552906;154.091;154.111;154.101;1;T;True;3
1621224984000;11552907;154.091;154.111;154.101;0;T;True;3
1621224985000;11552908;154.091;154.111;154.101;0;T;True;3
1621224986000;11552909;154.091;154.111;154.101;0;T;True;3
1621224987000;11552910;154.091;154.111;154.101;0;T;True;3
1621224988000;11552911;154.091;154.111;154.101;0;T;True;3
1621224989000;11552914;154.085;154.105;154.095;2;T;True;3
1621224990000;11552920;154.091;154.111;154.101;5;T;True;3
1621224991000;11552921;154.091;154.111;154.101;0;T;True;3
1621224992000;11552923;154.093;154.113;154.103;1;T;True;3
1621224993000;11552924;154.093;154.113;154.103;0;T;True;3
1621224994000;11552925;154.093;154.113;154.103;0;T;True;3
1621224995000;11552926;154.093;154.113;154.103;0;T;True;3
1621224996000;11552928;154.091;154.111;154.101;1;T;True;3
1621224997000;11552932;154.092;154.112;154.102;3;T;True;3
1621224998000;11552933;154.092;154.112;154.102;0;T;True;3
1621224999000;11552934;154.092;154.112;154.102;0;T;True;3
1621225000000;11552939;154.094;154.114;154.104;4;T;True;3
1621225001000;11552941;154.095;154.115;154.105;1;T;True;3
1621225002000;11552944;154.095;154.115;154.105;2;T;True;3
1621225003000;11552945;154.095;154.115;154.105;0;T;True;3
1621225004000;11552946;154.095;154.115;154.105;0;T;True;3
1621225005000;11552947;154.095;154.115;154.105;0;T;True;3
1621225006000;11552948;154.095;154.115;154.105;0;T;True;3
1621225007000;11552949;154.095;154.115;154.105;0;T;True;3
1621225008000;11552952;154.091;154.111;154.101;2;T;True;3
1621225009000;11552955;154.093;154.113;154.103;2;T;True;3
1621225010000;11552956;154.093;154.113;154.103;0;T;True;3
1621225011000;11552958;154.092;154.112;154.102;1;T;True;3
1621225012000;11552961;154.089;154.109;154.099;2;T;True;3
1621225013000;11552962;154.089;154.109;154.099;0;T;True;3
1621225014000;11552964;154.09;154.11;154.1;1;T;True;3
1621225015000;11552965;154.09;154.11;154.1;0;T;True;3
1621225016000;11552967;154.089;154.109;154.099;1;T;True;3
1621225017000;11552968;154.089;154.109;154.099;0;T;True;3
1621225018000;11552970;154.087;154.107;154.097;1;T;True;3
1621225019000;11552971;154.087;154.107;154.097;0;T;True;3
1621225020000;11552972;154.087;154.107;154.097;0;T;True;3
1621225021000;11552973;154.087;154.107;154.097;0;T;True;3
1621225022000;11552979;154.103;154.123;154.113;5;T;True;3
1621225023000;11552980;154.103;154.123;154.113;0;T;True;3
1621225024000;11552981;154.103;154.123;154.113;0;T;True;3
1621225025000;11552983;154.102;154.122;154.112;1;T;True;3
1621225026000;11552984;154.102;154.122;154.112;0;T;True;3
1621225027000;11552989;154.102;154.122;154.112;4;T;True;3
1621225028000;11552992;154.103;154.123;154.113;2;T;True;3
1621225029000;11552993;154.103;154.123;154.113;0;T;True;3
1621225030000;11552994;154.103;154.123;154.113;0;T;True;3
1621225031000;11552996;154.104;154.124;154.114;1;T;True;3
1621225032000;11552997;154.104;154.124;154.114;0;T;True;3
1621225033000;11552998;154.104;154.124;154.114;0;T;True;3
1621225034000;11552999;154.104;154.124;154.114;0;T;True;3
1621225035000;11553001;154.103;154.123;154.113;1;T;True;3
1621225036000;11553006;154.103;154.123;154.113;4;T;True;3
1621225037000;11553007;154.103;154.123;154.113;0;T;True;3
1621225038000;11553009;154.102;154.122;154.112;1;T;True;3
1621225039000;11553011;154.101;154.121;154.111;1;T;True;3
1621225040000;11553012;154.101;154.121;154.111;0;T;True;3
1621225041000;11553013;154.101;154.121;154.111;0;T;True;3
1621225042000;11553016;154.103;154.123;154.113;2;T;True;3
1621225043000;11553017;154.103;154.123;154.113;0;T;True;3
1621225044000;11553018;154.103;154.123;154.113;0;T;True;3
1621225045000;11553019;154.103;154.123;154.113;0;T;True;3
1621225046000;11553020;154.103;154.123;154.113;0;T;True;3
1621225047000;11553021;154.103;154.123;154.113;0;T;True;3
1621225048000;11553022;154.103;154.123;154.113;0;T;True;3
1621225049000;11553023;154.103;154.123;154.113;0;T;True;3
1621225050000;11553026;154.11;154.13;154.12;2;T;True;3
1621225051000;11553029;154.113;154.133;154.123;2;T;True;3
1621225052000;11553030;154.113;154.133;154.123;0;T;True;3
1621225053000;11553031;154.113;154.133;154.123;0;T;True;3
1621225054000;11553034;154.111;154.131;154.121;2;T;True;3
1621225055000;11553035;154.111;154.131;154.121;0;T;True;3
1621225056000;11553036;154.111;154.131;154.121;0;T;True;3
1621225057000;11553037;154.111;154.131;154.121;0;T;True;3
1621225058000;11553038;154.111;154.131;154.121;0;T;True;3
1621225059000;11553039;154.111;154.131;154.121;0;T;True;3
1621225060000;11553041;154.109;154.129;154.119;1;T;True;3
1621225061000;11553043;154.111;154.131;154.121;1;T;True;3
1621225062000;11553044;154.111;154.131;154.121;0;T;True;3
1621225063000;11553046;154.114;154.134;154.124;1;T;True;3
1621225064000;11553047;154.114;154.134;154.124;0;T;True;3
1621225065000;11553049;154.115;154.135;154.125;1;T;True;3
1621225066000;11553050;154.115;154.135;154.125;0;T;True;3
1621225067000;11553051;154.115;154.135;154.125;0;T;True;3
1621225068000;11553052;154.115;154.135;154.125;0;T;True;3
1621225069000;11553053;154.115;154.135;154.125;0;T;True;3
1621225070000;11553054;154.115;154.135;154.125;0;T;True;3
1621225071000;11553055;154.115;154.135;154.125;0;T;True;3
1621225072000;11553056;154.115;154.135;154.125;0;T;True;3
1621225073000;11553057;154.115;154.135;154.125;0;T;True;3
1621225074000;11553058;154.115;154.135;154.125;0;T;True;3
1621225075000;11553059;154.115;154.135;154.125;0;T;True;3
1621225076000;11553060;154.115;154.135;154.125;0;T;True;3
1621225077000;11553061;154.115;154.135;154.125;0;T;True;3
1621225078000;11553062;154.115;154.135;154.125;0;T;True;3
1621225079000;11553063;154.115;154.135;154.125;0;T;True;3
1621225080000;11553064;154.115;154.135;154.125;0;T;True;3
1621225081000;11553067;154.119;154.139;154.129;2;T;True;3
1621225082000;11553070;154.117;154.137;154.127;2;T;True;3
1621225083000;11553072;154.119;154.139;154.129;1;T;True;3
1621225084000;11553074;154.118;154.138;154.128;1;T;True;3
1621225085000;11553076;154.117;154.137;154.127;1;T;True;3
1621225086000;11553077;154.117;154.137;154.127;0;T;True;3
1621225087000;11553080;154.109;154.129;154.119;2;T;True;3
1621225088000;11553081;154.109;154.129;154.119;0;T;True;3
1621225089000;11553082;154.109;154.129;154.119;0;T;True;3
1621225090000;11553083;154.109;154.129;154.119;0;T;True;3
1621225091000;11553084;154.109;154.129;154.119;0;T;True;3
1621225092000;11553085;154.109;154.129;154.119;0;T;True;3
1621225093000;11553086;154.109;154.129;154.119;0;T;True;3
1621225094000;11553088;154.11;154.13;154.12;1;T;True;3
1621225095000;11553090;154.109;154.129;154.119;1;T;True;3
1621225096000;11553091;154.109;154.129;154.119;0;T;True;3
1621225097000;11553092;154.109;154.129;154.119;0;T;True;3
1621225098000;11553093;154.109;154.129;154.119;0;T;True;3
1621225099000;11553094;154.109;154.129;154.119;0;T;True;3
1621225100000;11553095;154.109;154.129;154.119;0;T;True;3
1621225101000;11553096;154.109;154.129;154.119;0;T;True;3
1621225102000;11553098;154.11;154.13;154.12;1;T;True;3
1621225103000;11553099;154.11;154.13;154.12;0;T;True;3
1621225104000;11553100;154.11;154.13;154.12;0;T;True;3
1621225105000;11553101;154.11;154.13;154.12;0;T;True;3
1621225106000;11553103;154.109;154.129;154.119;1;T;True;3
1621225107000;11553105;154.106;154.126;154.116;1;T;True;3
1621225108000;11553106;154.106;154.126;154.116;0;T;True;3
1621225109000;11553107;154.106;154.126;154.116;0;T;True;3
1621225110000;11553108;154.106;154.126;154.116;0;T;True;3
1621225111000;11553109;154.106;154.126;154.116;0;T;True;3
1621225112000;11553110;154.106;154.126;154.116;0;T;True;3
1621225113000;11553111;154.106;154.126;154.116;0;T;True;3
1621225114000;11553112;154.106;154.126;154.116;0;T;True;3
1621225115000;11553113;154.106;154.126;154.116;0;T;True;3
1621225116000;11553114;154.106;154.126;154.116;0;T;True;3
1621225117000;11553115;154.106;154.126;154.116;0;T;True;3
1621225118000;11553116;154.106;154.126;154.116;0;T;True;3
1621225119000;11553117;154.106;154.126;154.116;0;T;True;3
1621225120000;11553118;154.106;154.126;154.116;0;T;True;3
1621225121000;11553119;154.106;154.126;154.116;0;T;True;3
1621225122000;11553120;154.106;154.126;154.116;0;T;True;3
1621225123000;11553121;154.106;154.126;154.116;0;T;True;3
1621225124000;11553122;154.106;154.126;154.116;0;T;True;3
1621225125000;11553123;154.106;154.126;154.116;0;T;True;3
1621225126000;11553125;154.109;154.129;154.119;1;T;True;3
1621225127000;11553126;154.109;154.129;154.119;0;T;True;3
1621225128000;11553127;154.109;154.129;154.119;0;T;True;3
1621225129000;11553128;154.109;154.129;154.119;0;T;True;3
1621225130000;11553129;154.109;154.129;154.119;0;T;True;3
1621225131000;11553130;154.109;154.129;154.119;0;T;True;3
1621225132000;11553133;154.117;154.137;154.127;2;T;True;3
1621225133000;11553134;154.117;154.137;154.127;0;T;True;3
1621225134000;11553135;154.117;154.137;154.127;0;T;True;3
1621225135000;11553136;154.117;154.137;154.127;0;T;True;3
1621225136000;11553137;154.117;154.137;154.127;0;T;True;3
1621225137000;11553138;154.117;154.137;154.127;0;T;True;3
1621225138000;11553140;154.113;154.133;154.123;1;T;True;3
1621225139000;11553141;154.113;154.133;154.123;0;T;True;3
1621225140000;11553142;154.113;154.133;154.123;0;T;True;3
1621225141000;11553143;154.113;154.133;154.123;0;T;True;3
1621225142000;11553145;154.113;154.133;154.123;1;T;True;3
1621225143000;11553146;154.113;154.133;154.123;0;T;True;3
1621225144000;11553147;154.113;154.133;154.123;0;T;True;3
1621225145000;11553149;154.111;154.131;154.121;1;T;True;3
1621225146000;11553150;154.111;154.131;154.121;0;T;True;3
1621225147000;11553153;154.107;154.127;154.117;2;T;True;3
1621225148000;11553154;154.107;154.127;154.117;0;T;True;3
1621225149000;11553159;154.107;154.127;154.117;4;T;True;3
1621225150000;11553162;154.107;154.127;154.117;2;T;True;3
1621225151000;11553163;154.107;154.127;154.117;0;T;True;3
1621225152000;11553164;154.107;154.127;154.117;0;T;True;3
1621225153000;11553165;154.107;154.127;154.117;0;T;True;3
1621225154000;11553166;154.107;154.127;154.117;0;T;True;3
1621225155000;11553167;154.107;154.127;154.117;0;T;True;3
1621225156000;11553168;154.107;154.127;154.117;0;T;True;3
1621225157000;11553169;154.107;154.127;154.117;0;T;True;3
1621225158000;11553172;154.109;154.129;154.119;2;T;True;3
1621225159000;11553175;154.107;154.127;154.117;2;T;True;3
1621225160000;11553176;154.107;154.127;154.117;0;T;True;3
1621225161000;11553177;154.107;154.127;154.117;0;T;True;3
1621225162000;11553180;154.103;154.123;154.113;2;T;True;3
1621225163000;11553181;154.103;154.123;154.113;0;T;True;3
1621225164000;11553182;154.103;154.123;154.113;0;T;True;3
1621225165000;11553183;154.103;154.123;154.113;0;T;True;3
1621225166000;11553184;154.103;154.123;154.113;0;T;True;3
1621225167000;11553185;154.103;154.123;154.113;0;T;True;3
1621225168000;11553186;154.103;154.123;154.113;0;T;True;3
1621225169000;11553187;154.103;154.123;154.113;0;T;True;3
1621225170000;11553189;154.104;154.124;154.114;1;T;True;3
1621225171000;11553190;154.104;154.124;154.114;0;T;True;3
1621225172000;11553191;154.104;154.124;154.114;0;T;True;3
1621225173000;11553192;154.104;154.124;154.114;0;T;True;3
1621225174000;11553194;154.104;154.124;154.114;1;T;True;3
1621225175000;11553195;154.104;154.124;154.114;0;T;True;3
1621225176000;11553196;154.104;154.124;154.114;0;T;True;3
1621225177000;11553197;154.104;154.124;154.114;0;T;True;3
1621225178000;11553198;154.104;154.124;154.114;0;T;True;3
1621225179000;11553199;154.104;154.124;154.114;0;T;True;3
1621225180000;11553203;154.107;154.127;154.117;3;T;True;3
1621225181000;11553204;154.107;154.127;154.117;0;T;True;3
1621225182000;11553205;154.107;154.127;154.117;0;T;True;3
1621225183000;11553206;154.107;154.127;154.117;0;T;True;3
1621225184000;11553207;154.107;154.127;154.117;0;T;True;3
1621225185000;11553208;154.107;154.127;154.117;0;T;True;3
1621225186000;11553209;154.107;154.127;154.117;0;T;True;3
1621225187000;11553210;154.107;154.127;154.117;0;T;True;3
1621225188000;11553211;154.107;154.127;154.117;0;T;True;3
1621225189000;11553212;154.107;154.127;154.117;0;T;True;3
1621225190000;11553216;154.103;154.123;154.113;3;T;True;3
1621225191000;11553217;154.103;154.123;154.113;0;T;True;3
1621225192000;11553218;154.103;154.123;154.113;0;T;True;3
1621225193000;11553219;154.103;154.123;154.113;0;T;True;3
1621225194000;11553220;154.103;154.123;154.113;0;T;True;3
1621225195000;11553221;154.103;154.123;154.113;0;T;True;3
1621225196000;11553222;154.103;154.123;154.113;0;T;True;3
1621225197000;11553223;154.103;154.123;154.113;0;T;True;3
1621225198000;11553224;154.103;154.123;154.113;0;T;True;3
1621225199000;11553225;154.103;154.123;154.113;0;T;True;3
1621225200000;11553227;154.101;154.121;154.111;1;T;True;3
1621225201000;11553229;154.1;154.12;154.11;1;T;True;3
1621225202000;11553230;154.1;154.12;154.11;0;T;True;3
1621225203000;11553232;154.101;154.121;154.111;1;T;True;3
1621225204000;11553236;154.107;154.127;154.117;3;T;True;3
1621225205000;11553237;154.107;154.127;154.117;0;T;True;3
1621225206000;11553238;154.107;154.127;154.117;0;T;True;3
1621225207000;11553239;154.107;154.127;154.117;0;T;True;3
1621225208000;11553240;154.107;154.127;154.117;0;T;True;3
1621225209000;11553241;154.107;154.127;154.117;0;T;True;3
1621225210000;11553242;154.107;154.127;154.117;0;T;True;3
1621225211000;11553243;154.107;154.127;154.117;0;T;True;3
1621225212000;11553244;154.107;154.127;154.117;0;T;True;3
1621225213000;11553245;154.107;154.127;154.117;0;T;True;3
1621225214000;11553246;154.107;154.127;154.117;0;T;True;3
1621225215000;11553247;154.107;154.127;154.117;0;T;True;3
1621225216000;11553248;154.107;154.127;154.117;0;T;True;3
1621225217000;11553249;154.107;154.127;154.117;0;T;True;3
1621225218000;11553251;154.111;154.131;154.121;1;T;True;3
1621225219000;11553253;154.113;154.133;154.123;1;T;True;3
1621225220000;11553254;154.113;154.133;154.123;0;T;True;3
1621225221000;11553255;154.113;154.133;154.123;0;T;True;3
1621225222000;11553256;154.113;154.133;154.123;0;T;True;3
1621225223000;11553257;154.113;154.133;154.123;0;T;True;3
1621225224000;11553258;154.113;154.133;154.123;0;T;True;3
1621225225000;11553259;154.113;154.133;154.123;0;T;True;3
1621225226000;11553260;154.113;154.133;154.123;0;T;True;3
1621225227000;11553261;154.113;154.133;154.123;0;T;True;3
1621225228000;11553262;154.113;154.133;154.123;0;T;True;3
1621225229000;11553263;154.113;154.133;154.123;0;T;True;3
1621225230000;11553264;154.113;154.133;154.123;0;T;True;3
1621225231000;11553266;154.111;154.131;154.121;1;T;True;3
1621225232000;11553267;154.111;154.131;154.121;0;T;True;3
1621225233000;11553268;154.111;154.131;154.121;0;T;True;3
1621225234000;11553269;154.111;154.131;154.121;0;T;True;3
1621225235000;11553270;154.111;154.131;154.121;0;T;True;3
1621225236000;11553272;154.112;154.132;154.122;1;T;True;3
1621225237000;11553273;154.112;154.132;154.122;0;T;True;3
1621225238000;11553274;154.112;154.132;154.122;0;T;True;3
1621225239000;11553275;154.112;154.132;154.122;0;T;True;3
1621225240000;11553276;154.112;154.132;154.122;0;T;True;3
1621225241000;11553277;154.112;154.132;154.122;0;T;True;3
1621225242000;11553278;154.112;154.132;154.122;0;T;True;3
1621225243000;11553279;154.112;154.132;154.122;0;T;True;3
1621225244000;11553280;154.112;154.132;154.122;0;T;True;3
1621225245000;11553281;154.112;154.132;154.122;0;T;True;3
1621225246000;11553282;154.112;154.132;154.122;0;T;True;3
1621225247000;11553283;154.112;154.132;154.122;0;T;True;3
1621225248000;11553284;154.112;154.132;154.122;0;T;True;3
1621225249000;11553285;154.112;154.132;154.122;0;T;True;3
1621225250000;11553286;154.112;154.132;154.122;0;T;True;3
1621225251000;11553288;154.111;154.131;154.121;1;T;True;3
1621225252000;11553289;154.111;154.131;154.121;0;T;True;3
1621225253000;11553290;154.111;154.131;154.121;0;T;True;3
1621225254000;11553291;154.111;154.131;154.121;0;T;True;3
1621225255000;11553293;154.108;154.128;154.118;1;T;True;3
1621225256000;11553294;154.108;154.128;154.118;0;T;True;3
1621225257000;11553295;154.108;154.128;154.118;0;T;True;3
1621225258000;11553296;154.108;154.128;154.118;0;T;True;3
1621225259000;11553298;154.109;154.129;154.119;1;T;True;3
1621225260000;11553299;154.109;154.129;154.119;0;T;True;3
1621225261000;11553301;154.11;154.13;154.12;1;T;True;3
1621225262000;11553302;154.11;154.13;154.12;0;T;True;3
1621225263000;11553304;154.111;154.131;154.121;1;T;True;3
1621225264000;11553305;154.111;154.131;154.121;0;T;True;3
1621225265000;11553307;154.109;154.129;154.119;1;T;True;3
1621225266000;11553308;154.109;154.129;154.119;0;T;True;3
1621225267000;11553309;154.109;154.129;154.119;0;T;True;3
1621225268000;11553310;154.109;154.129;154.119;0;T;True;3
1621225269000;11553312;154.108;154.128;154.118;1;T;True;3
1621225270000;11553313;154.108;154.128;154.118;0;T;True;3
1621225271000;11553315;154.109;154.129;154.119;1;T;True;3
1621225272000;11553316;154.109;154.129;154.119;0;T;True;3
1621225273000;11553317;154.109;154.129;154.119;0;T;True;3
1621225274000;11553318;154.109;154.129;154.119;0;T;True;3
1621225275000;11553319;154.109;154.129;154.119;0;T;True;3
1621225276000;11553320;154.109;154.129;154.119;0;T;True;3
1621225277000;11553321;154.109;154.129;154.119;0;T;True;3
1621225278000;11553322;154.109;154.129;154.119;0;T;True;3
1621225279000;11553323;154.109;154.129;154.119;0;T;True;3
1621225280000;11553324;154.109;154.129;154.119;0;T;True;3
1621225281000;11553325;154.109;154.129;154.119;0;T;True;3
1621225282000;11553326;154.109;154.129;154.119;0;T;True;3
1621225283000;11553327;154.109;154.129;154.119;0;T;True;3
1621225284000;11553330;154.107;154.127;154.117;2;T;True;3
1621225285000;11553331;154.107;154.127;154.117;0;T;True;3
1621225286000;11553332;154.107;154.127;154.117;0;T;True;3
1621225287000;11553333;154.107;154.127;154.117;0;T;True;3
1621225288000;11553334;154.107;154.127;154.117;0;T;True;3
1621225289000;11553335;154.107;154.127;154.117;0;T;True;3
1621225290000;11553336;154.107;154.127;154.117;0;T;True;3
1621225291000;11553337;154.107;154.127;154.117;0;T;True;3
1621225292000;11553339;154.105;154.125;154.115;1;T;True;3
1621225293000;11553340;154.105;154.125;154.115;0;T;True;3
1621225294000;11553341;154.105;154.125;154.115;0;T;True;3
1621225295000;11553342;154.105;154.125;154.115;0;T;True;3
1621225296000;11553343;154.105;154.125;154.115;0;T;True;3
1621225297000;11553344;154.105;154.125;154.115;0;T;True;3
1621225298000;11553345;154.105;154.125;154.115;0;T;True;3
1621225299000;11553346;154.105;154.125;154.115;0;T;True;3
1621225300000;11553347;154.105;154.125;154.115;0;T;True;3
1621225301000;11553349;154.104;154.124;154.114;1;T;True;3
1621225302000;11553350;154.104;154.124;154.114;0;T;True;3
1621225303000;11553352;154.103;154.123;154.113;1;T;True;3
1621225304000;11553353;154.103;154.123;154.113;0;T;True;3
1621225305000;11553354;154.103;154.123;154.113;0;T;True;3
1621225306000;11553355;154.103;154.123;154.113;0;T;True;3
1621225307000;11553357;154.101;154.121;154.111;1;T;True;3
1621225308000;11553358;154.101;154.121;154.111;0;T;True;3
1621225309000;11553359;154.101;154.121;154.111;0;T;True;3
1621225310000;11553360;154.101;154.121;154.111;0;T;True;3
1621225311000;11553361;154.101;154.121;154.111;0;T;True;3
1621225312000;11553362;154.101;154.121;154.111;0;T;True;3
1621225313000;11553363;154.101;154.121;154.111;0;T;True;3
1621225314000;11553364;154.101;154.121;154.111;0;T;True;3
1621225315000;11553366;154.1;154.12;154.11;1;T;True;3
1621225316000;11553368;154.099;154.119;154.109;1;T;True;3
1621225317000;11553369;154.099;154.119;154.109;0;T;True;3
1621225318000;11553370;154.099;154.119;154.109;0;T;True;3
1621225319000;11553371;154.099;154.119;154.109;0;T;True;3
1621225320000;11553372;154.099;154.119;154.109;0;T;True;3
1621225321000;11553373;154.099;154.119;154.109;0;T;True;3
1621225322000;11553375;154.098;154.118;154.108;1;T;True;3
1621225323000;11553376;154.098;154.118;154.108;0;T;True;3
1621225324000;11553377;154.098;154.118;154.108;0;T;True;3
1621225325000;11553378;154.098;154.118;154.108;0;T;True;3
1621225326000;11553379;154.098;154.118;154.108;0;T;True;3
1621225327000;11553380;154.098;154.118;154.108;0;T;True;3
1621225328000;11553383;154.101;154.121;154.111;2;T;True;3
1621225329000;11553384;154.101;154.121;154.111;0;T;True;3
1621225330000;11553385;154.101;154.121;154.111;0;T;True;3
1621225331000;11553386;154.101;154.121;154.111;0;T;True;3
1621225332000;11553387;154.101;154.121;154.111;0;T;True;3
1621225333000;11553388;154.101;154.121;154.111;0;T;True;3
1621225334000;11553390;154.1;154.12;154.11;1;T;True;3
1621225335000;11553391;154.1;154.12;154.11;0;T;True;3
1621225336000;11553392;154.1;154.12;154.11;0;T;True;3
1621225337000;11553393;154.1;154.12;154.11;0;T;True;3
1621225338000;11553394;154.1;154.12;154.11;0;T;True;3
1621225339000;11553395;154.1;154.12;154.11;0;T;True;3
1621225340000;11553396;154.1;154.12;154.11;0;T;True;3
1621225341000;11553397;154.1;154.12;154.11;0;T;True;3
1621225342000;11553398;154.1;154.12;154.11;0;T;True;3
1621225343000;11553400;154.099;154.119;154.109;1;T;True;3
1621225344000;11553402;154.1;154.12;154.11;1;T;True;3
1621225345000;11553404;154.099;154.119;154.109;1;T;True;3
1621225346000;11553405;154.099;154.119;154.109;0;T;True;3
1621225347000;11553407;154.1;154.12;154.11;1;T;True;3
1621225348000;11553409;154.099;154.119;154.109;1;T;True;3
1621225349000;11553410;154.099;154.119;154.109;0;T;True;3
1621225350000;11553414;154.1;154.12;154.11;3;T;True;3
1621225351000;11553415;154.1;154.12;154.11;0;T;True;3
1621225352000;11553416;154.1;154.12;154.11;0;T;True;3
1621225353000;11553418;154.099;154.119;154.109;1;T;True;3
1621225354000;11553419;154.099;154.119;154.109;0;T;True;3
1621225355000;11553420;154.099;154.119;154.109;0;T;True;3
1621225356000;11553421;154.099;154.119;154.109;0;T;True;3
1621225357000;11553422;154.099;154.119;154.109;0;T;True;3
1621225358000;11553423;154.099;154.119;154.109;0;T;True;3
1621225359000;11553424;154.099;154.119;154.109;0;T;True;3
1621225360000;11553425;154.099;154.119;154.109;0;T;True;3
1621225361000;11553426;154.099;154.119;154.109;0;T;True;3
1621225362000;11553427;154.099;154.119;154.109;0;T;True;3
1621225363000;11553428;154.099;154.119;154.109;0;T;True;3
1621225364000;11553430;154.098;154.118;154.108;1;T;True;3
1621225365000;11553433;154.098;154.118;154.108;2;T;True;3
1621225366000;11553434;154.098;154.118;154.108;0;T;True;3
1621225367000;11553436;154.099;154.119;154.109;1;T;True;3
1621225368000;11553437;154.099;154.119;154.109;0;T;True;3
1621225369000;11553439;154.098;154.118;154.108;1;T;True;3
1621225370000;11553440;154.098;154.118;154.108;0;T;True;3
1621225371000;11553443;154.098;154.118;154.108;2;T;True;3
1621225372000;11553444;154.098;154.118;154.108;0;T;True;3
1621225373000;11553447;154.098;154.118;154.108;2;T;True;3
1621225374000;11553449;154.099;154.119;154.109;1;T;True;3
1621225375000;11553451;154.098;154.118;154.108;1;T;True;3
1621225376000;11553453;154.099;154.119;154.109;1;T;True;3
1621225377000;11553455;154.101;154.121;154.111;1;T;True;3
1621225378000;11553456;154.101;154.121;154.111;0;T;True;3
1621225379000;11553457;154.101;154.121;154.111;0;T;True;3
1621225380000;11553458;154.101;154.121;154.111;0;T;True;3
1621225381000;11553459;154.101;154.121;154.111;0;T;True;3
1621225382000;11553460;154.101;154.121;154.111;0;T;True;3
1621225383000;11553461;154.101;154.121;154.111;0;T;True;3
1621225384000;11553462;154.101;154.121;154.111;0;T;True;3
1621225385000;11553463;154.101;154.121;154.111;0;T;True;3
1621225386000;11553464;154.101;154.121;154.111;0;T;True;3
1621225387000;11553465;154.101;154.121;154.111;0;T;True;3
1621225388000;11553466;154.101;154.121;154.111;0;T;True;3
1621225389000;11553467;154.101;154.121;154.111;0;T;True;3
1621225390000;11553468;154.101;154.121;154.111;0;T;True;3
1621225391000;11553469;154.101;154.121;154.111;0;T;True;3
1621225392000;11553470;154.101;154.121;154.111;0;T;True;3
1621225393000;11553471;154.101;154.121;154.111;0;T;True;3
1621225394000;11553472;154.101;154.121;154.111;0;T;True;3
1621225395000;11553473;154.101;154.121;154.111;0;T;True;3
1621225396000;11553474;154.101;154.121;154.111;0;T;True;3
1621225397000;11553475;154.101;154.121;154.111;0;T;True;3
1621225398000;11553476;154.101;154.121;154.111;0;T;True;3
1621225399000;11553477;154.101;154.121;154.111;0;T;True;3
1621225400000;11553478;154.101;154.121;154.111;0;T;True;3
1621225401000;11553479;154.101;154.121;154.111;0;T;True;3
1621225402000;11553480;154.101;154.121;154.111;0;T;True;3
1621225403000;11553481;154.101;154.121;154.111;0;T;True;3
1621225404000;11553482;154.101;154.121;154.111;0;T;True;3
1621225405000;11553483;154.101;154.121;154.111;0;T;True;3
1621225406000;11553484;154.101;154.121;154.111;0;T;True;3
1621225407000;11553485;154.101;154.121;154.111;0;T;True;3
1621225408000;11553486;154.101;154.121;154.111;0;T;True;3
1621225409000;11553487;154.101;154.121;154.111;0;T;True;3
1621225410000;11553488;154.101;154.121;154.111;0;T;True;3
1621225411000;11553489;154.101;154.121;154.111;0;T;True;3
1621225412000;11553490;154.101;154.121;154.111;0;T;True;3
1621225413000;11553491;154.101;154.121;154.111;0;T;True;3
1621225414000;11553492;154.101;154.121;154.111;0;T;True;3
1621225415000;11553493;154.101;154.121;154.111;0;T;True;3
1621225416000;11553494;154.101;154.121;154.111;0;T;True;3
1621225417000;11553495;154.101;154.121;154.111;0;T;True;3
1621225418000;11553496;154.101;154.121;154.111;0;T;True;3
1621225419000;11553497;154.101;154.121;154.111;0;T;True;3
1621225420000;11553498;154.101;154.121;154.111;0;T;True;3
1621225421000;11553499;154.101;154.121;154.111;0;T;True;3
1621225422000;11553500;154.101;154.121;154.111;0;T;True;3
1621225423000;11553501;154.101;154.121;154.111;0;T;True;3
1621225424000;11553502;154.101;154.121;154.111;0;T;True;3
1621225425000;11553503;154.101;154.121;154.111;0;T;True;3
1621225426000;11553504;154.101;154.121;154.111;0;T;True;3
1621225427000;11553505;154.101;154.121;154.111;0;T;True;3
1621225428000;11553506;154.101;154.121;154.111;0;T;True;3
1621225429000;11553507;154.101;154.121;154.111;0;T;True;3
1621225430000;11553508;154.101;154.121;154.111;0;T;True;3
1621225431000;11553509;154.101;154.121;154.111;0;T;True;3
1621225432000;11553511;154.097;154.117;154.107;1;T;True;3
1621225433000;11553512;154.097;154.117;154.107;0;T;True;3
1621225434000;11553513;154.097;154.117;154.107;0;T;True;3
1621225435000;11553514;154.097;154.117;154.107;0;T;True;3
1621225436000;11553515;154.097;154.117;154.107;0;T;True;3
1621225437000;11553516;154.097;154.117;154.107;0;T;True;3
1621225438000;11553517;154.097;154.117;154.107;0;T;True;3
1621225439000;11553518;154.097;154.117;154.107;0;T;True;3
1621225440000;11553519;154.097;154.117;154.107;0;T;True;3
1621225441000;11553520;154.097;154.117;154.107;0;T;True;3
1621225442000;11553521;154.097;154.117;154.107;0;T;True;3
1621225443000;11553522;154.097;154.117;154.107;0;T;True;3
1621225444000;11553523;154.097;154.117;154.107;0;T;True;3
1621225445000;11553525;154.095;154.115;154.105;1;T;True;3
1621225446000;11553526;154.095;154.115;154.105;0;T;True;3
1621225447000;11553527;154.095;154.115;154.105;0;T;True;3
1621225448000;11553530;154.091;154.111;154.101;2;T;True;3
1621225449000;11553531;154.091;154.111;154.101;0;T;True;3
1621225450000;11553532;154.091;154.111;154.101;0;T;True;3
1621225451000;11553533;154.091;154.111;154.101;0;T;True;3
1621225452000;11553535;154.09;154.11;154.1;1;T;True;3
1621225453000;11553536;154.09;154.11;154.1;0;T;True;3
1621225454000;11553537;154.09;154.11;154.1;0;T;True;3
1621225455000;11553538;154.09;154.11;154.1;0;T;True;3
1621225456000;11553539;154.09;154.11;154.1;0;T;True;3
1621225457000;11553540;154.09;154.11;154.1;0;T;True;3
1621225458000;11553541;154.09;154.11;154.1;0;T;True;3
1621225459000;11553542;154.09;154.11;154.1;0;T;True;3
1621225460000;11553543;154.09;154.11;154.1;0;T;True;3
1621225461000;11553544;154.09;154.11;154.1;0;T;True;3
1621225462000;11553545;154.09;154.11;154.1;0;T;True;3
1621225463000;11553546;154.09;154.11;154.1;0;T;True;3
1621225464000;11553547;154.09;154.11;154.1;0;T;True;3
1621225465000;11553548;154.09;154.11;154.1;0;T;True;3
1621225466000;11553549;154.09;154.11;154.1;0;T;True;3
1621225467000;11553550;154.09;154.11;154.1;0;T;True;3
1621225468000;11553553;154.092;154.112;154.102;2;T;True;3
1621225469000;11553554;154.092;154.112;154.102;0;T;True;3
1621225470000;11553555;154.092;154.112;154.102;0;T;True;3
1621225471000;11553557;154.093;154.113;154.103;1;T;True;3
1621225472000;11553558;154.093;154.113;154.103;0;T;True;3
1621225473000;11553560;154.095;154.115;154.105;1;T;True;3
1621225474000;11553561;154.095;154.115;154.105;0;T;True;3
1621225475000;11553562;154.095;154.115;154.105;0;T;True;3
1621225476000;11553563;154.095;154.115;154.105;0;T;True;3
1621225477000;11553564;154.095;154.115;154.105;0;T;True;3
1621225478000;11553565;154.095;154.115;154.105;0;T;True;3
1621225479000;11553568;154.095;154.115;154.105;2;T;True;3
1621225480000;11553569;154.095;154.115;154.105;0;T;True;3
1621225481000;11553570;154.095;154.115;154.105;0;T;True;3
1621225482000;11553571;154.095;154.115;154.105;0;T;True;3
1621225483000;11553572;154.095;154.115;154.105;0;T;True;3
1621225484000;11553573;154.095;154.115;154.105;0;T;True;3
1621225485000;11553574;154.095;154.115;154.105;0;T;True;3
1621225486000;11553575;154.095;154.115;154.105;0;T;True;3
1621225487000;11553576;154.095;154.115;154.105;0;T;True;3
1621225488000;11553577;154.095;154.115;154.105;0;T;True;3
1621225489000;11553578;154.095;154.115;154.105;0;T;True;3
1621225490000;11553579;154.095;154.115;154.105;0;T;True;3
1621225491000;11553581;154.093;154.113;154.103;1;T;True;3
1621225492000;11553583;154.095;154.115;154.105;1;T;True;3
1621225493000;11553584;154.095;154.115;154.105;0;T;True;3
1621225494000;11553586;154.093;154.113;154.103;1;T;True;3
1621225495000;11553587;154.093;154.113;154.103;0;T;True;3
1621225496000;11553588;154.093;154.113;154.103;0;T;True;3
1621225497000;11553589;154.093;154.113;154.103;0;T;True;3
1621225498000;11553590;154.093;154.113;154.103;0;T;True;3
1621225499000;11553591;154.093;154.113;154.103;0;T;True;3
1621225500000;11553592;154.093;154.113;154.103;0;T;True;3
1621225501000;11553593;154.093;154.113;154.103;0;T;True;3
1621225502000;11553594;154.093;154.113;154.103;0;T;True;3
1621225503000;11553595;154.093;154.113;154.103;0;T;True;3
1621225504000;11553596;154.093;154.113;154.103;0;T;True;3
1621225505000;11553597;154.093;154.113;154.103;0;T;True;3
1621225506000;11553598;154.093;154.113;154.103;0;T;True;3
1621225507000;11553599;154.093;154.113;154.103;0;T;True;3
1621225508000;11553600;154.093;154.113;154.103;0;T;True;3
1621225509000;11553601;154.093;154.113;154.103;0;T;True;3
1621225510000;11553602;154.093;154.113;154.103;0;T;True;3
1621225511000;11553603;154.093;154.113;154.103;0;T;True;3
1621225512000;11553606;154.09;154.11;154.1;2;T;True;3
1621225513000;11553607;154.09;154.11;154.1;0;T;True;3
1621225514000;11553609;154.089;154.109;154.099;1;T;True;3
1621225515000;11553611;154.09;154.11;154.1;1;T;True;3
1621225516000;11553612;154.09;154.11;154.1;0;T;True;3
1621225517000;11553613;154.09;154.11;154.1;0;T;True;3
1621225518000;11553617;154.086;154.106;154.096;3;T;True;3
1621225519000;11553619;154.084;154.104;154.094;1;T;True;3
1621225520000;11553620;154.084;154.104;154.094;0;T;True;3
1621225521000;11553621;154.084;154.104;154.094;0;T;True;3
1621225522000;11553622;154.084;154.104;154.094;0;T;True;3
1621225523000;11553623;154.084;154.104;154.094;0;T;True;3
1621225524000;11553624;154.084;154.104;154.094;0;T;True;3
1621225525000;11553625;154.084;154.104;154.094;0;T;True;3
1621225526000;11553626;154.084;154.104;154.094;0;T;True;3
1621225527000;11553627;154.084;154.104;154.094;0;T;True;3
1621225528000;11553628;154.084;154.104;154.094;0;T;True;3
1621225529000;11553630;154.083;154.103;154.093;1;T;True;3
1621225530000;11553633;154.081;154.101;154.091;2;T;True;3
1621225531000;11553635;154.08;154.1;154.09;1;T;True;3
1621225532000;11553636;154.08;154.1;154.09;0;T;True;3
1621225533000;11553637;154.08;154.1;154.09;0;T;True;3
1621225534000;11553638;154.08;154.1;154.09;0;T;True;3
1621225535000;11553639;154.08;154.1;154.09;0;T;True;3
1621225536000;11553640;154.08;154.1;154.09;0;T;True;3
1621225537000;11553641;154.08;154.1;154.09;0;T;True;3
1621225538000;11553642;154.08;154.1;154.09;0;T;True;3
1621225539000;11553643;154.08;154.1;154.09;0;T;True;3
1621225540000;11553644;154.08;154.1;154.09;0;T;True;3
1621225541000;11553645;154.08;154.1;154.09;0;T;True;3
1621225542000;11553648;154.077;154.097;154.087;2;T;True;3
1621225543000;11553649;154.077;154.097;154.087;0;T;True;3
1621225544000;11553650;154.077;154.097;154.087;0;T;True;3
1621225545000;11553652;154.076;154.096;154.086;1;T;True;3
1621225546000;11553653;154.076;154.096;154.086;0;T;True;3
1621225547000;11553654;154.076;154.096;154.086;0;T;True;3
1621225548000;11553655;154.076;154.096;154.086;0;T;True;3
1621225549000;11553656;154.076;154.096;154.086;0;T;True;3
1621225550000;11553657;154.076;154.096;154.086;0;T;True;3
1621225551000;11553658;154.076;154.096;154.086;0;T;True;3
1621225552000;11553661;154.077;154.097;154.087;2;T;True;3
1621225553000;11553664;154.077;154.097;154.087;2;T;True;3
1621225554000;11553665;154.077;154.097;154.087;0;T;True;3
1621225555000;11553666;154.077;154.097;154.087;0;T;True;3
1621225556000;11553667;154.077;154.097;154.087;0;T;True;3
1621225557000;11553668;154.077;154.097;154.087;0;T;True;3
1621225558000;11553669;154.077;154.097;154.087;0;T;True;3
1621225559000;11553670;154.077;154.097;154.087;0;T;True;3
1621225560000;11553671;154.077;154.097;154.087;0;T;True;3
1621225561000;11553672;154.077;154.097;154.087;0;T;True;3
1621225562000;11553673;154.077;154.097;154.087;0;T;True;3
1621225563000;11553675;154.076;154.096;154.086;1;T;True;3
1621225564000;11553676;154.076;154.096;154.086;0;T;True;3
1621225565000;11553677;154.076;154.096;154.086;0;T;True;3
1621225566000;11553678;154.076;154.096;154.086;0;T;True;3
1621225567000;11553679;154.076;154.096;154.086;0;T;True;3
1621225568000;11553680;154.076;154.096;154.086;0;T;True;3
1621225569000;11553681;154.076;154.096;154.086;0;T;True;3
1621225570000;11553682;154.076;154.096;154.086;0;T;True;3
1621225571000;11553683;154.076;154.096;154.086;0;T;True;3
1621225572000;11553684;154.076;154.096;154.086;0;T;True;3
1621225573000;11553686;154.077;154.097;154.087;1;T;True;3
1621225574000;11553687;154.077;154.097;154.087;0;T;True;3
1621225575000;11553688;154.077;154.097;154.087;0;T;True;3
1621225576000;11553691;154.081;154.101;154.091;2;T;True;3
1621225577000;11553692;154.081;154.101;154.091;0;T;True;3
1621225578000;11553693;154.081;154.101;154.091;0;T;True;3
1621225579000;11553694;154.081;154.101;154.091;0;T;True;3
1621225580000;11553695;154.081;154.101;154.091;0;T;True;3
1621225581000;11553696;154.081;154.101;154.091;0;T;True;3
1621225582000;11553697;154.081;154.101;154.091;0;T;True;3
1621225583000;11553698;154.081;154.101;154.091;0;T;True;3
1621225584000;11553699;154.081;154.101;154.091;0;T;True;3
1621225585000;11553703;154.084;154.104;154.094;3;T;True;3
1621225586000;11553704;154.084;154.104;154.094;0;T;True;3
1621225587000;11553705;154.084;154.104;154.094;0;T;True;3
1621225588000;11553706;154.084;154.104;154.094;0;T;True;3
1621225589000;11553707;154.084;154.104;154.094;0;T;True;3
1621225590000;11553708;154.084;154.104;154.094;0;T;True;3
1621225591000;11553710;154.083;154.103;154.093;1;T;True;3
1621225592000;11553711;154.083;154.103;154.093;0;T;True;3
