ts;n;bid;ask;value;volume;phase;round;active_id
1621241862000;11581325;154.048;154.068;154.058;0;T;True;3
1621241863000;11581326;154.048;154.068;154.058;0;T;True;3
1621241864000;11581327;154.048;154.068;154.058;0;T;True;3
1621241865000;11581328;154.048;154.068;154.058;0;T;True;3
1621241866000;11581329;154.048;154.068;154.058;0;T;True;3
1621241867000;11581330;154.048;154.068;154.058;0;T;True;3
1621241868000;11581331;154.048;154.068;154.058;0;T;True;3
1621241869000;11581334;154.046;154.066;154.056;2;T;True;3
1621241870000;11581336;154.044;154.064;154.054;1;T;True;3
1621241871000;11581337;154.044;154.064;154.054;0;T;True;3
1621241872000;11581338;154.044;154.064;154.054;0;T;True;3
1621241873000;11581339;154.044;154.064;154.054;0;T;True;3
1621241874000;11581341;154.043;154.063;154.053;1;T;True;3
1621241875000;11581342;154.043;154.063;154.053;0;T;True;3
1621241876000;11581343;154.043;154.063;154.053;0;T;True;3
1621241877000;11581344;154.043;154.063;154.053;0;T;True;3
1621241878000;11581346;154.042;154.062;154.052;1;T;True;3
1621241879000;11581347;154.042;154.062;154.052;0;T;True;3
1621241880000;11581348;154.042;154.062;154.052;0;T;True;3
1621241881000;11581350;154.041;154.061;154.051;1;T;True;3
1621241882000;11581352;154.042;154.062;154.052;1;T;True;3
1621241883000;11581354;154.041;154.061;154.051;1;T;True;3
1621241884000;11581355;154.041;154.061;154.051;0;T;True;3
1621241885000;11581356;154.041;154.061;154.051;0;T;True;3
1621241886000;11581357;154.041;154.061;154.051;0;T;True;3
1621241887000;11581358;154.041;154.061;154.051;0;T;True;3
1621241888000;11581359;154.041;154.061;154.051;0;T;True;3
1621241889000;11581360;154.041;154.061;154.051;0;T;True;3
1621241890000;11581361;154.041;154.061;154.051;0;T;True;3
1621241891000;11581362;154.041;154.061;154.051;0;T;True;3
1621241892000;11581363;154.041;154.061;154.051;0;T;True;3
1621241893000;11581364;154.041;154.061;154.051;0;T;True;3
1621241894000;11581367;154.043;154.063;154.053;2;T;True;3
1621241895000;11581369;154.053;154.073;154.063;1;T;True;3
1621241896000;11581370;154.053;154.073;154.063;0;T;True;3
1621241897000;11581371;154.053;154.073;154.063;0;T;True;3
1621241898000;11581378;154.043;154.063;154.053;6;T;True;3
1621241899000;11581380;154.045;154.065;154.055;1;T;True;3
1621241900000;11581381;154.045;154.065;154.055;0;T;True;3
1621241901000;11581382;154.045;154.065;154.055;0;T;True;3
1621241902000;11581383;154.045;154.065;154.055;0;T;True;3
1621241903000;11581384;154.045;154.065;154.055;0;T;True;3
1621241904000;11581386;154.046;154.066;154.056;1;T;True;3
1621241905000;11581387;154.046;154.066;154.056;0;T;True;3
1621241906000;11581392;154.04;154.06;154.05;4;T;True;3
1621241907000;11581393;154.04;154.06;154.05;0;T;True;3
1621241908000;11581394;154.04;154.06;154.05;0;T;True;3
1621241909000;11581400;154.036;154.056;154.046;5;T;True;3
1621241910000;11581402;154.038;154.058;154.048;1;T;True;3
1621241911000;11581404;154.037;154.057;154.047;1;T;True;3
1621241912000;11581405;154.037;154.057;154.047;0;T;True;3
1621241913000;11581407;154.038;154.058;154.048;1;T;True;3
1621241914000;11581408;154.038;154.058;154.048;0;T;True;3
1621241915000;11581409;154.038;154.058;154.048;0;T;True;3
1621241916000;11581410;154.038;154.058;154.048;0;T;True;3
1621241917000;11581411;154.038;154.058;154.048;0;T;True;3
1621241918000;11581412;154.038;154.058;154.048;0;T;True;3
1621241919000;11581413;154.038;154.058;154.048;0;T;True;3
1621241920000;11581414;154.038;154.058;154.048;0;T;True;3
1621241921000;11581416;154.037;154.057;154.047;1;T;True;3
1621241922000;11581417;154.037;154.057;154.047;0;T;True;3
1621241923000;11581418;154.037;154.057;154.047;0;T;True;3
1621241924000;11581421;154.041;154.061;154.051;2;T;True;3
1621241925000;11581423;154.042;154.062;154.052;1;T;True;3
1621241926000;11581424;154.042;154.062;154.052;0;T;True;3
1621241927000;11581425;154.042;154.062;154.052;0;T;True;3
1621241928000;11581426;154.042;154.062;154.052;0;T;True;3
1621241929000;11581431;154.049;154.069;154.059;4;T;True;3
1621241930000;11581437;154.056;154.076;154.066;5;T;True;3
1621241931000;11581440;154.053;154.073;154.063;2;T;True;3
1621241932000;11581441;154.053;154.073;154.063;0;T;True;3
1621241933000;11581442;154.053;154.073;154.063;0;T;True;3
1621241934000;11581443;154.053;154.073;154.063;0;T;True;3
1621241935000;11581449;154.053;154.073;154.063;5;T;True;3
1621241936000;11581450;154.053;154.073;154.063;0;T;True;3
1621241937000;11581454;154.057;154.077;154.067;3;T;True;3
1621241938000;11581456;154.06;154.08;154.07;1;T;True;3
1621241939000;11581458;154.059;154.079;154.069;1;T;True;3
1621241940000;11581461;154.056;154.076;154.066;2;T;True;3
1621241941000;11581463;154.055;154.075;154.065;1;T;True;3
1621241942000;11581467;154.051;154.071;154.061;3;T;True;3
1621241943000;11581472;154.037;154.057;154.047;4;T;True;3
1621241944000;11581475;154.033;154.053;154.043;2;T;True;3
1621241945000;11581476;154.033;154.053;154.043;0;T;True;3
1621241946000;11581478;154.037;154.057;154.047;1;T;True;3
1621241947000;11581480;154.039;154.059;154.049;1;T;True;3
1621241948000;11581482;154.037;154.057;154.047;1;T;True;3
1621241949000;11581483;154.037;154.057;154.047;0;T;True;3
1621241950000;11581485;154.031;154.051;154.041;1;T;True;3
1621241951000;11581486;154.031;154.051;154.041;0;T;True;3
1621241952000;11581493;154.03;154.05;154.04;6;T;True;3
1621241953000;11581501;154.035;154.055;154.045;7;T;True;3
1621241954000;11581503;154.034;154.054;154.044;1;T;True;3
1621241955000;11581505;154.033;154.053;154.043;1;T;True;3
1621241956000;11581509;154.035;154.055;154.045;3;T;True;3
1621241957000;11581511;154.031;154.051;154.041;1;T;True;3
1621241958000;11581514;154.035;154.055;154.045;2;T;True;3
1621241959000;11581515;154.035;154.055;154.045;0;T;True;3
1621241960000;11581518;154.04;154.06;154.05;2;T;True;3
1621241961000;11581521;154.039;154.059;154.049;2;T;True;3
1621241962000;11581524;154.037;154.057;154.047;2;T;True;3
1621241963000;11581525;154.037;154.057;154.047;0;T;True;3
1621241964000;11581527;154.035;154.055;154.045;1;T;True;3
1621241965000;11581528;154.035;154.055;154.045;0;T;True;3
1621241966000;11581529;154.035;154.055;154.045;0;T;True;3
1621241967000;11581531;154.036;154.056;154.046;1;T;True;3
1621241968000;11581534;154.033;154.053;154.043;2;T;True;3
1621241969000;11581538;154.033;154.053;154.043;3;T;True;3
1621241970000;11581539;154.033;154.053;154.043;0;T;True;3
1621241971000;11581544;154.039;154.059;154.049;4;T;True;3
1621241972000;11581545;154.039;154.059;154.049;0;T;True;3
1621241973000;11581546;154.039;154.059;154.049;0;T;True;3
1621241974000;11581548;154.041;154.061;154.051;1;T;True;3
1621241975000;11581551;154.037;154.057;154.047;2;T;True;3
1621241976000;11581552;154.037;154.057;154.047;0;T;True;3
1621241977000;11581553;154.037;154.057;154.047;0;T;True;3
1621241978000;11581555;154.034;154.054;154.044;1;T;True;3
1621241979000;11581557;154.033;154.053;154.043;1;T;True;3
1621241980000;11581559;154.031;154.051;154.041;1;T;True;3
1621241981000;11581561;154.032;154.052;154.042;1;T;True;3
1621241982000;11581562;154.032;154.052;154.042;0;T;True;3
1621241983000;11581563;154.032;154.052;154.042;0;T;True;3
1621241984000;11581566;154.035;154.055;154.045;2;T;True;3
1621241985000;11581569;154.037;154.057;154.047;2;T;True;3
1621241986000;11581571;154.041;154.061;154.051;1;T;True;3
1621241987000;11581572;154.041;154.061;154.051;0;T;True;3
1621241988000;11581573;154.041;154.061;154.051;0;T;True;3
1621241989000;11581574;154.041;154.061;154.051;0;T;True;3
1621241990000;11581575;154.041;154.061;154.051;0;T;True;3
1621241991000;11581576;154.041;154.061;154.051;0;T;True;3
1621241992000;11581577;154.041;154.061;154.051;0;T;True;3
1621241993000;11581579;154.04;154.06;154.05;1;T;True;3
1621241994000;11581580;154.04;154.06;154.05;0;T;True;3
1621241995000;11581582;154.041;154.061;154.051;1;T;True;3
1621241996000;11581583;154.041;154.061;154.051;0;T;True;3
1621241997000;11581585;154.043;154.063;154.053;1;T;True;3
1621241998000;11581586;154.043;154.063;154.053;0;T;True;3
1621241999000;11581592;154.047;154.067;154.057;5;T;True;3
1621242000000;11581593;154.047;154.067;154.057;0;T;True;3
1621242001000;11581596;154.047;154.067;154.057;2;T;True;3
1621242002000;11581599;154.05;154.07;154.06;2;T;True;3
1621242003000;11581602;154.051;154.071;154.061;2;T;True;3
1621242004000;11581605;154.053;154.073;154.063;2;T;True;3
1621242005000;11581606;154.053;154.073;154.063;0;T;True;3
1621242006000;11581607;154.053;154.073;154.063;0;T;True;3
1621242007000;11581608;154.053;154.073;154.063;0;T;True;3
1621242008000;11581609;154.053;154.073;154.063;0;T;True;3
1621242009000;11581610;154.053;154.073;154.063;0;T;True;3
1621242010000;11581611;154.053;154.073;154.063;0;T;True;3
1621242011000;11581613;154.051;154.071;154.061;1;T;True;3
1621242012000;11581616;154.048;154.068;154.058;2;T;True;3
1621242013000;11581617;154.048;154.068;154.058;0;T;True;3
1621242014000;11581618;154.048;154.068;154.058;0;T;True;3
1621242015000;11581619;154.048;154.068;154.058;0;T;True;3
1621242016000;11581620;154.048;154.068;154.058;0;T;True;3
1621242017000;11581621;154.048;154.068;154.058;0;T;True;3
1621242018000;11581623;154.046;154.066;154.056;1;T;True;3
1621242019000;11581624;154.046;154.066;154.056;0;T;True;3
1621242020000;11581625;154.046;154.066;154.056;0;T;True;3
1621242021000;11581626;154.046;154.066;154.056;0;T;True;3
1621242022000;11581628;154.045;154.065;154.055;1;T;True;3
1621242023000;11581630;154.046;154.066;154.056;1;T;True;3
1621242024000;11581634;154.053;154.073;154.063;3;T;True;3
1621242025000;11581635;154.053;154.073;154.063;0;T;True;3
1621242026000;11581636;154.053;154.073;154.063;0;T;True;3
1621242027000;11581637;154.053;154.073;154.063;0;T;True;3
1621242028000;11581644;154.058;154.078;154.068;6;T;True;3
1621242029000;11581645;154.058;154.078;154.068;0;T;True;3
1621242030000;11581646;154.058;154.078;154.068;0;T;True;3
1621242031000;11581647;154.058;154.078;154.068;0;T;True;3
1621242032000;11581650;154.055;154.075;154.065;2;T;True;3
1621242033000;11581651;154.055;154.075;154.065;0;T;True;3
1621242034000;11581652;154.055;154.075;154.065;0;T;True;3
1621242035000;11581655;154.051;154.071;154.061;2;T;True;3
1621242036000;11581656;154.051;154.071;154.061;0;T;True;3
1621242037000;11581657;154.051;154.071;154.061;0;T;True;3
1621242038000;11581658;154.051;154.071;154.061;0;T;True;3
1621242039000;11581659;154.051;154.071;154.061;0;T;True;3
1621242040000;11581660;154.051;154.071;154.061;0;T;True;3
1621242041000;11581662;154.05;154.07;154.06;1;T;True;3
1621242042000;11581663;154.05;154.07;154.06;0;T;True;3
1621242043000;11581664;154.05;154.07;154.06;0;T;True;3
1621242044000;11581665;154.05;154.07;154.06;0;T;True;3
1621242045000;11581666;154.05;154.07;154.06;0;T;True;3
1621242046000;11581667;154.05;154.07;154.06;0;T;True;3
1621242047000;11581668;154.05;154.07;154.06;0;T;True;3
1621242048000;11581669;154.05;154.07;154.06;0;T;True;3
1621242049000;11581670;154.05;154.07;154.06;0;T;True;3
1621242050000;11581675;154.052;154.072;154.062;4;T;True;3
1621242051000;11581677;154.053;154.073;154.063;1;T;True;3
1621242052000;11581678;154.053;154.073;154.063;0;T;True;3
1621242053000;11581679;154.053;154.073;154.063;0;T;True;3
1621242054000;11581680;154.053;154.073;154.063;0;T;True;3
1621242055000;11581681;154.053;154.073;154.063;0;T;True;3
1621242056000;11581682;154.053;154.073;154.063;0;T;True;3
1621242057000;11581683;154.053;154.073;154.063;0;T;True;3
1621242058000;11581685;154.05;154.07;154.06;1;T;True;3
1621242059000;11581687;154.051;154.071;154.061;1;T;True;3
1621242060000;11581688;154.051;154.071;154.061;0;T;True;3
1621242061000;11581689;154.051;154.071;154.061;0;T;True;3
1621242062000;11581690;154.051;154.071;154.061;0;T;True;3
1621242063000;11581691;154.051;154.071;154.061;0;T;True;3
1621242064000;11581692;154.051;154.071;154.061;0;T;True;3
1621242065000;11581693;154.051;154.071;154.061;0;T;True;3
1621242066000;11581694;154.051;154.071;154.061;0;T;True;3
1621242067000;11581695;154.051;154.071;154.061;0;T;True;3
1621242068000;11581697;154.049;154.069;154.059;1;T;True;3
1621242069000;11581698;154.049;154.069;154.059;0;T;True;3
1621242070000;11581700;154.048;154.068;154.058;1;T;True;3
1621242071000;11581702;154.047;154.067;154.057;1;T;True;3
1621242072000;11581703;154.047;154.067;154.057;0;T;True;3
1621242073000;11581705;154.048;154.068;154.058;1;T;True;3
1621242074000;11581707;154.051;154.071;154.061;1;T;True;3
1621242075000;11581708;154.051;154.071;154.061;0;T;True;3
1621242076000;11581709;154.051;154.071;154.061;0;T;True;3
1621242077000;11581710;154.051;154.071;154.061;0;T;True;3
1621242078000;11581712;154.049;154.069;154.059;1;T;True;3
1621242079000;11581713;154.049;154.069;154.059;0;T;True;3
1621242080000;11581714;154.049;154.069;154.059;0;T;True;3
1621242081000;11581716;154.05;154.07;154.06;1;T;True;3
1621242082000;11581717;154.05;154.07;154.06;0;T;True;3
1621242083000;11581718;154.05;154.07;154.06;0;T;True;3
1621242084000;11581719;154.05;154.07;154.06;0;T;True;3
1621242085000;11581720;154.05;154.07;154.06;0;T;True;3
1621242086000;11581722;154.049;154.069;154.059;1;T;True;3
1621242087000;11581723;154.049;154.069;154.059;0;T;True;3
1621242088000;11581724;154.049;154.069;154.059;0;T;True;3
1621242089000;11581725;154.049;154.069;154.059;0;T;True;3
1621242090000;11581730;154.056;154.076;154.066;4;T;True;3
1621242091000;11581731;154.056;154.076;154.066;0;T;True;3
1621242092000;11581732;154.056;154.076;154.066;0;T;True;3
1621242093000;11581733;154.056;154.076;154.066;0;T;True;3
1621242094000;11581734;154.056;154.076;154.066;0;T;True;3
1621242095000;11581735;154.056;154.076;154.066;0;T;True;3
1621242096000;11581737;154.055;154.075;154.065;1;T;True;3
1621242097000;11581738;154.055;154.075;154.065;0;T;True;3
1621242098000;11581740;154.057;154.077;154.067;1;T;True;3
1621242099000;11581742;154.055;154.075;154.065;1;T;True;3
1621242100000;11581745;154.051;154.071;154.061;2;T;True;3
1621242101000;11581746;154.051;154.071;154.061;0;T;True;3
1621242102000;11581747;154.051;154.071;154.061;0;T;True;3
1621242103000;11581750;154.051;154.071;154.061;2;T;True;3
1621242104000;11581751;154.051;154.071;154.061;0;T;True;3
1621242105000;11581757;154.065;154.085;154.075;5;T;True;3
1621242106000;11581760;154.061;154.081;154.071;2;T;True;3
1621242107000;11581761;154.061;154.081;154.071;0;T;True;3
1621242108000;11581764;154.065;154.085;154.075;2;T;True;3
1621242109000;11581765;154.065;154.085;154.075;0;T;True;3
1621242110000;11581768;154.065;154.085;154.075;2;T;True;3
1621242111000;11581769;154.065;154.085;154.075;0;T;True;3
1621242112000;11581772;154.061;154.081;154.071;2;T;True;3
1621242113000;11581773;154.061;154.081;154.071;0;T;True;3
1621242114000;11581774;154.061;154.081;154.071;0;T;True;3
1621242115000;11581775;154.061;154.081;154.071;0;T;True;3
1621242116000;11581780;154.06;154.08;154.07;4;T;True;3
1621242117000;11581781;154.06;154.08;154.07;0;T;True;3
1621242118000;11581782;154.06;154.08;154.07;0;T;True;3
1621242119000;11581784;154.059;154.079;154.069;1;T;True;3
1621242120000;11581785;154.059;154.079;154.069;0;T;True;3
1621242121000;11581786;154.059;154.079;154.069;0;T;True;3
1621242122000;11581787;154.059;154.079;154.069;0;T;True;3
1621242123000;11581788;154.059;154.079;154.069;0;T;True;3
1621242124000;11581793;154.059;154.079;154.069;4;T;True;3
1621242125000;11581794;154.059;154.079;154.069;0;T;True;3
1621242126000;11581795;154.059;154.079;154.069;0;T;True;3
1621242127000;11581796;154.059;154.079;154.069;0;T;True;3
1621242128000;11581797;154.059;154.079;154.069;0;T;True;3
1621242129000;11581798;154.059;154.079;154.069;0;T;True;3
1621242130000;11581799;154.059;154.079;154.069;0;T;True;3
1621242131000;11581800;154.059;154.079;154.069;0;T;True;3
1621242132000;11581803;154.058;154.078;154.068;2;T;True;3
1621242133000;11581804;154.058;154.078;154.068;0;T;True;3
1621242134000;11581805;154.058;154.078;154.068;0;T;True;3
1621242135000;11581810;154.053;154.073;154.063;4;T;True;3
1621242136000;11581811;154.053;154.073;154.063;0;T;True;3
1621242137000;11581813;154.051;154.071;154.061;1;T;True;3
1621242138000;11581816;154.049;154.069;154.059;2;T;True;3
1621242139000;11581817;154.049;154.069;154.059;0;T;True;3
1621242140000;11581818;154.049;154.069;154.059;0;T;True;3
1621242141000;11581820;154.048;154.068;154.058;1;T;True;3
1621242142000;11581826;154.042;154.062;154.052;5;T;True;3
1621242143000;11581827;154.042;154.062;154.052;0;T;True;3
1621242144000;11581828;154.042;154.062;154.052;0;T;True;3
1621242145000;11581829;154.042;154.062;154.052;0;T;True;3
1621242146000;11581830;154.042;154.062;154.052;0;T;True;3
1621242147000;11581831;154.042;154.062;154.052;0;T;True;3
1621242148000;11581835;154.046;154.066;154.056;3;T;True;3
1621242149000;11581836;154.046;154.066;154.056;0;T;True;3
1621242150000;11581841;154.034;154.054;154.044;4;T;True;3
1621242151000;11581842;154.034;154.054;154.044;0;T;True;3
1621242152000;11581843;154.034;154.054;154.044;0;T;True;3
1621242153000;11581844;154.034;154.054;154.044;0;T;True;3
1621242154000;11581846;154.035;154.055;154.045;1;T;True;3
1621242155000;11581848;154.037;154.057;154.047;1;T;True;3
1621242156000;11581849;154.037;154.057;154.047;0;T;True;3
1621242157000;11581851;154.035;154.055;154.045;1;T;True;3
1621242158000;11581853;154.036;154.056;154.046;1;T;True;3
1621242159000;11581854;154.036;154.056;154.046;0;T;True;3
1621242160000;11581855;154.036;154.056;154.046;0;T;True;3
1621242161000;11581856;154.036;154.056;154.046;0;T;True;3
1621242162000;11581857;154.036;154.056;154.046;0;T;True;3
1621242163000;11581860;154.037;154.057;154.047;2;T;True;3
1621242164000;11581861;154.037;154.057;154.047;0;T;True;3
1621242165000;11581863;154.038;154.058;154.048;1;T;True;3
1621242166000;11581864;154.038;154.058;154.048;0;T;True;3
1621242167000;11581865;154.038;154.058;154.048;0;T;True;3
1621242168000;11581866;154.038;154.058;154.048;0;T;True;3
1621242169000;11581867;154.038;154.058;154.048;0;T;True;3
1621242170000;11581868;154.038;154.058;154.048;0;T;True;3
1621242171000;11581869;154.038;154.058;154.048;0;T;True;3
1621242172000;11581871;154.037;154.057;154.047;1;T;True;3
1621242173000;11581875;154.039;154.059;154.049;3;T;True;3
1621242174000;11581877;154.037;154.057;154.047;1;T;True;3
1621242175000;11581878;154.037;154.057;154.047;0;T;True;3
1621242176000;11581879;154.037;154.057;154.047;0;T;True;3
1621242177000;11581882;154.043;154.063;154.053;2;T;True;3
1621242178000;11581883;154.043;154.063;154.053;0;T;True;3
1621242179000;11581884;154.043;154.063;154.053;0;T;True;3
1621242180000;11581885;154.043;154.063;154.053;0;T;True;3
1621242181000;11581886;154.043;154.063;154.053;0;T;True;3
1621242182000;11581888;154.045;154.065;154.055;1;T;True;3
1621242183000;11581889;154.045;154.065;154.055;0;T;True;3
1621242184000;11581890;154.045;154.065;154.055;0;T;True;3
1621242185000;11581891;154.045;154.065;154.055;0;T;True;3
1621242186000;11581892;154.045;154.065;154.055;0;T;True;3
1621242187000;11581893;154.045;154.065;154.055;0;T;True;3
1621242188000;11581894;154.045;154.065;154.055;0;T;True;3
1621242189000;11581895;154.045;154.065;154.055;0;T;True;3
1621242190000;11581896;154.045;154.065;154.055;0;T;True;3
1621242191000;11581897;154.045;154.065;154.055;0;T;True;3
1621242192000;11581898;154.045;154.065;154.055;0;T;True;3
1621242193000;11581899;154.045;154.065;154.055;0;T;True;3
1621242194000;11581900;154.045;154.065;154.055;0;T;True;3
1621242195000;11581901;154.045;154.065;154.055;0;T;True;3
1621242196000;11581902;154.045;154.065;154.055;0;T;True;3
1621242197000;11581903;154.045;154.065;154.055;0;T;True;3
1621242198000;11581904;154.045;154.065;154.055;0;T;True;3
1621242199000;11581905;154.045;154.065;154.055;0;T;True;3
1621242200000;11581906;154.045;154.065;154.055;0;T;True;3
1621242201000;11581907;154.045;154.065;154.055;0;T;True;3
1621242202000;11581908;154.045;154.065;154.055;0;T;True;3
1621242203000;11581909;154.045;154.065;154.055;0;T;True;3
1621242204000;11581910;154.045;154.065;154.055;0;T;True;3
1621242205000;11581911;154.045;154.065;154.055;0;T;True;3
1621242206000;11581913;154.047;154.067;154.057;1;T;True;3
1621242207000;11581914;154.047;154.067;154.057;0;T;True;3
1621242208000;11581916;154.048;154.068;154.058;1;T;True;3
1621242209000;11581920;154.053;154.073;154.063;3;T;True;3
1621242210000;11581923;154.047;154.067;154.057;2;T;True;3
1621242211000;11581924;154.047;154.067;154.057;0;T;True;3
1621242212000;11581925;154.047;154.067;154.057;0;T;True;3
1621242213000;11581926;154.047;154.067;154.057;0;T;True;3
1621242214000;11581928;154.049;154.069;154.059;1;T;True;3
1621242215000;11581929;154.049;154.069;154.059;0;T;True;3
1621242216000;11581930;154.049;154.069;154.059;0;T;True;3
1621242217000;11581932;154.047;154.067;154.057;1;T;True;3
1621242218000;11581933;154.047;154.067;154.057;0;T;True;3
1621242219000;11581934;154.047;154.067;154.057;0;T;True;3
1621242220000;11581937;154.047;154.067;154.057;2;T;True;3
1621242221000;11581938;154.047;154.067;154.057;0;T;True;3
1621242222000;11581939;154.047;154.067;154.057;0;T;True;3
1621242223000;11581940;154.047;154.067;154.057;0;T;True;3
1621242224000;11581941;154.047;154.067;154.057;0;T;True;3
1621242225000;11581944;154.047;154.067;154.057;2;T;True;3
1621242226000;11581947;154.047;154.067;154.057;2;T;True;3
1621242227000;11581948;154.047;154.067;154.057;0;T;True;3
1621242228000;11581950;154.048;154.068;154.058;1;T;True;3
1621242229000;11581952;154.049;154.069;154.059;1;T;True;3
1621242230000;11581953;154.049;154.069;154.059;0;T;True;3
1621242231000;11581956;154.046;154.066;154.056;2;T;True;3
1621242232000;11581957;154.046;154.066;154.056;0;T;True;3
1621242233000;11581958;154.046;154.066;154.056;0;T;True;3
1621242234000;11581959;154.046;154.066;154.056;0;T;True;3
1621242235000;11581960;154.046;154.066;154.056;0;T;True;3
1621242236000;11581962;154.045;154.065;154.055;1;T;True;3
1621242237000;11581965;154.052;154.072;154.062;2;T;True;3
1621242238000;11581969;154.048;154.068;154.058;3;T;True;3
1621242239000;11581970;154.048;154.068;154.058;0;T;True;3
1621242240000;11581973;154.051;154.071;154.061;2;T;True;3
1621242241000;11581974;154.051;154.071;154.061;0;T;True;3
1621242242000;11581975;154.051;154.071;154.061;0;T;True;3
1621242243000;11581976;154.051;154.071;154.061;0;T;True;3
1621242244000;11581981;154.037;154.057;154.047;4;T;True;3
1621242245000;11581982;154.037;154.057;154.047;0;T;True;3
1621242246000;11581984;154.039;154.059;154.049;1;T;True;3
1621242247000;11581985;154.039;154.059;154.049;0;T;True;3
1621242248000;11581986;154.039;154.059;154.049;0;T;True;3
1621242249000;11581988;154.038;154.058;154.048;1;T;True;3
1621242250000;11581989;154.038;154.058;154.048;0;T;True;3
1621242251000;11581992;154.039;154.059;154.049;2;T;True;3
1621242252000;11581993;154.039;154.059;154.049;0;T;True;3
1621242253000;11581994;154.039;154.059;154.049;0;T;True;3
1621242254000;11581995;154.039;154.059;154.049;0;T;True;3
1621242255000;11581996;154.039;154.059;154.049;0;T;True;3
1621242256000;11581997;154.039;154.059;154.049;0;T;True;3
1621242257000;11581998;154.039;154.059;154.049;0;T;True;3
1621242258000;11582003;154.037;154.057;154.047;4;T;True;3
1621242259000;11582004;154.037;154.057;154.047;0;T;True;3
1621242260000;11582008;154.046;154.066;154.056;3;T;True;3
1621242261000;11582011;154.051;154.071;154.061;2;T;True;3
1621242262000;11582014;154.049;154.069;154.059;2;T;True;3
1621242263000;11582015;154.049;154.069;154.059;0;T;True;3
1621242264000;11582016;154.049;154.069;154.059;0;T;True;3
1621242265000;11582017;154.049;154.069;154.059;0;T;True;3
1621242266000;11582019;154.047;154.067;154.057;1;T;True;3
1621242267000;11582020;154.047;154.067;154.057;0;T;True;3
1621242268000;11582024;154.043;154.063;154.053;3;T;True;3
1621242269000;11582027;154.045;154.065;154.055;2;T;True;3
1621242270000;11582029;154.046;154.066;154.056;1;T;True;3
1621242271000;11582030;154.046;154.066;154.056;0;T;True;3
1621242272000;11582032;154.047;154.067;154.057;1;T;True;3
1621242273000;11582033;154.047;154.067;154.057;0;T;True;3
1621242274000;11582035;154.046;154.066;154.056;1;T;True;3
1621242275000;11582036;154.046;154.066;154.056;0;T;True;3
1621242276000;11582037;154.046;154.066;154.056;0;T;True;3
1621242277000;11582040;154.044;154.064;154.054;2;T;True;3
1621242278000;11582041;154.044;154.064;154.054;0;T;True;3
1621242279000;11582042;154.044;154.064;154.054;0;T;True;3
1621242280000;11582043;154.044;154.064;154.054;0;T;True;3
1621242281000;11582045;154.043;154.063;154.053;1;T;True;3
1621242282000;11582046;154.043;154.063;154.053;0;T;True;3
1621242283000;11582047;154.043;154.063;154.053;0;T;True;3
1621242284000;11582049;154.042;154.062;154.052;1;T;True;3
1621242285000;11582054;154.037;154.057;154.047;4;T;True;3
1621242286000;11582056;154.036;154.056;154.046;1;T;True;3
1621242287000;11582057;154.036;154.056;154.046;0;T;True;3
1621242288000;11582058;154.036;154.056;154.046;0;T;True;3
1621242289000;11582059;154.036;154.056;154.046;0;T;True;3
1621242290000;11582060;154.036;154.056;154.046;0;T;True;3
1621242291000;11582061;154.036;154.056;154.046;0;T;True;3
1621242292000;11582062;154.036;154.056;154.046;0;T;True;3
1621242293000;11582063;154.036;154.056;154.046;0;T;True;3
1621242294000;11582065;154.037;154.057;154.047;1;T;True;3
1621242295000;11582066;154.037;154.057;154.047;0;T;True;3
1621242296000;11582068;154.039;154.059;154.049;1;T;True;3
1621242297000;11582069;154.039;154.059;154.049;0;T;True;3
1621242298000;11582070;154.039;154.059;154.049;0;T;True;3
1621242299000;11582071;154.039;154.059;154.049;0;T;True;3
1621242300000;11582072;154.039;154.059;154.049;0;T;True;3
1621242301000;11582073;154.039;154.059;154.049;0;T;True;3
1621242302000;11582074;154.039;154.059;154.049;0;T;True;3
1621242303000;11582076;154.037;154.057;154.047;1;T;True;3
1621242304000;11582079;154.027;154.047;154.037;2;T;True;3
1621242305000;11582080;154.027;154.047;154.037;0;T;True;3
1621242306000;11582081;154.027;154.047;154.037;0;T;True;3
1621242307000;11582082;154.027;154.047;154.037;0;T;True;3
1621242308000;11582083;154.027;154.047;154.037;0;T;True;3
1621242309000;11582085;154.025;154.045;154.035;1;T;True;3
1621242310000;11582087;154.023;154.043;154.033;1;T;True;3
1621242311000;11582089;154.026;154.046;154.036;1;T;True;3
1621242312000;11582091;154.025;154.045;154.035;1;T;True;3
1621242313000;11582093;154.023;154.043;154.033;1;T;True;3
1621242314000;11582094;154.023;154.043;154.033;0;T;True;3
1621242315000;11582095;154.023;154.043;154.033;0;T;True;3
1621242316000;11582096;154.023;154.043;154.033;0;T;True;3
1621242317000;11582097;154.023;154.043;154.033;0;T;True;3
1621242318000;11582098;154.023;154.043;154.033;0;T;True;3
1621242319000;11582100;154.022;154.042;154.032;1;T;True;3
1621242320000;11582102;154.02;154.04;154.03;1;T;True;3
1621242321000;11582103;154.02;154.04;154.03;0;T;True;3
1621242322000;11582105;154.021;154.041;154.031;1;T;True;3
1621242323000;11582106;154.021;154.041;154.031;0;T;True;3
1621242324000;11582107;154.021;154.041;154.031;0;T;True;3
1621242325000;11582108;154.021;154.041;154.031;0;T;True;3
1621242326000;11582110;154.022;154.042;154.032;1;T;True;3
1621242327000;11582111;154.022;154.042;154.032;0;T;True;3
1621242328000;11582112;154.022;154.042;154.032;0;T;True;3
1621242329000;11582115;154.025;154.045;154.035;2;T;True;3
1621242330000;11582116;154.025;154.045;154.035;0;T;True;3
1621242331000;11582117;154.025;154.045;154.035;0;T;True;3
1621242332000;11582118;154.025;154.045;154.035;0;T;True;3
1621242333000;11582119;154.025;154.045;154.035;0;T;True;3
1621242334000;11582120;154.025;154.045;154.035;0;T;True;3
1621242335000;11582121;154.025;154.045;154.035;0;T;True;3
1621242336000;11582122;154.025;154.045;154.035;0;T;True;3
1621242337000;11582125;154.025;154.045;154.035;2;T;True;3
1621242338000;11582126;154.025;154.045;154.035;0;T;True;3
1621242339000;11582127;154.025;154.045;154.035;0;T;True;3
1621242340000;11582128;154.025;154.045;154.035;0;T;True;3
1621242341000;11582131;154.031;154.051;154.041;2;T;True;3
1621242342000;11582132;154.031;154.051;154.041;0;T;True;3
1621242343000;11582133;154.031;154.051;154.041;0;T;True;3
1621242344000;11582134;154.031;154.051;154.041;0;T;True;3
1621242345000;11582135;154.031;154.051;154.041;0;T;True;3
1621242346000;11582138;154.029;154.049;154.039;2;T;True;3
1621242347000;11582139;154.029;154.049;154.039;0;T;True;3
1621242348000;11582140;154.029;154.049;154.039;0;T;True;3
1621242349000;11582141;154.029;154.049;154.039;0;T;True;3
1621242350000;11582142;154.029;154.049;154.039;0;T;True;3
1621242351000;11582143;154.029;154.049;154.039;0;T;True;3
1621242352000;11582144;154.029;154.049;154.039;0;T;True;3
1621242353000;11582145;154.029;154.049;154.039;0;T;True;3
1621242354000;11582148;154.029;154.049;154.039;2;T;True;3
1621242355000;11582149;154.029;154.049;154.039;0;T;True;3
1621242356000;11582150;154.029;154.049;154.039;0;T;True;3
1621242357000;11582151;154.029;154.049;154.039;0;T;True;3
1621242358000;11582152;154.029;154.049;154.039;0;T;True;3
1621242359000;11582155;154.029;154.049;154.039;2;T;True;3
1621242360000;11582157;154.031;154.051;154.041;1;T;True;3
1621242361000;11582159;154.029;154.049;154.039;1;T;True;3
1621242362000;11582161;154.028;154.048;154.038;1;T;True;3
1621242363000;11582163;154.029;154.049;154.039;1;T;True;3
1621242364000;11582164;154.029;154.049;154.039;0;T;True;3
1621242365000;11582168;154.023;154.043;154.033;3;T;True;3
1621242366000;11582169;154.023;154.043;154.033;0;T;True;3
1621242367000;11582170;154.023;154.043;154.033;0;T;True;3
1621242368000;11582171;154.023;154.043;154.033;0;T;True;3
1621242369000;11582173;154.025;154.045;154.035;1;T;True;3
1621242370000;11582174;154.025;154.045;154.035;0;T;True;3
1621242371000;11582175;154.025;154.045;154.035;0;T;True;3
1621242372000;11582176;154.025;154.045;154.035;0;T;True;3
1621242373000;11582177;154.025;154.045;154.035;0;T;True;3
1621242374000;11582179;154.027;154.047;154.037;1;T;True;3
1621242375000;11582181;154.025;154.045;154.035;1;T;True;3
1621242376000;11582182;154.025;154.045;154.035;0;T;True;3
1621242377000;11582186;154.025;154.045;154.035;3;T;True;3
1621242378000;11582187;154.025;154.045;154.035;0;T;True;3
1621242379000;11582188;154.025;154.045;154.035;0;T;True;3
1621242380000;11582191;154.023;154.043;154.033;2;T;True;3
1621242381000;11582192;154.023;154.043;154.033;0;T;True;3
1621242382000;11582193;154.023;154.043;154.033;0;T;True;3
1621242383000;11582196;154.027;154.047;154.037;2;T;True;3
1621242384000;11582199;154.028;154.048;154.038;2;T;True;3
1621242385000;11582201;154.029;154.049;154.039;1;T;True;3
1621242386000;11582202;154.029;154.049;154.039;0;T;True;3
1621242387000;11582203;154.029;154.049;154.039;0;T;True;3
1621242388000;11582204;154.029;154.049;154.039;0;T;True;3
1621242389000;11582206;154.031;154.051;154.041;1;T;True;3
1621242390000;11582207;154.031;154.051;154.041;0;T;True;3
1621242391000;11582208;154.031;154.051;154.041;0;T;True;3
1621242392000;11582209;154.031;154.051;154.041;0;T;True;3
1621242393000;11582212;154.035;154.055;154.045;2;T;True;3
1621242394000;11582216;154.029;154.049;154.039;3;T;True;3
1621242395000;11582219;154.033;154.053;154.043;2;T;True;3
1621242396000;11582221;154.034;154.054;154.044;1;T;True;3
1621242397000;11582222;154.034;154.054;154.044;0;T;True;3
1621242398000;11582223;154.034;154.054;154.044;0;T;True;3
1621242399000;11582225;154.033;154.053;154.043;1;T;True;3
1621242400000;11582226;154.033;154.053;154.043;0;T;True;3
1621242401000;11582227;154.033;154.053;154.043;0;T;True;3
1621242402000;11582228;154.033;154.053;154.043;0;T;True;3
1621242403000;11582229;154.033;154.053;154.043;0;T;True;3
1621242404000;11582230;154.033;154.053;154.043;0;T;True;3
1621242405000;11582231;154.033;154.053;154.043;0;T;True;3
1621242406000;11582233;154.035;154.055;154.045;1;T;True;3
1621242407000;11582234;154.035;154.055;154.045;0;T;True;3
1621242408000;11582235;154.035;154.055;154.045;0;T;True;3
1621242409000;11582237;154.037;154.057;154.047;1;T;True;3
1621242410000;11582238;154.037;154.057;154.047;0;T;True;3
1621242411000;11582239;154.037;154.057;154.047;0;T;True;3
1621242412000;11582244;154.043;154.063;154.053;4;T;True;3
1621242413000;11582247;154.037;154.057;154.047;2;T;True;3
1621242414000;11582248;154.037;154.057;154.047;0;T;True;3
1621242415000;11582250;154.039;154.059;154.049;1;T;True;3
1621242416000;11582251;154.039;154.059;154.049;0;T;True;3
1621242417000;11582252;154.039;154.059;154.049;0;T;True;3
1621242418000;11582253;154.039;154.059;154.049;0;T;True;3
1621242419000;11582259;154.047;154.067;154.057;5;T;True;3
1621242420000;11582260;154.047;154.067;154.057;0;T;True;3
1621242421000;11582261;154.047;154.067;154.057;0;T;True;3
1621242422000;11582262;154.047;154.067;154.057;0;T;True;3
1621242423000;11582264;154.048;154.068;154.058;1;T;True;3
1621242424000;11582265;154.048;154.068;154.058;0;T;True;3
1621242425000;11582266;154.048;154.068;154.058;0;T;True;3
1621242426000;11582267;154.048;154.068;154.058;0;T;True;3
1621242427000;11582269;154.049;154.069;154.059;1;T;True;3
1621242428000;11582270;154.049;154.069;154.059;0;T;True;3
1621242429000;11582272;154.051;154.071;154.061;1;T;True;3
1621242430000;11582273;154.051;154.071;154.061;0;T;True;3
1621242431000;11582274;154.051;154.071;154.061;0;T;True;3
1621242432000;11582277;154.053;154.073;154.063;2;T;True;3
1621242433000;11582278;154.053;154.073;154.063;0;T;True;3
1621242434000;11582280;154.055;154.075;154.065;1;T;True;3
1621242435000;11582281;154.055;154.075;154.065;0;T;True;3
1621242436000;11582282;154.055;154.075;154.065;0;T;True;3
1621242437000;11582285;154.053;154.073;154.063;2;T;True;3
1621242438000;11582288;154.054;154.074;154.064;2;T;True;3
1621242439000;11582289;154.054;154.074;154.064;0;T;True;3
1621242440000;11582291;154.053;154.073;154.063;1;T;True;3
1621242441000;11582292;154.053;154.073;154.063;0;T;True;3
1621242442000;11582294;154.051;154.071;154.061;1;T;True;3
1621242443000;11582295;154.051;154.071;154.061;0;T;True;3
1621242444000;11582296;154.051;154.071;154.061;0;T;True;3
1621242445000;11582298;154.049;154.069;154.059;1;T;True;3
1621242446000;11582299;154.049;154.069;154.059;0;T;True;3
1621242447000;11582300;154.049;154.069;154.059;0;T;True;3
1621242448000;11582301;154.049;154.069;154.059;0;T;True;3
1621242449000;11582303;154.051;154.071;154.061;1;T;True;3
1621242450000;11582304;154.051;154.071;154.061;0;T;True;3
1621242451000;11582305;154.051;154.071;154.061;0;T;True;3
1621242452000;11582306;154.051;154.071;154.061;0;T;True;3
1621242453000;11582307;154.051;154.071;154.061;0;T;True;3
1621242454000;11582308;154.051;154.071;154.061;0;T;True;3
1621242455000;11582310;154.052;154.072;154.062;1;T;True;3
1621242456000;11582312;154.053;154.073;154.063;1;T;True;3
1621242457000;11582314;154.055;154.075;154.065;1;T;True;3
1621242458000;11582315;154.055;154.075;154.065;0;T;True;3
1621242459000;11582316;154.055;154.075;154.065;0;T;True;3
1621242460000;11582317;154.055;154.075;154.065;0;T;True;3
1621242461000;11582318;154.055;154.075;154.065;0;T;True;3
1621242462000;11582319;154.055;154.075;154.065;0;T;True;3
1621242463000;11582320;154.055;154.075;154.065;0;T;True;3
1621242464000;11582322;154.052;154.072;154.062;1;T;True;3
1621242465000;11582323;154.052;154.072;154.062;0;T;True;3
1621242466000;11582327;154.053;154.073;154.063;3;T;True;3
1621242467000;11582329;154.051;154.071;154.061;1;T;True;3
1621242468000;11582330;154.051;154.071;154.061;0;T;True;3
1621242469000;11582332;154.05;154.07;154.06;1;T;True;3
1621242470000;11582338;154.036;154.056;154.046;5;T;True;3
1621242471000;11582341;154.036;154.056;154.046;2;T;True;3
1621242472000;11582343;154.037;154.057;154.047;1;T;True;3
1621242473000;11582344;154.037;154.057;154.047;0;T;True;3
1621242474000;11582346;154.039;154.059;154.049;1;T;True;3
1621242475000;11582347;154.039;154.059;154.049;0;T;True;3
1621242476000;11582348;154.039;154.059;154.049;0;T;True;3
1621242477000;11582349;154.039;154.059;154.049;0;T;True;3
1621242478000;11582355;154.061;154.081;154.071;5;T;True;3
1621242479000;11582357;154.062;154.082;154.072;1;T;True;3
1621242480000;11582361;154.059;154.079;154.069;3;T;True;3
1621242481000;11582363;154.06;154.08;154.07;1;T;True;3
1621242482000;11582365;154.057;154.077;154.067;1;T;True;3
1621242483000;11582367;154.056;154.076;154.066;1;T;True;3
1621242484000;11582368;154.056;154.076;154.066;0;T;True;3
1621242485000;11582369;154.056;154.076;154.066;0;T;True;3
1621242486000;11582370;154.056;154.076;154.066;0;T;True;3
1621242487000;11582372;154.057;154.077;154.067;1;T;True;3
1621242488000;11582373;154.057;154.077;154.067;0;T;True;3
1621242489000;11582375;154.054;154.074;154.064;1;T;True;3
1621242490000;11582376;154.054;154.074;154.064;0;T;True;3
1621242491000;11582378;154.053;154.073;154.063;1;T;True;3
1621242492000;11582379;154.053;154.073;154.063;0;T;True;3
1621242493000;11582381;154.051;154.071;154.061;1;T;True;3
1621242494000;11582384;154.049;154.069;154.059;2;T;True;3
1621242495000;11582386;154.05;154.07;154.06;1;T;True;3
1621242496000;11582387;154.05;154.07;154.06;0;T;True;3
1621242497000;11582388;154.05;154.07;154.06;0;T;True;3
1621242498000;11582391;154.047;154.067;154.057;2;T;True;3
1621242499000;11582392;154.047;154.067;154.057;0;T;True;3
1621242500000;11582393;154.047;154.067;154.057;0;T;True;3
1621242501000;11582394;154.047;154.067;154.057;0;T;True;3
1621242502000;11582395;154.047;154.067;154.057;0;T;True;3
1621242503000;11582396;154.047;154.067;154.057;0;T;True;3
1621242504000;11582397;154.047;154.067;154.057;0;T;True;3
1621242505000;11582398;154.047;154.067;154.057;0;T;True;3
1621242506000;11582399;154.047;154.067;154.057;0;T;True;3
1621242507000;11582400;154.047;154.067;154.057;0;T;True;3
1621242508000;11582401;154.047;154.067;154.057;0;T;True;3
1621242509000;11582402;154.047;154.067;154.057;0;T;True;3
1621242510000;11582403;154.047;154.067;154.057;0;T;True;3
1621242511000;11582404;154.047;154.067;154.057;0;T;True;3
1621242512000;11582405;154.047;154.067;154.057;0;T;True;3
1621242513000;11582406;154.047;154.067;154.057;0;T;True;3
1621242514000;11582408;154.051;154.071;154.061;1;T;True;3
1621242515000;11582409;154.051;154.071;154.061;0;T;True;3
1621242516000;11582410;154.051;154.071;154.061;0;T;True;3
1621242517000;11582419;154.046;154.066;154.056;8;T;True;3
1621242518000;11582420;154.046;154.066;154.056;0;T;True;3
1621242519000;11582421;154.046;154.066;154.056;0;T;True;3
1621242520000;11582422;154.046;154.066;154.056;0;T;True;3
1621242521000;11582424;154.047;154.067;154.057;1;T;True;3
1621242522000;11582425;154.047;154.067;154.057;0;T;True;3
1621242523000;11582426;154.047;154.067;154.057;0;T;True;3
1621242524000;11582427;154.047;154.067;154.057;0;T;True;3
1621242525000;11582428;154.047;154.067;154.057;0;T;True;3
1621242526000;11582429;154.047;154.067;154.057;0;T;True;3
1621242527000;11582432;154.046;154.066;154.056;2;T;True;3
1621242528000;11582433;154.046;154.066;154.056;0;T;True;3
1621242529000;11582434;154.046;154.066;154.056;0;T;True;3
1621242530000;11582435;154.046;154.066;154.056;0;T;True;3
1621242531000;11582436;154.046;154.066;154.056;0;T;True;3
1621242532000;11582439;154.041;154.061;154.051;2;T;True;3
1621242533000;11582440;154.041;154.061;154.051;0;T;True;3
1621242534000;11582441;154.041;154.061;154.051;0;T;True;3
1621242535000;11582442;154.041;154.061;154.051;0;T;True;3
1621242536000;11582444;154.043;154.063;154.053;1;T;True;3
1621242537000;11582448;154.033;154.053;154.043;3;T;True;3
1621242538000;11582449;154.033;154.053;154.043;0;T;True;3
1621242539000;11582450;154.033;154.053;154.043;0;T;True;3
1621242540000;11582451;154.033;154.053;154.043;0;T;True;3
1621242541000;11582453;154.031;154.051;154.041;1;T;True;3
1621242542000;11582454;154.031;154.051;154.041;0;T;True;3
1621242543000;11582455;154.031;154.051;154.041;0;T;True;3
1621242544000;11582456;154.031;154.051;154.041;0;T;True;3
1621242545000;11582457;154.031;154.051;154.041;0;T;True;3
1621242546000;11582458;154.031;154.051;154.041;0;T;True;3
1621242547000;11582459;154.031;154.051;154.041;0;T;True;3
1621242548000;11582460;154.031;154.051;154.041;0;T;True;3
1621242549000;11582461;154.031;154.051;154.041;0;T;True;3
1621242550000;11582463;154.033;154.053;154.043;1;T;True;3
1621242551000;11582465;154.031;154.051;154.041;1;T;True;3
1621242552000;11582466;154.031;154.051;154.041;0;T;True;3
1621242553000;11582467;154.031;154.051;154.041;0;T;True;3
1621242554000;11582470;154.025;154.045;154.035;2;T;True;3
1621242555000;11582472;154.024;154.044;154.034;1;T;True;3
1621242556000;11582475;154.021;154.041;154.031;2;T;True;3
1621242557000;11582477;154.019;154.039;154.029;1;T;True;3
1621242558000;11582478;154.019;154.039;154.029;0;T;True;3
1621242559000;11582479;154.019;154.039;154.029;0;T;True;3
1621242560000;11582483;154.015;154.035;154.025;3;T;True;3
1621242561000;11582486;154.019;154.039;154.029;2;T;True;3
1621242562000;11582490;154.013;154.033;154.023;3;T;True;3
1621242563000;11582491;154.013;154.033;154.023;0;T;True;3
1621242564000;11582493;154.017;154.037;154.027;1;T;True;3
1621242565000;11582494;154.017;154.037;154.027;0;T;True;3
1621242566000;11582495;154.017;154.037;154.027;0;T;True;3
1621242567000;11582496;154.017;154.037;154.027;0;T;True;3
1621242568000;11582497;154.017;154.037;154.027;0;T;True;3
1621242569000;11582498;154.017;154.037;154.027;0;T;True;3
1621242570000;11582499;154.017;154.037;154.027;0;T;True;3
1621242571000;11582500;154.017;154.037;154.027;0;T;True;3
1621242572000;11582501;154.017;154.037;154.027;0;T;True;3
1621242573000;11582502;154.017;154.037;154.027;0;T;True;3
1621242574000;11582503;154.017;154.037;154.027;0;T;True;3
1621242575000;11582504;154.017;154.037;154.027;0;T;True;3
1621242576000;11582505;154.017;154.037;154.027;0;T;True;3
1621242577000;11582506;154.017;154.037;154.027;0;T;True;3
1621242578000;11582507;154.017;154.037;154.027;0;T;True;3
1621242579000;11582508;154.017;154.037;154.027;0;T;True;3
1621242580000;11582509;154.017;154.037;154.027;0;T;True;3
1621242581000;11582510;154.017;154.037;154.027;0;T;True;3
1621242582000;11582511;154.017;154.037;154.027;0;T;True;3
1621242583000;11582512;154.017;154.037;154.027;0;T;True;3
1621242584000;11582513;154.017;154.037;154.027;0;T;True;3
1621242585000;11582514;154.017;154.037;154.027;0;T;True;3
1621242586000;11582516;154.015;154.035;154.025;1;T;True;3
1621242587000;11582517;154.015;154.035;154.025;0;T;True;3
1621242588000;11582518;154.015;154.035;154.025;0;T;True;3
1621242589000;11582519;154.015;154.035;154.025;0;T;True;3
1621242590000;11582520;154.015;154.035;154.025;0;T;True;3
1621242591000;11582521;154.015;154.035;154.025;0;T;True;3
1621242592000;11582524;154.017;154.037;154.027;2;T;True;3
1621242593000;11582525;154.017;154.037;154.027;0;T;True;3
1621242594000;11582526;154.017;154.037;154.027;0;T;True;3
1621242595000;11582527;154.017;154.037;154.027;0;T;True;3
1621242596000;11582528;154.017;154.037;154.027;0;T;True;3
1621242597000;11582529;154.017;154.037;154.027;0;T;True;3
1621242598000;11582530;154.017;154.037;154.027;0;T;True;3
1621242599000;11582531;154.017;154.037;154.027;0;T;True;3
1621242600000;11582532;154.017;154.037;154.027;0;T;True;3
1621242601000;11582534;154.019;154.039;154.029;1;T;True;3
1621242602000;11582536;154.017;154.037;154.027;1;T;True;3
1621242603000;11582537;154.017;154.037;154.027;0;T;True;3
1621242604000;11582538;154.017;154.037;154.027;0;T;True;3
1621242605000;11582540;154.016;154.036;154.026;1;T;True;3
1621242606000;11582541;154.016;154.036;154.026;0;T;True;3
1621242607000;11582543;154.017;154.037;154.027;1;T;True;3
1621242608000;11582544;154.017;154.037;154.027;0;T;True;3
1621242609000;11582545;154.017;154.037;154.027;0;T;True;3
1621242610000;11582546;154.017;154.037;154.027;0;T;True;3
1621242611000;11582547;154.017;154.037;154.027;0;T;True;3
1621242612000;11582548;154.017;154.037;154.027;0;T;True;3
1621242613000;11582549;154.017;154.037;154.027;0;T;True;3
1621242614000;11582553;154.029;154.049;154.039;3;T;True;3
1621242615000;11582557;154.021;154.041;154.031;3;T;True;3
1621242616000;11582559;154.022;154.042;154.032;1;T;True;3
1621242617000;11582560;154.022;154.042;154.032;0;T;True;3
1621242618000;11582561;154.022;154.042;154.032;0;T;True;3
1621242619000;11582563;154.023;154.043;154.033;1;T;True;3
1621242620000;11582564;154.023;154.043;154.033;0;T;True;3
1621242621000;11582565;154.023;154.043;154.033;0;T;True;3
1621242622000;11582566;154.023;154.043;154.033;0;T;True;3
1621242623000;11582567;154.023;154.043;154.033;0;T;True;3
1621242624000;11582569;154.025;154.045;154.035;1;T;True;3
1621242625000;11582570;154.025;154.045;154.035;0;T;True;3
1621242626000;11582571;154.025;154.045;154.035;0;T;True;3
1621242627000;11582574;154.025;154.045;154.035;2;T;True;3
1621242628000;11582575;154.025;154.045;154.035;0;T;True;3
1621242629000;11582577;154.023;154.043;154.033;1;T;True;3
1621242630000;11582578;154.023;154.043;154.033;0;T;True;3
1621242631000;11582579;154.023;154.043;154.033;0;T;True;3
1621242632000;11582580;154.023;154.043;154.033;0;T;True;3
1621242633000;11582581;154.023;154.043;154.033;0;T;True;3
1621242634000;11582582;154.023;154.043;154.033;0;T;True;3
1621242635000;11582583;154.023;154.043;154.033;0;T;True;3
1621242636000;11582584;154.023;154.043;154.033;0;T;True;3
1621242637000;11582585;154.023;154.043;154.033;0;T;True;3
1621242638000;11582588;154.027;154.047;154.037;2;T;True;3
1621242639000;11582589;154.027;154.047;154.037;0;T;True;3
1621242640000;11582590;154.027;154.047;154.037;0;T;True;3
1621242641000;11582591;154.027;154.047;154.037;0;T;True;3
1621242642000;11582592;154.027;154.047;154.037;0;T;True;3
1621242643000;11582594;154.029;154.049;154.039;1;T;True;3
1621242644000;11582595;154.029;154.049;154.039;0;T;True;3
1621242645000;11582596;154.029;154.049;154.039;0;T;True;3
1621242646000;11582597;154.029;154.049;154.039;0;T;True;3
1621242647000;11582599;154.028;154.048;154.038;1;T;True;3
1621242648000;11582600;154.028;154.048;154.038;0;T;True;3
1621242649000;11582601;154.028;154.048;154.038;0;T;True;3
1621242650000;11582602;154.028;154.048;154.038;0;T;True;3
1621242651000;11582603;154.028;154.048;154.038;0;T;True;3
1621242652000;11582607;154.032;154.052;154.042;3;T;True;3
1621242653000;11582608;154.032;154.052;154.042;0;T;True;3
1621242654000;11582609;154.032;154.052;154.042;0;T;True;3
1621242655000;11582610;154.032;154.052;154.042;0;T;True;3
1621242656000;11582611;154.032;154.052;154.042;0;T;True;3
1621242657000;11582612;154.032;154.052;154.042;0;T;True;3
1621242658000;11582614;154.033;154.053;154.043;1;T;True;3
1621242659000;11582615;154.033;154.053;154.043;0;T;True;3
1621242660000;11582616;154.033;154.053;154.043;0;T;True;3
1621242661000;11582617;154.033;154.053;154.043;0;T;True;3
1621242662000;11582625;154.029;154.049;154.039;7;T;True;3
1621242663000;11582630;154.025;154.045;154.035;4;T;True;3
1621242664000;11582632;154.026;154.046;154.036;1;T;True;3
1621242665000;11582633;154.026;154.046;154.036;0;T;True;3
1621242666000;11582634;154.026;154.046;154.036;0;T;True;3
1621242667000;11582635;154.026;154.046;154.036;0;T;True;3
1621242668000;11582638;154.028;154.048;154.038;2;T;True;3
1621242669000;11582639;154.028;154.048;154.038;0;T;True;3
1621242670000;11582640;154.028;154.048;154.038;0;T;True;3
1621242671000;11582641;154.028;154.048;154.038;0;T;True;3
1621242672000;11582642;154.028;154.048;154.038;0;T;True;3
1621242673000;11582643;154.028;154.048;154.038;0;T;True;3
1621242674000;11582645;154.027;154.047;154.037;1;T;True;3
1621242675000;11582647;154.028;154.048;154.038;1;T;True;3
1621242676000;11582652;154.025;154.045;154.035;4;T;True;3
1621242677000;11582653;154.025;154.045;154.035;0;T;True;3
1621242678000;11582654;154.025;154.045;154.035;0;T;True;3
1621242679000;11582656;154.024;154.044;154.034;1;T;True;3
1621242680000;11582658;154.025;154.045;154.035;1;T;True;3
1621242681000;11582659;154.025;154.045;154.035;0;T;True;3
1621242682000;11582660;154.025;154.045;154.035;0;T;True;3
1621242683000;11582661;154.025;154.045;154.035;0;T;True;3
1621242684000;11582662;154.025;154.045;154.035;0;T;True;3
1621242685000;11582663;154.025;154.045;154.035;0;T;True;3
1621242686000;11582664;154.025;154.045;154.035;0;T;True;3
1621242687000;11582666;154.024;154.044;154.034;1;T;True;3
1621242688000;11582667;154.024;154.044;154.034;0;T;True;3
1621242689000;11582668;154.024;154.044;154.034;0;T;True;3
1621242690000;11582670;154.023;154.043;154.033;1;T;True;3
1621242691000;11582671;154.023;154.043;154.033;0;T;True;3
1621242692000;11582672;154.023;154.043;154.033;0;T;True;3
1621242693000;11582673;154.023;154.043;154.033;0;T;True;3
1621242694000;11582674;154.023;154.043;154.033;0;T;True;3
1621242695000;11582675;154.023;154.043;154.033;0;T;True;3
1621242696000;11582676;154.023;154.043;154.033;0;T;True;3
1621242697000;11582677;154.023;154.043;154.033;0;T;True;3
1621242698000;11582683;154.033;154.053;154.043;5;T;True;3
1621242699000;11582684;154.033;154.053;154.043;0;T;True;3
1621242700000;11582685;154.033;154.053;154.043;0;T;True;3
1621242701000;11582686;154.033;154.053;154.043;0;T;True;3
1621242702000;11582687;154.033;154.053;154.043;0;T;True;3
1621242703000;11582688;154.033;154.053;154.043;0;T;True;3
1621242704000;11582689;154.033;154.053;154.043;0;T;True;3
1621242705000;11582690;154.033;154.053;154.043;0;T;True;3
1621242706000;11582691;154.033;154.053;154.043;0;T;True;3
1621242707000;11582692;154.033;154.053;154.043;0;T;True;3
1621242708000;11582697;154.027;154.047;154.037;4;T;True;3
1621242709000;11582698;154.027;154.047;154.037;0;T;True;3
1621242710000;11582699;154.027;154.047;154.037;0;T;True;3
1621242711000;11582700;154.027;154.047;154.037;0;T;True;3
1621242712000;11582701;154.027;154.047;154.037;0;T;True;3
1621242713000;11582703;154.026;154.046;154.036;1;T;True;3
1621242714000;11582704;154.026;154.046;154.036;0;T;True;3
1621242715000;11582705;154.026;154.046;154.036;0;T;True;3
1621242716000;11582706;154.026;154.046;154.036;0;T;True;3
1621242717000;11582707;154.026;154.046;154.036;0;T;True;3
1621242718000;11582709;154.027;154.047;154.037;1;T;True;3
1621242719000;11582712;154.027;154.047;154.037;2;T;True;3
1621242720000;11582713;154.027;154.047;154.037;0;T;True;3
1621242721000;11582714;154.027;154.047;154.037;0;T;True;3
1621242722000;11582715;154.027;154.047;154.037;0;T;True;3
1621242723000;11582716;154.027;154.047;154.037;0;T;True;3
1621242724000;11582717;154.027;154.047;154.037;0;T;True;3
1621242725000;11582718;154.027;154.047;154.037;0;T;True;3
1621242726000;11582719;154.027;154.047;154.037;0;T;True;3
1621242727000;11582722;154.029;154.049;154.039;2;T;True;3
1621242728000;11582724;154.028;154.048;154.038;1;T;True;3
1621242729000;11582725;154.028;154.048;154.038;0;T;True;3
1621242730000;11582727;154.029;154.049;154.039;1;T;True;3
1621242731000;11582728;154.029;154.049;154.039;0;T;True;3
1621242732000;11582729;154.029;154.049;154.039;0;T;True;3
1621242733000;11582730;154.029;154.049;154.039;0;T;True;3
1621242734000;11582731;154.029;154.049;154.039;0;T;True;3
1621242735000;11582732;154.029;154.049;154.039;0;T;True;3
1621242736000;11582733;154.029;154.049;154.039;0;T;True;3
1621242737000;11582734;154.029;154.049;154.039;0;T;True;3
1621242738000;11582737;154.027;154.047;154.037;2;T;True;3
1621242739000;11582738;154.027;154.047;154.037;0;T;True;3
1621242740000;11582739;154.027;154.047;154.037;0;T;True;3
1621242741000;11582740;154.027;154.047;154.037;0;T;True;3
1621242742000;11582741;154.027;154.047;154.037;0;T;True;3
1621242743000;11582742;154.027;154.047;154.037;0;T;True;3
1621242744000;11582743;154.027;154.047;154.037;0;T;True;3
1621242745000;11582744;154.027;154.047;154.037;0;T;True;3
1621242746000;11582747;154.029;154.049;154.039;2;T;True;3
1621242747000;11582748;154.029;154.049;154.039;0;T;True;3
1621242748000;11582749;154.029;154.049;154.039;0;T;True;3
1621242749000;11582750;154.029;154.049;154.039;0;T;True;3
1621242750000;11582752;154.027;154.047;154.037;1;T;True;3
1621242751000;11582753;154.027;154.047;154.037;0;T;True;3
1621242752000;11582754;154.027;154.047;154.037;0;T;True;3
1621242753000;11582755;154.027;154.047;154.037;0;T;True;3
1621242754000;11582756;154.027;154.047;154.037;0;T;True;3
1621242755000;11582757;154.027;154.047;154.037;0;T;True;3
1621242756000;11582758;154.027;154.047;154.037;0;T;True;3
1621242757000;11582760;154.026;154.046;154.036;1;T;True;3
1621242758000;11582761;154.026;154.046;154.036;0;T;True;3
1621242759000;11582762;154.026;154.046;154.036;0;T;True;3
1621242760000;11582763;154.026;154.046;154.036;0;T;True;3
1621242761000;11582764;154.026;154.046;154.036;0;T;True;3
1621242762000;11582765;154.026;154.046;154.036;0;T;True;3
1621242763000;11582766;154.026;154.046;154.036;0;T;True;3
1621242764000;11582767;154.026;154.046;154.036;0;T;True;3
1621242765000;11582772;154.017;154.037;154.027;4;T;True;3
1621242766000;11582773;154.017;154.037;154.027;0;T;True;3
1621242767000;11582774;154.017;154.037;154.027;0;T;True;3
1621242768000;11582775;154.017;154.037;154.027;0;T;True;3
1621242769000;11582776;154.017;154.037;154.027;0;T;True;3
1621242770000;11582777;154.017;154.037;154.027;0;T;True;3
1621242771000;11582779;154.016;154.036;154.026;1;T;True;3
1621242772000;11582780;154.016;154.036;154.026;0;T;True;3
1621242773000;11582781;154.016;154.036;154.026;0;T;True;3
1621242774000;11582782;154.016;154.036;154.026;0;T;True;3
1621242775000;11582783;154.016;154.036;154.026;0;T;True;3
1621242776000;11582784;154.016;154.036;154.026;0;T;True;3
1621242777000;11582787;154.011;154.031;154.021;2;T;True;3
1621242778000;11582788;154.011;154.031;154.021;0;T;True;3
1621242779000;11582789;154.011;154.031;154.021;0;T;True;3
1621242780000;11582790;154.011;154.031;154.021;0;T;True;3
1621242781000;11582792;154.009;154.029;154.019;1;T;True;3
1621242782000;11582793;154.009;154.029;154.019;0;T;True;3
1621242783000;11582794;154.009;154.029;154.019;0;T;True;3
1621242784000;11582795;154.009;154.029;154.019;0;T;True;3
1621242785000;11582796;154.009;154.029;154.019;0;T;True;3
1621242786000;11582800;154.003;154.023;154.013;3;T;True;3
1621242787000;11582801;154.003;154.023;154.013;0;T;True;3
1621242788000;11582804;154.007;154.027;154.017;2;T;True;3
1621242789000;11582805;154.007;154.027;154.017;0;T;True;3
1621242790000;11582806;154.007;154.027;154.017;0;T;True;3
1621242791000;11582807;154.007;154.027;154.017;0;T;True;3
1621242792000;11582808;154.007;154.027;154.017;0;T;True;3
1621242793000;11582809;154.007;154.027;154.017;0;T;True;3
1621242794000;11582811;154.005;154.025;154.015;1;T;True;3
1621242795000;11582812;154.005;154.025;154.015;0;T;True;3
1621242796000;11582813;154.005;154.025;154.015;0;T;True;3
1621242797000;11582815;154.003;154.023;154.013;1;T;True;3
1621242798000;11582816;154.003;154.023;154.013;0;T;True;3
1621242799000;11582817;154.003;154.023;154.013;0;T;True;3
1621242800000;11582818;154.003;154.023;154.013;0;T;True;3
1621242801000;11582819;154.003;154.023;154.013;0;T;True;3
1621242802000;11582821;154.005;154.025;154.015;1;T;True;3
1621242803000;11582822;154.005;154.025;154.015;0;T;True;3
1621242804000;11582823;154.005;154.025;154.015;0;T;True;3
1621242805000;11582824;154.005;154.025;154.015;0;T;True;3
1621242806000;11582828;154.008;154.028;154.018;3;T;True;3
1621242807000;11582829;154.008;154.028;154.018;0;T;True;3
1621242808000;11582830;154.008;154.028;154.018;0;T;True;3
1621242809000;11582831;154.008;154.028;154.018;0;T;True;3
1621242810000;11582832;154.008;154.028;154.018;0;T;True;3
1621242811000;11582833;154.008;154.028;154.018;0;T;True;3
1621242812000;11582834;154.008;154.028;154.018;0;T;True;3
1621242813000;11582835;154.008;154.028;154.018;0;T;True;3
1621242814000;11582838;154.013;154.033;154.023;2;T;True;3
1621242815000;11582839;154.013;154.033;154.023;0;T;True;3
1621242816000;11582840;154.013;154.033;154.023;0;T;True;3
1621242817000;11582841;154.013;154.033;154.023;0;T;True;3
1621242818000;11582842;154.013;154.033;154.023;0;T;True;3
1621242819000;11582843;154.013;154.033;154.023;0;T;True;3
1621242820000;11582846;154.013;154.033;154.023;2;T;True;3
1621242821000;11582849;154.017;154.037;154.027;2;T;True;3
1621242822000;11582850;154.017;154.037;154.027;0;T;True;3
1621242823000;11582851;154.017;154.037;154.027;0;T;True;3
1621242824000;11582852;154.017;154.037;154.027;0;T;True;3
1621242825000;11582853;154.017;154.037;154.027;0;T;True;3
1621242826000;11582854;154.017;154.037;154.027;0;T;True;3
1621242827000;11582855;154.017;154.037;154.027;0;T;True;3
1621242828000;11582856;154.017;154.037;154.027;0;T;True;3
1621242829000;11582857;154.017;154.037;154.027;0;T;True;3
1621242830000;11582858;154.017;154.037;154.027;0;T;True;3
1621242831000;11582859;154.017;154.037;154.027;0;T;True;3
1621242832000;11582860;154.017;154.037;154.027;0;T;True;3
1621242833000;11582861;154.017;154.037;154.027;0;T;True;3
1621242834000;11582862;154.017;154.037;154.027;0;T;True;3
1621242835000;11582863;154.017;154.037;154.027;0;T;True;3
1621242836000;11582864;154.017;154.037;154.027;0;T;True;3
1621242837000;11582865;154.017;154.037;154.027;0;T;True;3
1621242838000;11582866;154.017;154.037;154.027;0;T;True;3
1621242839000;11582868;154.015;154.035;154.025;1;T;True;3
1621242840000;11582872;154.013;154.033;154.023;3;T;True;3
1621242841000;11582873;154.013;154.033;154.023;0;T;True;3
1621242842000;11582878;154.017;154.037;154.027;4;T;True;3
1621242843000;11582879;154.017;154.037;154.027;0;T;True;3
1621242844000;11582883;154.017;154.037;154.027;3;T;True;3
1621242845000;11582889;154.025;154.045;154.035;5;T;True;3
1621242846000;11582890;154.025;154.045;154.035;0;T;True;3
1621242847000;11582891;154.025;154.045;154.035;0;T;True;3
1621242848000;11582893;154.026;154.046;154.036;1;T;True;3
1621242849000;11582895;154.027;154.047;154.037;1;T;True;3
1621242850000;11582896;154.027;154.047;154.037;0;T;True;3
1621242851000;11582897;154.027;154.047;154.037;0;T;True;3
1621242852000;11582898;154.027;154.047;154.037;0;T;True;3
1621242853000;11582899;154.027;154.047;154.037;0;T;True;3
1621242854000;11582900;154.027;154.047;154.037;0;T;True;3
1621242855000;11582901;154.027;154.047;154.037;0;T;True;3
1621242856000;11582903;154.029;154.049;154.039;1;T;True;3
1621242857000;11582905;154.031;154.051;154.041;1;T;True;3
1621242858000;11582906;154.031;154.051;154.041;0;T;True;3
1621242859000;11582907;154.031;154.051;154.041;0;T;True;3
1621242860000;11582908;154.031;154.051;154.041;0;T;True;3
1621242861000;11582909;154.031;154.051;154.041;0;T;True;3
1621242862000;11582912;154.034;154.054;154.044;2;T;True;3
1621242863000;11582913;154.034;154.054;154.044;0;T;True;3
1621242864000;11582915;154.033;154.053;154.043;1;T;True;3
1621242865000;11582916;154.033;154.053;154.043;0;T;True;3
1621242866000;11582917;154.033;154.053;154.043;0;T;True;3
1621242867000;11582918;154.033;154.053;154.043;0;T;True;3
1621242868000;11582919;154.033;154.053;154.043;0;T;True;3
1621242869000;11582920;154.033;154.053;154.043;0;T;True;3
1621242870000;11582923;154.031;154.051;154.041;2;T;True;3
1621242871000;11582924;154.031;154.051;154.041;0;T;True;3
1621242872000;11582925;154.031;154.051;154.041;0;T;True;3
1621242873000;11582926;154.031;154.051;154.041;0;T;True;3
1621242874000;11582927;154.031;154.051;154.041;0;T;True;3
1621242875000;11582928;154.031;154.051;154.041;0;T;True;3
1621242876000;11582931;154.023;154.043;154.033;2;T;True;3
1621242877000;11582932;154.023;154.043;154.033;0;T;True;3
1621242878000;11582935;154.023;154.043;154.033;2;T;True;3
1621242879000;11582937;154.025;154.045;154.035;1;T;True;3
1621242880000;11582938;154.025;154.045;154.035;0;T;True;3
1621242881000;11582939;154.025;154.045;154.035;0;T;True;3
1621242882000;11582941;154.026;154.046;154.036;1;T;True;3
1621242883000;11582942;154.026;154.046;154.036;0;T;True;3
1621242884000;11582943;154.026;154.046;154.036;0;T;True;3
1621242885000;11582944;154.026;154.046;154.036;0;T;True;3
1621242886000;11582945;154.026;154.046;154.036;0;T;True;3
1621242887000;11582949;154.018;154.038;154.028;3;T;True;3
1621242888000;11582951;154.017;154.037;154.027;1;T;True;3
1621242889000;11582952;154.017;154.037;154.027;0;T;True;3
1621242890000;11582953;154.017;154.037;154.027;0;T;True;3
1621242891000;11582954;154.017;154.037;154.027;0;T;True;3
1621242892000;11582955;154.017;154.037;154.027;0;T;True;3
1621242893000;11582956;154.017;154.037;154.027;0;T;True;3
1621242894000;11582957;154.017;154.037;154.027;0;T;True;3
1621242895000;11582958;154.017;154.037;154.027;0;T;True;3
1621242896000;11582959;154.017;154.037;154.027;0;T;True;3
1621242897000;11582960;154.017;154.037;154.027;0;T;True;3
1621242898000;11582965;154.017;154.037;154.027;4;T;True;3
1621242899000;11582966;154.017;154.037;154.027;0;T;True;3
1621242900000;11582968;154.018;154.038;154.028;1;T;True;3
1621242901000;11582970;154.017;154.037;154.027;1;T;True;3
1621242902000;11582971;154.017;154.037;154.027;0;T;True;3
1621242903000;11582972;154.017;154.037;154.027;0;T;True;3
1621242904000;11582973;154.017;154.037;154.027;0;T;True;3
1621242905000;11582974;154.017;154.037;154.027;0;T;True;3
1621242906000;11582975;154.017;154.037;154.027;0;T;True;3
1621242907000;11582976;154.017;154.037;154.027;0;T;True;3
1621242908000;11582977;154.017;154.037;154.027;0;T;True;3
1621242909000;11582978;154.017;154.037;154.027;0;T;True;3
1621242910000;11582979;154.017;154.037;154.027;0;T;True;3
1621242911000;11582982;154.013;154.033;154.023;2;T;True;3
1621242912000;11582983;154.013;154.033;154.023;0;T;True;3
1621242913000;11582984;154.013;154.033;154.023;0;T;True;3
1621242914000;11582985;154.013;154.033;154.023;0;T;True;3
1621242915000;11582987;154.014;154.034;154.024;1;T;True;3
1621242916000;11582989;154.015;154.035;154.025;1;T;True;3
1621242917000;11582990;154.015;154.035;154.025;0;T;True;3
1621242918000;11582991;154.015;154.035;154.025;0;T;True;3
1621242919000;11582995;154.028;154.048;154.038;3;T;True;3
1621242920000;11582998;154.028;154.048;154.038;2;T;True;3
1621242921000;11583000;154.03;154.05;154.04;1;T;True;3
1621242922000;11583002;154.031;154.051;154.041;1;T;True;3
1621242923000;11583003;154.031;154.051;154.041;0;T;True;3
1621242924000;11583004;154.031;154.051;154.041;0;T;True;3
1621242925000;11583008;154.034;154.054;154.044;3;T;True;3
1621242926000;11583010;154.035;154.055;154.045;1;T;True;3
1621242927000;11583011;154.035;154.055;154.045;0;T;True;3
1621242928000;11583012;154.035;154.055;154.045;0;T;True;3
1621242929000;11583013;154.035;154.055;154.045;0;T;True;3
1621242930000;11583015;154.033;154.053;154.043;1;T;True;3
1621242931000;11583016;154.033;154.053;154.043;0;T;True;3
1621242932000;11583017;154.033;154.053;154.043;0;T;True;3
1621242933000;11583020;154.033;154.053;154.043;2;T;True;3
1621242934000;11583021;154.033;154.053;154.043;0;T;True;3
1621242935000;11583023;154.035;154.055;154.045;1;T;True;3
1621242936000;11583024;154.035;154.055;154.045;0;T;True;3
1621242937000;11583025;154.035;154.055;154.045;0;T;True;3
1621242938000;11583026;154.035;154.055;154.045;0;T;True;3
1621242939000;11583027;154.035;154.055;154.045;0;T;True;3
1621242940000;11583028;154.035;154.055;154.045;0;T;True;3
1621242941000;11583029;154.035;154.055;154.045;0;T;True;3
1621242942000;11583030;154.035;154.055;154.045;0;T;True;3
1621242943000;11583031;154.035;154.055;154.045;0;T;True;3
1621242944000;11583032;154.035;154.055;154.045;0;T;True;3
1621242945000;11583034;154.037;154.057;154.047;1;T;True;3
1621242946000;11583036;154.036;154.056;154.046;1;T;True;3
1621242947000;11583037;154.036;154.056;154.046;0;T;True;3
1621242948000;11583040;154.033;154.053;154.043;2;T;True;3
1621242949000;11583043;154.031;154.051;154.041;2;T;True;3
1621242950000;11583044;154.031;154.051;154.041;0;T;True;3
1621242951000;11583045;154.031;154.051;154.041;0;T;True;3
1621242952000;11583049;154.035;154.055;154.045;3;T;True;3
1621242953000;11583051;154.033;154.053;154.043;1;T;True;3
1621242954000;11583055;154.037;154.057;154.047;3;T;True;3
1621242955000;11583058;154.037;154.057;154.047;2;T;True;3
1621242956000;11583059;154.037;154.057;154.047;0;T;True;3
1621242957000;11583061;154.039;154.059;154.049;1;T;True;3
1621242958000;11583062;154.039;154.059;154.049;0;T;True;3
1621242959000;11583063;154.039;154.059;154.049;0;T;True;3
1621242960000;11583064;154.039;154.059;154.049;0;T;True;3
1621242961000;11583066;154.041;154.061;154.051;1;T;True;3
1621242962000;11583067;154.041;154.061;154.051;0;T;True;3
1621242963000;11583069;154.042;154.062;154.052;1;T;True;3
1621242964000;11583071;154.043;154.063;154.053;1;T;True;3
1621242965000;11583072;154.043;154.063;154.053;0;T;True;3
1621242966000;11583073;154.043;154.063;154.053;0;T;True;3
1621242967000;11583075;154.045;154.065;154.055;1;T;True;3
1621242968000;11583076;154.045;154.065;154.055;0;T;True;3
1621242969000;11583078;154.044;154.064;154.054;1;T;True;3
1621242970000;11583079;154.044;154.064;154.054;0;T;True;3
1621242971000;11583082;154.035;154.055;154.045;2;T;True;3
1621242972000;11583083;154.035;154.055;154.045;0;T;True;3
1621242973000;11583084;154.035;154.055;154.045;0;T;True;3
1621242974000;11583085;154.035;154.055;154.045;0;T;True;3
1621242975000;11583086;154.035;154.055;154.045;0;T;True;3
1621242976000;11583089;154.036;154.056;154.046;2;T;True;3
1621242977000;11583092;154.033;154.053;154.043;2;T;True;3
1621242978000;11583093;154.033;154.053;154.043;0;T;True;3
1621242979000;11583094;154.033;154.053;154.043;0;T;True;3
1621242980000;11583095;154.033;154.053;154.043;0;T;True;3
1621242981000;11583096;154.033;154.053;154.043;0;T;True;3
1621242982000;11583098;154.034;154.054;154.044;1;T;True;3
1621242983000;11583099;154.034;154.054;154.044;0;T;True;3
1621242984000;11583100;154.034;154.054;154.044;0;T;True;3
1621242985000;11583101;154.034;154.054;154.044;0;T;True;3
1621242986000;11583103;154.035;154.055;154.045;1;T;True;3
1621242987000;11583104;154.035;154.055;154.045;0;T;True;3
1621242988000;11583105;154.035;154.055;154.045;0;T;True;3
1621242989000;11583107;154.038;154.058;154.048;1;T;True;3
1621242990000;11583108;154.038;154.058;154.048;0;T;True;3
1621242991000;11583110;154.037;154.057;154.047;1;T;True;3
1621242992000;11583111;154.037;154.057;154.047;0;T;True;3
1621242993000;11583116;154.045;154.065;154.055;4;T;True;3
1621242994000;11583117;154.045;154.065;154.055;0;T;True;3
1621242995000;11583119;154.049;154.069;154.059;1;T;True;3
1621242996000;11583120;154.049;154.069;154.059;0;T;True;3
1621242997000;11583121;154.049;154.069;154.059;0;T;True;3
1621242998000;11583122;154.049;154.069;154.059;0;T;True;3
1621242999000;11583124;154.048;154.068;154.058;1;T;True;3
1621243000000;11583126;154.049;154.069;154.059;1;T;True;3
1621243001000;11583127;154.049;154.069;154.059;0;T;True;3
1621243002000;11583128;154.049;154.069;154.059;0;T;True;3
1621243003000;11583130;154.048;154.068;154.058;1;T;True;3
1621243004000;11583131;154.048;154.068;154.058;0;T;True;3
1621243005000;11583132;154.048;154.068;154.058;0;T;True;3
1621243006000;11583133;154.048;154.068;154.058;0;T;True;3
1621243007000;11583134;154.048;154.068;154.058;0;T;True;3
1621243008000;11583135;154.048;154.068;154.058;0;T;True;3
1621243009000;11583139;154.043;154.063;154.053;3;T;True;3
1621243010000;11583141;154.041;154.061;154.051;1;T;True;3
1621243011000;11583142;154.041;154.061;154.051;0;T;True;3
1621243012000;11583143;154.041;154.061;154.051;0;T;True;3
1621243013000;11583144;154.041;154.061;154.051;0;T;True;3
1621243014000;11583145;154.041;154.061;154.051;0;T;True;3
1621243015000;11583146;154.041;154.061;154.051;0;T;True;3
1621243016000;11583149;154.043;154.063;154.053;2;T;True;3
1621243017000;11583150;154.043;154.063;154.053;0;T;True;3
1621243018000;11583151;154.043;154.063;154.053;0;T;True;3
1621243019000;11583152;154.043;154.063;154.053;0;T;True;3
1621243020000;11583153;154.043;154.063;154.053;0;T;True;3
1621243021000;11583154;154.043;154.063;154.053;0;T;True;3
1621243022000;11583156;154.045;154.065;154.055;1;T;True;3
1621243023000;11583158;154.044;154.064;154.054;1;T;True;3
1621243024000;11583159;154.044;154.064;154.054;0;T;True;3
1621243025000;11583160;154.044;154.064;154.054;0;T;True;3
1621243026000;11583163;154.044;154.064;154.054;2;T;True;3
1621243027000;11583164;154.044;154.064;154.054;0;T;True;3
1621243028000;11583165;154.044;154.064;154.054;0;T;True;3
1621243029000;11583166;154.044;154.064;154.054;0;T;True;3
1621243030000;11583169;154.046;154.066;154.056;2;T;True;3
1621243031000;11583171;154.047;154.067;154.057;1;T;True;3
1621243032000;11583174;154.047;154.067;154.057;2;T;True;3
1621243033000;11583175;154.047;154.067;154.057;0;T;True;3
1621243034000;11583176;154.047;154.067;154.057;0;T;True;3
1621243035000;11583178;154.048;154.068;154.058;1;T;True;3
1621243036000;11583179;154.048;154.068;154.058;0;T;True;3
1621243037000;11583182;154.043;154.063;154.053;2;T;True;3
1621243038000;11583184;154.042;154.062;154.052;1;T;True;3
1621243039000;11583186;154.041;154.061;154.051;1;T;True;3
1621243040000;11583187;154.041;154.061;154.051;0;T;True;3
1621243041000;11583188;154.041;154.061;154.051;0;T;True;3
1621243042000;11583190;154.042;154.062;154.052;1;T;True;3
1621243043000;11583193;154.037;154.057;154.047;2;T;True;3
1621243044000;11583195;154.035;154.055;154.045;1;T;True;3
1621243045000;11583196;154.035;154.055;154.045;0;T;True;3
1621243046000;11583197;154.035;154.055;154.045;0;T;True;3
1621243047000;11583198;154.035;154.055;154.045;0;T;True;3
1621243048000;11583199;154.035;154.055;154.045;0;T;True;3
1621243049000;11583200;154.035;154.055;154.045;0;T;True;3
1621243050000;11583201;154.035;154.055;154.045;0;T;True;3
1621243051000;11583202;154.035;154.055;154.045;0;T;True;3
1621243052000;11583203;154.035;154.055;154.045;0;T;True;3
1621243053000;11583204;154.035;154.055;154.045;0;T;True;3
1621243054000;11583205;154.035;154.055;154.045;0;T;True;3
1621243055000;11583206;154.035;154.055;154.045;0;T;True;3
1621243056000;11583213;154.019;154.039;154.029;6;T;True;3
1621243057000;11583214;154.019;154.039;154.029;0;T;True;3
1621243058000;11583215;154.019;154.039;154.029;0;T;True;3
1621243059000;11583216;154.019;154.039;154.029;0;T;True;3
1621243060000;11583217;154.019;154.039;154.029;0;T;True;3
1621243061000;11583218;154.019;154.039;154.029;0;T;True;3
1621243062000;11583219;154.019;154.039;154.029;0;T;True;3
1621243063000;11583220;154.019;154.039;154.029;0;T;True;3
1621243064000;11583223;154.015;154.035;154.025;2;T;True;3
1621243065000;11583224;154.015;154.035;154.025;0;T;True;3
1621243066000;11583226;154.013;154.033;154.023;1;T;True;3
1621243067000;11583227;154.013;154.033;154.023;0;T;True;3
1621243068000;11583228;154.013;154.033;154.023;0;T;True;3
1621243069000;11583229;154.013;154.033;154.023;0;T;True;3
1621243070000;11583230;154.013;154.033;154.023;0;T;True;3
1621243071000;11583231;154.013;154.033;154.023;0;T;True;3
1621243072000;11583232;154.013;154.033;154.023;0;T;True;3
1621243073000;11583233;154.013;154.033;154.023;0;T;True;3
1621243074000;11583235;154.011;154.031;154.021;1;T;True;3
1621243075000;11583236;154.011;154.031;154.021;0;T;True;3
1621243076000;11583237;154.011;154.031;154.021;0;T;True;3
1621243077000;11583238;154.011;154.031;154.021;0;T;True;3
1621243078000;11583239;154.011;154.031;154.021;0;T;True;3
1621243079000;11583240;154.011;154.031;154.021;0;T;True;3
1621243080000;11583241;154.011;154.031;154.021;0;T;True;3
1621243081000;11583242;154.011;154.031;154.021;0;T;True;3
1621243082000;11583243;154.011;154.031;154.021;0;T;True;3
1621243083000;11583244;154.011;154.031;154.021;0;T;True;3
1621243084000;11583245;154.011;154.031;154.021;0;T;True;3
1621243085000;11583246;154.011;154.031;154.021;0;T;True;3
1621243086000;11583248;154.009;154.029;154.019;1;T;True;3
1621243087000;11583250;154.008;154.028;154.018;1;T;True;3
1621243088000;11583253;154.008;154.028;154.018;2;T;True;3
1621243089000;11583256;154.005;154.025;154.015;2;T;True;3
1621243090000;11583258;154.01;154.03;154.02;1;T;True;3
1621243091000;11583259;154.01;154.03;154.02;0;T;True;3
1621243092000;11583260;154.01;154.03;154.02;0;T;True;3
1621243093000;11583261;154.01;154.03;154.02;0;T;True;3
1621243094000;11583263;154.011;154.031;154.021;1;T;True;3
1621243095000;11583264;154.011;154.031;154.021;0;T;True;3
1621243096000;11583266;154.013;154.033;154.023;1;T;True;3
1621243097000;11583268;154.011;154.031;154.021;1;T;True;3
1621243098000;11583269;154.011;154.031;154.021;0;T;True;3
1621243099000;11583270;154.011;154.031;154.021;0;T;True;3
1621243100000;11583272;154.012;154.032;154.022;1;T;True;3
1621243101000;11583274;154.015;154.035;154.025;1;T;True;3
1621243102000;11583275;154.015;154.035;154.025;0;T;True;3
1621243103000;11583276;154.015;154.035;154.025;0;T;True;3
1621243104000;11583277;154.015;154.035;154.025;0;T;True;3
1621243105000;11583279;154.012;154.032;154.022;1;T;True;3
1621243106000;11583280;154.012;154.032;154.022;0;T;True;3
1621243107000;11583281;154.012;154.032;154.022;0;T;True;3
1621243108000;11583282;154.012;154.032;154.022;0;T;True;3
1621243109000;11583283;154.012;154.032;154.022;0;T;True;3
1621243110000;11583284;154.012;154.032;154.022;0;T;True;3
1621243111000;11583285;154.012;154.032;154.022;0;T;True;3
1621243112000;11583286;154.012;154.032;154.022;0;T;True;3
1621243113000;11583287;154.012;154.032;154.022;0;T;True;3
1621243114000;11583288;154.012;154.032;154.022;0;T;True;3
1621243115000;11583289;154.012;154.032;154.022;0;T;True;3
1621243116000;11583290;154.012;154.032;154.022;0;T;True;3
1621243117000;11583291;154.012;154.032;154.022;0;T;True;3
1621243118000;11583292;154.012;154.032;154.022;0;T;True;3
1621243119000;11583293;154.012;154.032;154.022;0;T;True;3
1621243120000;11583294;154.012;154.032;154.022;0;T;True;3
1621243121000;11583295;154.012;154.032;154.022;0;T;True;3
1621243122000;11583296;154.012;154.032;154.022;0;T;True;3
1621243123000;11583297;154.012;154.032;154.022;0;T;True;3
1621243124000;11583298;154.012;154.032;154.022;0;T;True;3
1621243125000;11583299;154.012;154.032;154.022;0;T;True;3
1621243126000;11583300;154.012;154.032;154.022;0;T;True;3
1621243127000;11583301;154.012;154.032;154.022;0;T;True;3
1621243128000;11583302;154.012;154.032;154.022;0;T;True;3
1621243129000;11583303;154.012;154.032;154.022;0;T;True;3
1621243130000;11583304;154.012;154.032;154.022;0;T;True;3
1621243131000;11583305;154.012;154.032;154.022;0;T;True;3
1621243132000;11583306;154.012;154.032;154.022;0;T;True;3
1621243133000;11583308;154.013;154.033;154.023;1;T;True;3
1621243134000;11583310;154.014;154.034;154.024;1;T;True;3
1621243135000;11583311;154.014;154.034;154.024;0;T;True;3
1621243136000;11583312;154.014;154.034;154.024;0;T;True;3
1621243137000;11583314;154.013;154.033;154.023;1;T;True;3
1621243138000;11583315;154.013;154.033;154.023;0;T;True;3
1621243139000;11583316;154.013;154.033;154.023;0;T;True;3
1621243140000;11583318;154.014;154.034;154.024;1;T;True;3
1621243141000;11583319;154.014;154.034;154.024;0;T;True;3
1621243142000;11583320;154.014;154.034;154.024;0;T;True;3
1621243143000;11583321;154.014;154.034;154.024;0;T;True;3
1621243144000;11583322;154.014;154.034;154.024;0;T;True;3
1621243145000;11583323;154.014;154.034;154.024;0;T;True;3
1621243146000;11583324;154.014;154.034;154.024;0;T;True;3
1621243147000;11583325;154.014;154.034;154.024;0;T;True;3
1621243148000;11583326;154.014;154.034;154.024;0;T;True;3
1621243149000;11583327;154.014;154.034;154.024;0;T;True;3
1621243150000;11583328;154.014;154.034;154.024;0;T;True;3
1621243151000;11583331;154.011;154.031;154.021;2;T;True;3
1621243152000;11583334;154.015;154.035;154.025;2;T;True;3
1621243153000;11583336;154.014;154.034;154.024;1;T;True;3
1621243154000;11583338;154.013;154.033;154.023;1;T;True;3
1621243155000;11583339;154.013;154.033;154.023;0;T;True;3
1621243156000;11583342;154.01;154.03;154.02;2;T;True;3
1621243157000;11583343;154.01;154.03;154.02;0;T;True;3
1621243158000;11583344;154.01;154.03;154.02;0;T;True;3
1621243159000;11583345;154.01;154.03;154.02;0;T;True;3
1621243160000;11583346;154.01;154.03;154.02;0;T;True;3
1621243161000;11583347;154.01;154.03;154.02;0;T;True;3
1621243162000;11583348;154.01;154.03;154.02;0;T;True;3
1621243163000;11583350;154.011;154.031;154.021;1;T;True;3
1621243164000;11583352;154.009;154.029;154.019;1;T;True;3
1621243165000;11583354;154.01;154.03;154.02;1;T;True;3
1621243166000;11583356;154.011;154.031;154.021;1;T;True;3
1621243167000;11583357;154.011;154.031;154.021;0;T;True;3
1621243168000;11583358;154.011;154.031;154.021;0;T;True;3
1621243169000;11583359;154.011;154.031;154.021;0;T;True;3
1621243170000;11583361;154.013;154.033;154.023;1;T;True;3
1621243171000;11583362;154.013;154.033;154.023;0;T;True;3
1621243172000;11583363;154.013;154.033;154.023;0;T;True;3
1621243173000;11583366;154.018;154.038;154.028;2;T;True;3
1621243174000;11583367;154.018;154.038;154.028;0;T;True;3
1621243175000;11583368;154.018;154.038;154.028;0;T;True;3
1621243176000;11583369;154.018;154.038;154.028;0;T;True;3
1621243177000;11583370;154.018;154.038;154.028;0;T;True;3
1621243178000;11583371;154.018;154.038;154.028;0;T;True;3
1621243179000;11583373;154.019;154.039;154.029;1;T;True;3
1621243180000;11583377;154.025;154.045;154.035;3;T;True;3
1621243181000;11583378;154.025;154.045;154.035;0;T;True;3
1621243182000;11583379;154.025;154.045;154.035;0;T;True;3
1621243183000;11583380;154.025;154.045;154.035;0;T;True;3
1621243184000;11583381;154.025;154.045;154.035;0;T;True;3
1621243185000;11583382;154.025;154.045;154.035;0;T;True;3
1621243186000;11583383;154.025;154.045;154.035;0;T;True;3
1621243187000;11583384;154.025;154.045;154.035;0;T;True;3
1621243188000;11583385;154.025;154.045;154.035;0;T;True;3
1621243189000;11583386;154.025;154.045;154.035;0;T;True;3
1621243190000;11583387;154.025;154.045;154.035;0;T;True;3
1621243191000;11583388;154.025;154.045;154.035;0;T;True;3
1621243192000;11583389;154.025;154.045;154.035;0;T;True;3
1621243193000;11583390;154.025;154.045;154.035;0;T;True;3
1621243194000;11583391;154.025;154.045;154.035;0;T;True;3
1621243195000;11583392;154.025;154.045;154.035;0;T;True;3
1621243196000;11583394;154.027;154.047;154.037;1;T;True;3
1621243197000;11583399;154.019;154.039;154.029;4;T;True;3
1621243198000;11583400;154.019;154.039;154.029;0;T;True;3
1621243199000;11583401;154.019;154.039;154.029;0;T;True;3
1621243200000;11583402;154.019;154.039;154.029;0;T;True;3
1621243201000;11583403;154.019;154.039;154.029;0;T;True;3
1621243202000;11583404;154.019;154.039;154.029;0;T;True;3
1621243203000;11583406;154.02;154.04;154.03;1;T;True;3
1621243204000;11583407;154.02;154.04;154.03;0;T;True;3
1621243205000;11583408;154.02;154.04;154.03;0;T;True;3
1621243206000;11583409;154.02;154.04;154.03;0;T;True;3
1621243207000;11583410;154.02;154.04;154.03;0;T;True;3
1621243208000;11583413;154.017;154.037;154.027;2;T;True;3
1621243209000;11583414;154.017;154.037;154.027;0;T;True;3
1621243210000;11583415;154.017;154.037;154.027;0;T;True;3
1621243211000;11583416;154.017;154.037;154.027;0;T;True;3
1621243212000;11583417;154.017;154.037;154.027;0;T;True;3
1621243213000;11583419;154.018;154.038;154.028;1;T;True;3
1621243214000;11583420;154.018;154.038;154.028;0;T;True;3
1621243215000;11583421;154.018;154.038;154.028;0;T;True;3
1621243216000;11583424;154.018;154.038;154.028;2;T;True;3
1621243217000;11583426;154.017;154.037;154.027;1;T;True;3
1621243218000;11583427;154.017;154.037;154.027;0;T;True;3
1621243219000;11583428;154.017;154.037;154.027;0;T;True;3
1621243220000;11583430;154.019;154.039;154.029;1;T;True;3
1621243221000;11583431;154.019;154.039;154.029;0;T;True;3
1621243222000;11583432;154.019;154.039;154.029;0;T;True;3
1621243223000;11583433;154.019;154.039;154.029;0;T;True;3
1621243224000;11583434;154.019;154.039;154.029;0;T;True;3
1621243225000;11583435;154.019;154.039;154.029;0;T;True;3
1621243226000;11583436;154.019;154.039;154.029;0;T;True;3
1621243227000;11583437;154.019;154.039;154.029;0;T;True;3
1621243228000;11583439;154.02;154.04;154.03;1;T;True;3
1621243229000;11583441;154.019;154.039;154.029;1;T;True;3
1621243230000;11583443;154.02;154.04;154.03;1;T;True;3
1621243231000;11583444;154.02;154.04;154.03;0;T;True;3
1621243232000;11583445;154.02;154.04;154.03;0;T;True;3
1621243233000;11583446;154.02;154.04;154.03;0;T;True;3
1621243234000;11583447;154.02;154.04;154.03;0;T;True;3
1621243235000;11583448;154.02;154.04;154.03;0;T;True;3
1621243236000;11583449;154.02;154.04;154.03;0;T;True;3
1621243237000;11583450;154.02;154.04;154.03;0;T;True;3
1621243238000;11583451;154.02;154.04;154.03;0;T;True;3
1621243239000;11583452;154.02;154.04;154.03;0;T;True;3
1621243240000;11583453;154.02;154.04;154.03;0;T;True;3
1621243241000;11583454;154.02;154.04;154.03;0;T;True;3
1621243242000;11583455;154.02;154.04;154.03;0;T;True;3
1621243243000;11583456;154.02;154.04;154.03;0;T;True;3
1621243244000;11583457;154.02;154.04;154.03;0;T;True;3
1621243245000;11583458;154.02;154.04;154.03;0;T;True;3
1621243246000;11583459;154.02;154.04;154.03;0;T;True;3
1621243247000;11583460;154.02;154.04;154.03;0;T;True;3
1621243248000;11583461;154.02;154.04;154.03;0;T;True;3
1621243249000;11583462;154.02;154.04;154.03;0;T;True;3
1621243250000;11583463;154.02;154.04;154.03;0;T;True;3
1621243251000;11583464;154.02;154.04;154.03;0;T;True;3
1621243252000;11583465;154.02;154.04;154.03;0;T;True;3
1621243253000;11583466;154.02;154.04;154.03;0;T;True;3
1621243254000;11583467;154.02;154.04;154.03;0;T;True;3
1621243255000;11583469;154.021;154.041;154.031;1;T;True;3
1621243256000;11583471;154.023;154.043;154.033;1;T;True;3
1621243257000;11583472;154.023;154.043;154.033;0;T;True;3
1621243258000;11583473;154.023;154.043;154.033;0;T;True;3
1621243259000;11583474;154.023;154.043;154.033;0;T;True;3
1621243260000;11583475;154.023;154.043;154.033;0;T;True;3
1621243261000;11583480;154.021;154.041;154.031;4;T;True;3
1621243262000;11583481;154.021;154.041;154.031;0;T;True;3
1621243263000;11583482;154.021;154.041;154.031;0;T;True;3
1621243264000;11583483;154.021;154.041;154.031;0;T;True;3
1621243265000;11583484;154.021;154.041;154.031;0;T;True;3
1621243266000;11583485;154.021;154.041;154.031;0;T;True;3
1621243267000;11583486;154.021;154.041;154.031;0;T;True;3
1621243268000;11583487;154.021;154.041;154.031;0;T;True;3
1621243269000;11583489;154.022;154.042;154.032;1;T;True;3
1621243270000;11583494;154.03;154.05;154.04;4;T;True;3
1621243271000;11583495;154.03;154.05;154.04;0;T;True;3
1621243272000;11583496;154.03;154.05;154.04;0;T;True;3
1621243273000;11583497;154.03;154.05;154.04;0;T;True;3
1621243274000;11583499;154.031;154.051;154.041;1;T;True;3
1621243275000;11583502;154.035;154.055;154.045;2;T;True;3
1621243276000;11583503;154.035;154.055;154.045;0;T;True;3
1621243277000;11583504;154.035;154.055;154.045;0;T;True;3
1621243278000;11583507;154.041;154.061;154.051;2;T;True;3
1621243279000;11583508;154.041;154.061;154.051;0;T;True;3
1621243280000;11583511;154.044;154.064;154.054;2;T;True;3
1621243281000;11583513;154.045;154.065;154.055;1;T;True;3
1621243282000;11583514;154.045;154.065;154.055;0;T;True;3
1621243283000;11583519;154.045;154.065;154.055;4;T;True;3
1621243284000;11583520;154.045;154.065;154.055;0;T;True;3
1621243285000;11583521;154.045;154.065;154.055;0;T;True;3
1621243286000;11583522;154.045;154.065;154.055;0;T;True;3
1621243287000;11583525;154.049;154.069;154.059;2;T;True;3
1621243288000;11583526;154.049;154.069;154.059;0;T;True;3
1621243289000;11583528;154.047;154.067;154.057;1;T;True;3
1621243290000;11583529;154.047;154.067;154.057;0;T;True;3
1621243291000;11583530;154.047;154.067;154.057;0;T;True;3
1621243292000;11583531;154.047;154.067;154.057;0;T;True;3
1621243293000;11583534;154.045;154.065;154.055;2;T;True;3
1621243294000;11583537;154.038;154.058;154.048;2;T;True;3
1621243295000;11583538;154.038;154.058;154.048;0;T;True;3
1621243296000;11583539;154.038;154.058;154.048;0;T;True;3
1621243297000;11583540;154.038;154.058;154.048;0;T;True;3
1621243298000;11583541;154.038;154.058;154.048;0;T;True;3
1621243299000;11583543;154.043;154.063;154.053;1;T;True;3
1621243300000;11583544;154.043;154.063;154.053;0;T;True;3
1621243301000;11583545;154.043;154.063;154.053;0;T;True;3
1621243302000;11583547;154.044;154.064;154.054;1;T;True;3
1621243303000;11583549;154.043;154.063;154.053;1;T;True;3
1621243304000;11583550;154.043;154.063;154.053;0;T;True;3
1621243305000;11583551;154.043;154.063;154.053;0;T;True;3
1621243306000;11583552;154.043;154.063;154.053;0;T;True;3
1621243307000;11583554;154.045;154.065;154.055;1;T;True;3
1621243308000;11583555;154.045;154.065;154.055;0;T;True;3
1621243309000;11583556;154.045;154.065;154.055;0;T;True;3
1621243310000;11583557;154.045;154.065;154.055;0;T;True;3
1621243311000;11583558;154.045;154.065;154.055;0;T;True;3
1621243312000;11583561;154.045;154.065;154.055;2;T;True;3
1621243313000;11583562;154.045;154.065;154.055;0;T;True;3
1621243314000;11583563;154.045;154.065;154.055;0;T;True;3
1621243315000;11583564;154.045;154.065;154.055;0;T;True;3
1621243316000;11583570;154.041;154.061;154.051;5;T;True;3
1621243317000;11583572;154.042;154.062;154.052;1;T;True;3
1621243318000;11583573;154.042;154.062;154.052;0;T;True;3
1621243319000;11583574;154.042;154.062;154.052;0;T;True;3
1621243320000;11583575;154.042;154.062;154.052;0;T;True;3
1621243321000;11583577;154.04;154.06;154.05;1;T;True;3
1621243322000;11583578;154.04;154.06;154.05;0;T;True;3
1621243323000;11583579;154.04;154.06;154.05;0;T;True;3
1621243324000;11583580;154.04;154.06;154.05;0;T;True;3
1621243325000;11583581;154.04;154.06;154.05;0;T;True;3
1621243326000;11583582;154.04;154.06;154.05;0;T;True;3
1621243327000;11583583;154.04;154.06;154.05;0;T;True;3
1621243328000;11583585;154.039;154.059;154.049;1;T;True;3
1621243329000;11583586;154.039;154.059;154.049;0;T;True;3
1621243330000;11583587;154.039;154.059;154.049;0;T;True;3
1621243331000;11583588;154.039;154.059;154.049;0;T;True;3
1621243332000;11583589;154.039;154.059;154.049;0;T;True;3
1621243333000;11583590;154.039;154.059;154.049;0;T;True;3
1621243334000;11583591;154.039;154.059;154.049;0;T;True;3
1621243335000;11583592;154.039;154.059;154.049;0;T;True;3
1621243336000;11583594;154.04;154.06;154.05;1;T;True;3
1621243337000;11583596;154.041;154.061;154.051;1;T;True;3
1621243338000;11583599;154.041;154.061;154.051;2;T;True;3
1621243339000;11583602;154.037;154.057;154.047;2;T;True;3
1621243340000;11583603;154.037;154.057;154.047;0;T;True;3
1621243341000;11583604;154.037;154.057;154.047;0;T;True;3
1621243342000;11583606;154.035;154.055;154.045;1;T;True;3
1621243343000;11583607;154.035;154.055;154.045;0;T;True;3
1621243344000;11583610;154.037;154.057;154.047;2;T;True;3
1621243345000;11583613;154.039;154.059;154.049;2;T;True;3
1621243346000;11583614;154.039;154.059;154.049;0;T;True;3
1621243347000;11583617;154.039;154.059;154.049;2;T;True;3
1621243348000;11583620;154.037;154.057;154.047;2;T;True;3
1621243349000;11583621;154.037;154.057;154.047;0;T;True;3
1621243350000;11583623;154.038;154.058;154.048;1;T;True;3
1621243351000;11583624;154.038;154.058;154.048;0;T;True;3
1621243352000;11583626;154.039;154.059;154.049;1;T;True;3
1621243353000;11583627;154.039;154.059;154.049;0;T;True;3
1621243354000;11583629;154.038;154.058;154.048;1;T;True;3
1621243355000;11583630;154.038;154.058;154.048;0;T;True;3
1621243356000;11583631;154.038;154.058;154.048;0;T;True;3
1621243357000;11583632;154.038;154.058;154.048;0;T;True;3
1621243358000;11583633;154.038;154.058;154.048;0;T;True;3
1621243359000;11583634;154.038;154.058;154.048;0;T;True;3
1621243360000;11583635;154.038;154.058;154.048;0;T;True;3
1621243361000;11583636;154.038;154.058;154.048;0;T;True;3
1621243362000;11583637;154.038;154.058;154.048;0;T;True;3
1621243363000;11583638;154.038;154.058;154.048;0;T;True;3
1621243364000;11583639;154.038;154.058;154.048;0;T;True;3
1621243365000;11583641;154.037;154.057;154.047;1;T;True;3
1621243366000;11583642;154.037;154.057;154.047;0;T;True;3
1621243367000;11583644;154.036;154.056;154.046;1;T;True;3
1621243368000;11583645;154.036;154.056;154.046;0;T;True;3
1621243369000;11583651;154.028;154.048;154.038;5;T;True;3
1621243370000;11583652;154.028;154.048;154.038;0;T;True;3
1621243371000;11583653;154.028;154.048;154.038;0;T;True;3
1621243372000;11583654;154.028;154.048;154.038;0;T;True;3
1621243373000;11583655;154.028;154.048;154.038;0;T;True;3
1621243374000;11583656;154.028;154.048;154.038;0;T;True;3
1621243375000;11583659;154.029;154.049;154.039;2;T;True;3
1621243376000;11583661;154.03;154.05;154.04;1;T;True;3
1621243377000;11583662;154.03;154.05;154.04;0;T;True;3
1621243378000;11583663;154.03;154.05;154.04;0;T;True;3
1621243379000;11583664;154.03;154.05;154.04;0;T;True;3
1621243380000;11583665;154.03;154.05;154.04;0;T;True;3
1621243381000;11583667;154.031;154.051;154.041;1;T;True;3
1621243382000;11583668;154.031;154.051;154.041;0;T;True;3
1621243383000;11583669;154.031;154.051;154.041;0;T;True;3
1621243384000;11583670;154.031;154.051;154.041;0;T;True;3
1621243385000;11583671;154.031;154.051;154.041;0;T;True;3
1621243386000;11583672;154.031;154.051;154.041;0;T;True;3
1621243387000;11583675;154.027;154.047;154.037;2;T;True;3
1621243388000;11583676;154.027;154.047;154.037;0;T;True;3
1621243389000;11583677;154.027;154.047;154.037;0;T;True;3
1621243390000;11583678;154.027;154.047;154.037;0;T;True;3
1621243391000;11583679;154.027;154.047;154.037;0;T;True;3
1621243392000;11583681;154.029;154.049;154.039;1;T;True;3
1621243393000;11583682;154.029;154.049;154.039;0;T;True;3
1621243394000;11583683;154.029;154.049;154.039;0;T;True;3
1621243395000;11583684;154.029;154.049;154.039;0;T;True;3
1621243396000;11583685;154.029;154.049;154.039;0;T;True;3
1621243397000;11583686;154.029;154.049;154.039;0;T;True;3
1621243398000;11583687;154.029;154.049;154.039;0;T;True;3
1621243399000;11583688;154.029;154.049;154.039;0;T;True;3
1621243400000;11583689;154.029;154.049;154.039;0;T;True;3
1621243401000;11583690;154.029;154.049;154.039;0;T;True;3
1621243402000;11583691;154.029;154.049;154.039;0;T;True;3
1621243403000;11583692;154.029;154.049;154.039;0;T;True;3
1621243404000;11583693;154.029;154.049;154.039;0;T;True;3
1621243405000;11583695;154.027;154.047;154.037;1;T;True;3
1621243406000;11583696;154.027;154.047;154.037;0;T;True;3
1621243407000;11583697;154.027;154.047;154.037;0;T;True;3
1621243408000;11583698;154.027;154.047;154.037;0;T;True;3
1621243409000;11583699;154.027;154.047;154.037;0;T;True;3
1621243410000;11583700;154.027;154.047;154.037;0;T;True;3
1621243411000;11583701;154.027;154.047;154.037;0;T;True;3
1621243412000;11583702;154.027;154.047;154.037;0;T;True;3
1621243413000;11583703;154.027;154.047;154.037;0;T;True;3
1621243414000;11583704;154.027;154.047;154.037;0;T;True;3
1621243415000;11583705;154.027;154.047;154.037;0;T;True;3
1621243416000;11583706;154.027;154.047;154.037;0;T;True;3
1621243417000;11583707;154.027;154.047;154.037;0;T;True;3
1621243418000;11583709;154.03;154.05;154.04;1;T;True;3
1621243419000;11583710;154.03;154.05;154.04;0;T;True;3
1621243420000;11583711;154.03;154.05;154.04;0;T;True;3
1621243421000;11583712;154.03;154.05;154.04;0;T;True;3
1621243422000;11583715;154.03;154.05;154.04;2;T;True;3
1621243423000;11583716;154.03;154.05;154.04;0;T;True;3
1621243424000;11583718;154.031;154.051;154.041;1;T;True;3
1621243425000;11583719;154.031;154.051;154.041;0;T;True;3
1621243426000;11583721;154.029;154.049;154.039;1;T;True;3
1621243427000;11583722;154.029;154.049;154.039;0;T;True;3
1621243428000;11583723;154.029;154.049;154.039;0;T;True;3
1621243429000;11583724;154.029;154.049;154.039;0;T;True;3
1621243430000;11583727;154.032;154.052;154.042;2;T;True;3
1621243431000;11583728;154.032;154.052;154.042;0;T;True;3
1621243432000;11583729;154.032;154.052;154.042;0;T;True;3
1621243433000;11583731;154.033;154.053;154.043;1;T;True;3
1621243434000;11583732;154.033;154.053;154.043;0;T;True;3
1621243435000;11583733;154.033;154.053;154.043;0;T;True;3
1621243436000;11583734;154.033;154.053;154.043;0;T;True;3
1621243437000;11583735;154.033;154.053;154.043;0;T;True;3
1621243438000;11583737;154.031;154.051;154.041;1;T;True;3
1621243439000;11583738;154.031;154.051;154.041;0;T;True;3
1621243440000;11583739;154.031;154.051;154.041;0;T;True;3
1621243441000;11583740;154.031;154.051;154.041;0;T;True;3
1621243442000;11583741;154.031;154.051;154.041;0;T;True;3
1621243443000;11583742;154.031;154.051;154.041;0;T;True;3
1621243444000;11583745;154.033;154.053;154.043;2;T;True;3
1621243445000;11583746;154.033;154.053;154.043;0;T;True;3
1621243446000;11583747;154.033;154.053;154.043;0;T;True;3
1621243447000;11583750;154.035;154.055;154.045;2;T;True;3
1621243448000;11583752;154.034;154.054;154.044;1;T;True;3
1621243449000;11583753;154.034;154.054;154.044;0;T;True;3
1621243450000;11583755;154.035;154.055;154.045;1;T;True;3
1621243451000;11583756;154.035;154.055;154.045;0;T;True;3
1621243452000;11583757;154.035;154.055;154.045;0;T;True;3
1621243453000;11583758;154.035;154.055;154.045;0;T;True;3
1621243454000;11583759;154.035;154.055;154.045;0;T;True;3
1621243455000;11583760;154.035;154.055;154.045;0;T;True;3
1621243456000;11583761;154.035;154.055;154.045;0;T;True;3
1621243457000;11583762;154.035;154.055;154.045;0;T;True;3
1621243458000;11583765;154.039;154.059;154.049;2;T;True;3
1621243459000;11583768;154.033;154.053;154.043;2;T;True;3
1621243460000;11583769;154.033;154.053;154.043;0;T;True;3
1621243461000;11583770;154.033;154.053;154.043;0;T;True;3
1621243462000;11583771;154.033;154.053;154.043;0;T;True;3
1621243463000;11583772;154.033;154.053;154.043;0;T;True;3
1621243464000;11583773;154.033;154.053;154.043;0;T;True;3
1621243465000;11583774;154.033;154.053;154.043;0;T;True;3
1621243466000;11583775;154.033;154.053;154.043;0;T;True;3
1621243467000;11583776;154.033;154.053;154.043;0;T;True;3
1621243468000;11583777;154.033;154.053;154.043;0;T;True;3
1621243469000;11583778;154.033;154.053;154.043;0;T;True;3
1621243470000;11583779;154.033;154.053;154.043;0;T;True;3
1621243471000;11583780;154.033;154.053;154.043;0;T;True;3
1621243472000;11583782;154.034;154.054;154.044;1;T;True;3
1621243473000;11583784;154.035;154.055;154.045;1;T;True;3
1621243474000;11583788;154.029;154.049;154.039;3;T;True;3
1621243475000;11583789;154.029;154.049;154.039;0;T;True;3
1621243476000;11583791;154.03;154.05;154.04;1;T;True;3
1621243477000;11583792;154.03;154.05;154.04;0;T;True;3
1621243478000;11583793;154.03;154.05;154.04;0;T;True;3
1621243479000;11583795;154.033;154.053;154.043;1;T;True;3
1621243480000;11583796;154.033;154.053;154.043;0;T;True;3
1621243481000;11583799;154.039;154.059;154.049;2;T;True;3
1621243482000;11583801;154.041;154.061;154.051;1;T;True;3
1621243483000;11583802;154.041;154.061;154.051;0;T;True;3
1621243484000;11583804;154.043;154.063;154.053;1;T;True;3
1621243485000;11583805;154.043;154.063;154.053;0;T;True;3
1621243486000;11583806;154.043;154.063;154.053;0;T;True;3
1621243487000;11583807;154.043;154.063;154.053;0;T;True;3
1621243488000;11583811;154.041;154.061;154.051;3;T;True;3
1621243489000;11583814;154.045;154.065;154.055;2;T;True;3
1621243490000;11583817;154.05;154.07;154.06;2;T;True;3
1621243491000;11583818;154.05;154.07;154.06;0;T;True;3
1621243492000;11583819;154.05;154.07;154.06;0;T;True;3
1621243493000;11583820;154.05;154.07;154.06;0;T;True;3
1621243494000;11583822;154.051;154.071;154.061;1;T;True;3
1621243495000;11583823;154.051;154.071;154.061;0;T;True;3
1621243496000;11583824;154.051;154.071;154.061;0;T;True;3
1621243497000;11583825;154.051;154.071;154.061;0;T;True;3
1621243498000;11583826;154.051;154.071;154.061;0;T;True;3
1621243499000;11583827;154.051;154.071;154.061;0;T;True;3
1621243500000;11583828;154.051;154.071;154.061;0;T;True;3
1621243501000;11583832;154.047;154.067;154.057;3;T;True;3
1621243502000;11583839;154.032;154.052;154.042;6;T;True;3
1621243503000;11583840;154.032;154.052;154.042;0;T;True;3
1621243504000;11583841;154.032;154.052;154.042;0;T;True;3
1621243505000;11583843;154.033;154.053;154.043;1;T;True;3
1621243506000;11583845;154.034;154.054;154.044;1;T;True;3
1621243507000;11583847;154.035;154.055;154.045;1;T;True;3
1621243508000;11583848;154.035;154.055;154.045;0;T;True;3
1621243509000;11583849;154.035;154.055;154.045;0;T;True;3
1621243510000;11583851;154.033;154.053;154.043;1;T;True;3
1621243511000;11583854;154.033;154.053;154.043;2;T;True;3
1621243512000;11583855;154.033;154.053;154.043;0;T;True;3
1621243513000;11583856;154.033;154.053;154.043;0;T;True;3
1621243514000;11583858;154.032;154.052;154.042;1;T;True;3
1621243515000;11583859;154.032;154.052;154.042;0;T;True;3
1621243516000;11583860;154.032;154.052;154.042;0;T;True;3
1621243517000;11583861;154.032;154.052;154.042;0;T;True;3
1621243518000;11583862;154.032;154.052;154.042;0;T;True;3
1621243519000;11583863;154.032;154.052;154.042;0;T;True;3
1621243520000;11583867;154.035;154.055;154.045;3;T;True;3
1621243521000;11583868;154.035;154.055;154.045;0;T;True;3
1621243522000;11583869;154.035;154.055;154.045;0;T;True;3
1621243523000;11583870;154.035;154.055;154.045;0;T;True;3
1621243524000;11583871;154.035;154.055;154.045;0;T;True;3
1621243525000;11583872;154.035;154.055;154.045;0;T;True;3
1621243526000;11583874;154.033;154.053;154.043;1;T;True;3
1621243527000;11583876;154.031;154.051;154.041;1;T;True;3
1621243528000;11583877;154.031;154.051;154.041;0;T;True;3
1621243529000;11583878;154.031;154.051;154.041;0;T;True;3
1621243530000;11583880;154.032;154.052;154.042;1;T;True;3
1621243531000;11583881;154.032;154.052;154.042;0;T;True;3
1621243532000;11583882;154.032;154.052;154.042;0;T;True;3
1621243533000;11583883;154.032;154.052;154.042;0;T;True;3
1621243534000;11583884;154.032;154.052;154.042;0;T;True;3
1621243535000;11583885;154.032;154.052;154.042;0;T;True;3
1621243536000;11583886;154.032;154.052;154.042;0;T;True;3
1621243537000;11583888;154.034;154.054;154.044;1;T;True;3
1621243538000;11583890;154.039;154.059;154.049;1;T;True;3
1621243539000;11583891;154.039;154.059;154.049;0;T;True;3
1621243540000;11583893;154.041;154.061;154.051;1;T;True;3
1621243541000;11583895;154.04;154.06;154.05;1;T;True;3
1621243542000;11583896;154.04;154.06;154.05;0;T;True;3
1621243543000;11583900;154.033;154.053;154.043;3;T;True;3
1621243544000;11583902;154.031;154.051;154.041;1;T;True;3
1621243545000;11583904;154.03;154.05;154.04;1;T;True;3
1621243546000;11583905;154.03;154.05;154.04;0;T;True;3
1621243547000;11583907;154.029;154.049;154.039;1;T;True;3
1621243548000;11583908;154.029;154.049;154.039;0;T;True;3
1621243549000;11583909;154.029;154.049;154.039;0;T;True;3
1621243550000;11583910;154.029;154.049;154.039;0;T;True;3
1621243551000;11583911;154.029;154.049;154.039;0;T;True;3
1621243552000;11583913;154.03;154.05;154.04;1;T;True;3
1621243553000;11583914;154.03;154.05;154.04;0;T;True;3
1621243554000;11583915;154.03;154.05;154.04;0;T;True;3
1621243555000;11583918;154.031;154.051;154.041;2;T;True;3
1621243556000;11583923;154.029;154.049;154.039;4;T;True;3
1621243557000;11583924;154.029;154.049;154.039;0;T;True;3
1621243558000;11583927;154.029;154.049;154.039;2;T;True;3
1621243559000;11583928;154.029;154.049;154.039;0;T;True;3
1621243560000;11583931;154.025;154.045;154.035;2;T;True;3
1621243561000;11583934;154.027;154.047;154.037;2;T;True;3
1621243562000;11583936;154.026;154.046;154.036;1;T;True;3
1621243563000;11583943;154.037;154.057;154.047;6;T;True;3
1621243564000;11583944;154.037;154.057;154.047;0;T;True;3
1621243565000;11583945;154.037;154.057;154.047;0;T;True;3
1621243566000;11583946;154.037;154.057;154.047;0;T;True;3
1621243567000;11583947;154.037;154.057;154.047;0;T;True;3
1621243568000;11583948;154.037;154.057;154.047;0;T;True;3
1621243569000;11583949;154.037;154.057;154.047;0;T;True;3
1621243570000;11583950;154.037;154.057;154.047;0;T;True;3
1621243571000;11583951;154.037;154.057;154.047;0;T;True;3
1621243572000;11583953;154.038;154.058;154.048;1;T;True;3
1621243573000;11583954;154.038;154.058;154.048;0;T;True;3
1621243574000;11583955;154.038;154.058;154.048;0;T;True;3
1621243575000;11583957;154.037;154.057;154.047;1;T;True;3
1621243576000;11583958;154.037;154.057;154.047;0;T;True;3
1621243577000;11583959;154.037;154.057;154.047;0;T;True;3
1621243578000;11583960;154.037;154.057;154.047;0;T;True;3
1621243579000;11583962;154.035;154.055;154.045;1;T;True;3
1621243580000;11583963;154.035;154.055;154.045;0;T;True;3
1621243581000;11583965;154.033;154.053;154.043;1;T;True;3
1621243582000;11583968;154.033;154.053;154.043;2;T;True;3
1621243583000;11583969;154.033;154.053;154.043;0;T;True;3
1621243584000;11583970;154.033;154.053;154.043;0;T;True;3
1621243585000;11583971;154.033;154.053;154.043;0;T;True;3
1621243586000;11583972;154.033;154.053;154.043;0;T;True;3
1621243587000;11583974;154.03;154.05;154.04;1;T;True;3
1621243588000;11583975;154.03;154.05;154.04;0;T;True;3
1621243589000;11583978;154.025;154.045;154.035;2;T;True;3
1621243590000;11583979;154.025;154.045;154.035;0;T;True;3
