ts;n;bid;ask;value;volume;phase;round;active_id
1621263462000;11621295;154.168;154.188;154.178;2;T;True;3
1621263463000;11621299;154.16;154.18;154.17;3;T;True;3
1621263464000;11621305;154.153;154.173;154.163;5;T;True;3
1621263465000;11621308;154.153;154.173;154.163;2;T;True;3
1621263466000;11621310;154.155;154.175;154.165;1;T;True;3
1621263467000;11621313;154.151;154.171;154.161;2;T;True;3
1621263468000;11621318;154.151;154.171;154.161;4;T;True;3
1621263469000;11621325;154.157;154.177;154.167;6;T;True;3
1621263470000;11621329;154.157;154.177;154.167;3;T;True;3
1621263471000;11621338;154.149;154.169;154.159;8;T;True;3
1621263472000;11621342;154.151;154.171;154.161;3;T;True;3
1621263473000;11621344;154.152;154.172;154.162;1;T;True;3
1621263474000;11621346;154.151;154.171;154.161;1;T;True;3
1621263475000;11621350;154.152;154.172;154.162;3;T;True;3
1621263476000;11621352;154.151;154.171;154.161;1;T;True;3
1621263477000;11621354;154.153;154.173;154.163;1;T;True;3
1621263478000;11621358;154.151;154.171;154.161;3;T;True;3
1621263479000;11621362;154.141;154.161;154.151;3;T;True;3
1621263480000;11621365;154.131;154.151;154.141;2;T;True;3
1621263481000;11621371;154.131;154.151;154.141;5;T;True;3
1621263482000;11621375;154.132;154.152;154.142;3;T;True;3
1621263483000;11621378;154.135;154.155;154.145;2;T;True;3
1621263484000;11621384;154.145;154.165;154.155;5;T;True;3
1621263485000;11621389;154.144;154.164;154.154;4;T;True;3
1621263486000;11621392;154.149;154.169;154.159;2;T;True;3
1621263487000;11621398;154.147;154.167;154.157;5;T;True;3
1621263488000;11621402;154.151;154.171;154.161;3;T;True;3
1621263489000;11621403;154.151;154.171;154.161;0;T;True;3
1621263490000;11621405;154.153;154.173;154.163;1;T;True;3
1621263491000;11621409;154.159;154.179;154.169;3;T;True;3
1621263492000;11621416;154.171;154.191;154.181;6;T;True;3
1621263493000;11621422;154.172;154.192;154.182;5;T;True;3
1621263494000;11621426;154.165;154.185;154.175;3;T;True;3
1621263495000;11621429;154.164;154.184;154.174;2;T;True;3
1621263496000;11621432;154.164;154.184;154.174;2;T;True;3
1621263497000;11621433;154.164;154.184;154.174;0;T;True;3
1621263498000;11621435;154.163;154.183;154.173;1;T;True;3
1621263499000;11621436;154.163;154.183;154.173;0;T;True;3
1621263500000;11621439;154.162;154.182;154.172;2;T;True;3
1621263501000;11621441;154.161;154.181;154.171;1;T;True;3
1621263502000;11621443;154.159;154.179;154.169;1;T;True;3
1621263503000;11621444;154.159;154.179;154.169;0;T;True;3
1621263504000;11621449;154.165;154.185;154.175;4;T;True;3
1621263505000;11621451;154.164;154.184;154.174;1;T;True;3
1621263506000;11621454;154.164;154.184;154.174;2;T;True;3
1621263507000;11621459;154.167;154.187;154.177;4;T;True;3
1621263508000;11621467;154.175;154.195;154.185;7;T;True;3
1621263509000;11621471;154.179;154.199;154.189;3;T;True;3
1621263510000;11621477;154.165;154.185;154.175;5;T;True;3
1621263511000;11621482;154.169;154.189;154.179;4;T;True;3
1621263512000;11621487;154.173;154.193;154.183;4;T;True;3
1621263513000;11621495;154.175;154.195;154.185;7;T;True;3
1621263514000;11621501;154.171;154.191;154.181;5;T;True;3
1621263515000;11621505;154.166;154.186;154.176;3;T;True;3
1621263516000;11621508;154.165;154.185;154.175;2;T;True;3
1621263517000;11621516;154.157;154.177;154.167;7;T;True;3
1621263518000;11621522;154.164;154.184;154.174;5;T;True;3
1621263519000;11621525;154.165;154.185;154.175;2;T;True;3
1621263520000;11621533;154.168;154.188;154.178;7;T;True;3
1621263521000;11621541;154.168;154.188;154.178;7;T;True;3
1621263522000;11621543;154.171;154.191;154.181;1;T;True;3
1621263523000;11621545;154.169;154.189;154.179;1;T;True;3
1621263524000;11621551;154.154;154.174;154.164;5;T;True;3
1621263525000;11621553;154.153;154.173;154.163;1;T;True;3
1621263526000;11621555;154.155;154.175;154.165;1;T;True;3
1621263527000;11621558;154.156;154.176;154.166;2;T;True;3
1621263528000;11621567;154.163;154.183;154.173;8;T;True;3
1621263529000;11621576;154.153;154.173;154.163;8;T;True;3
1621263530000;11621579;154.155;154.175;154.165;2;T;True;3
1621263531000;11621582;154.155;154.175;154.165;2;T;True;3
1621263532000;11621583;154.155;154.175;154.165;0;T;True;3
1621263533000;11621585;154.154;154.174;154.164;1;T;True;3
1621263534000;11621589;154.149;154.169;154.159;3;T;True;3
1621263535000;11621593;154.147;154.167;154.157;3;T;True;3
1621263536000;11621596;154.147;154.167;154.157;2;T;True;3
1621263537000;11621600;154.149;154.169;154.159;3;T;True;3
1621263538000;11621604;154.146;154.166;154.156;3;T;True;3
1621263539000;11621605;154.146;154.166;154.156;0;T;True;3
1621263540000;11621608;154.149;154.169;154.159;2;T;True;3
1621263541000;11621613;154.153;154.173;154.163;4;T;True;3
1621263542000;11621615;154.151;154.171;154.161;1;T;True;3
1621263543000;11621622;154.16;154.18;154.17;6;T;True;3
1621263544000;11621625;154.16;154.18;154.17;2;T;True;3
1621263545000;11621630;154.16;154.18;154.17;4;T;True;3
1621263546000;11621633;154.159;154.179;154.169;2;T;True;3
1621263547000;11621634;154.159;154.179;154.169;0;T;True;3
1621263548000;11621637;154.161;154.181;154.171;2;T;True;3
1621263549000;11621639;154.165;154.185;154.175;1;T;True;3
1621263550000;11621647;154.143;154.163;154.153;7;T;True;3
1621263551000;11621651;154.137;154.157;154.147;3;T;True;3
1621263552000;11621656;154.136;154.156;154.146;4;T;True;3
1621263553000;11621663;154.129;154.149;154.139;6;T;True;3
1621263554000;11621667;154.129;154.149;154.139;3;T;True;3
1621263555000;11621675;154.126;154.146;154.136;7;T;True;3
1621263556000;11621678;154.131;154.151;154.141;2;T;True;3
1621263557000;11621682;154.127;154.147;154.137;3;T;True;3
1621263558000;11621687;154.139;154.159;154.149;4;T;True;3
1621263559000;11621690;154.137;154.157;154.147;2;T;True;3
1621263560000;11621691;154.137;154.157;154.147;0;T;True;3
1621263561000;11621692;154.137;154.157;154.147;0;T;True;3
1621263562000;11621694;154.138;154.158;154.148;1;T;True;3
1621263563000;11621699;154.142;154.162;154.152;4;T;True;3
1621263564000;11621702;154.145;154.165;154.155;2;T;True;3
1621263565000;11621709;154.152;154.172;154.162;6;T;True;3
1621263566000;11621716;154.155;154.175;154.165;6;T;True;3
1621263567000;11621718;154.157;154.177;154.167;1;T;True;3
1621263568000;11621719;154.157;154.177;154.167;0;T;True;3
1621263569000;11621720;154.157;154.177;154.167;0;T;True;3
1621263570000;11621725;154.163;154.183;154.173;4;T;True;3
1621263571000;11621730;154.166;154.186;154.176;4;T;True;3
1621263572000;11621736;154.169;154.189;154.179;5;T;True;3
1621263573000;11621742;154.171;154.191;154.181;5;T;True;3
1621263574000;11621746;154.172;154.192;154.182;3;T;True;3
1621263575000;11621750;154.169;154.189;154.179;3;T;True;3
1621263576000;11621754;154.168;154.188;154.178;3;T;True;3
1621263577000;11621758;154.171;154.191;154.181;3;T;True;3
1621263578000;11621759;154.171;154.191;154.181;0;T;True;3
1621263579000;11621763;154.175;154.195;154.185;3;T;True;3
1621263580000;11621764;154.175;154.195;154.185;0;T;True;3
1621263581000;11621770;154.174;154.194;154.184;5;T;True;3
1621263582000;11621780;154.166;154.186;154.176;9;T;True;3
1621263583000;11621787;154.156;154.176;154.166;6;T;True;3
1621263584000;11621790;154.153;154.173;154.163;2;T;True;3
1621263585000;11621793;154.151;154.171;154.161;2;T;True;3
1621263586000;11621798;154.159;154.179;154.169;4;T;True;3
1621263587000;11621800;154.161;154.181;154.171;1;T;True;3
1621263588000;11621807;154.159;154.179;154.169;6;T;True;3
1621263589000;11621810;154.157;154.177;154.167;2;T;True;3
1621263590000;11621812;154.156;154.176;154.166;1;T;True;3
1621263591000;11621815;154.153;154.173;154.163;2;T;True;3
1621263592000;11621818;154.153;154.173;154.163;2;T;True;3
1621263593000;11621820;154.154;154.174;154.164;1;T;True;3
1621263594000;11621825;154.152;154.172;154.162;4;T;True;3
1621263595000;11621828;154.149;154.169;154.159;2;T;True;3
1621263596000;11621830;154.15;154.17;154.16;1;T;True;3
1621263597000;11621832;154.149;154.169;154.159;1;T;True;3
1621263598000;11621833;154.149;154.169;154.159;0;T;True;3
1621263599000;11621840;154.139;154.159;154.149;6;T;True;3
1621263600000;11621841;154.139;154.159;154.149;0;T;True;3
1621263601000;11621845;154.139;154.159;154.149;3;T;True;3
1621263602000;11621850;154.147;154.167;154.157;4;T;True;3
1621263603000;11621858;154.128;154.148;154.138;7;T;True;3
1621263604000;11621862;154.135;154.155;154.145;3;T;True;3
1621263605000;11621865;154.138;154.158;154.148;2;T;True;3
1621263606000;11621868;154.138;154.158;154.148;2;T;True;3
1621263607000;11621870;154.137;154.157;154.147;1;T;True;3
1621263608000;11621877;154.141;154.161;154.151;6;T;True;3
1621263609000;11621884;154.147;154.167;154.157;6;T;True;3
1621263610000;11621890;154.149;154.169;154.159;5;T;True;3
1621263611000;11621895;154.153;154.173;154.163;4;T;True;3
1621263612000;11621899;154.154;154.174;154.164;3;T;True;3
1621263613000;11621905;154.147;154.167;154.157;5;T;True;3
1621263614000;11621909;154.148;154.168;154.158;3;T;True;3
1621263615000;11621913;154.147;154.167;154.157;3;T;True;3
1621263616000;11621917;154.149;154.169;154.159;3;T;True;3
1621263617000;11621918;154.149;154.169;154.159;0;T;True;3
1621263618000;11621920;154.15;154.17;154.16;1;T;True;3
1621263619000;11621921;154.15;154.17;154.16;0;T;True;3
1621263620000;11621922;154.15;154.17;154.16;0;T;True;3
1621263621000;11621924;154.151;154.171;154.161;1;T;True;3
1621263622000;11621931;154.139;154.159;154.149;6;T;True;3
1621263623000;11621935;154.141;154.161;154.151;3;T;True;3
1621263624000;11621938;154.139;154.159;154.149;2;T;True;3
1621263625000;11621942;154.143;154.163;154.153;3;T;True;3
1621263626000;11621945;154.144;154.164;154.154;2;T;True;3
1621263627000;11621949;154.141;154.161;154.151;3;T;True;3
1621263628000;11621955;154.153;154.173;154.163;5;T;True;3
1621263629000;11621958;154.151;154.171;154.161;2;T;True;3
1621263630000;11621959;154.151;154.171;154.161;0;T;True;3
1621263631000;11621962;154.153;154.173;154.163;2;T;True;3
1621263632000;11621964;154.151;154.171;154.161;1;T;True;3
1621263633000;11621969;154.141;154.161;154.151;4;T;True;3
1621263634000;11621974;154.141;154.161;154.151;4;T;True;3
1621263635000;11621976;154.143;154.163;154.153;1;T;True;3
1621263636000;11621978;154.144;154.164;154.154;1;T;True;3
1621263637000;11621985;154.146;154.166;154.156;6;T;True;3
1621263638000;11621988;154.149;154.169;154.159;2;T;True;3
1621263639000;11621992;154.151;154.171;154.161;3;T;True;3
1621263640000;11621996;154.153;154.173;154.163;3;T;True;3
1621263641000;11622000;154.159;154.179;154.169;3;T;True;3
1621263642000;11622003;154.155;154.175;154.165;2;T;True;3
1621263643000;11622004;154.155;154.175;154.165;0;T;True;3
1621263644000;11622009;154.157;154.177;154.167;4;T;True;3
1621263645000;11622012;154.157;154.177;154.167;2;T;True;3
1621263646000;11622017;154.159;154.179;154.169;4;T;True;3
1621263647000;11622019;154.161;154.181;154.171;1;T;True;3
1621263648000;11622023;154.164;154.184;154.174;3;T;True;3
1621263649000;11622028;154.163;154.183;154.173;4;T;True;3
1621263650000;11622030;154.165;154.185;154.175;1;T;True;3
1621263651000;11622031;154.165;154.185;154.175;0;T;True;3
1621263652000;11622033;154.163;154.183;154.173;1;T;True;3
1621263653000;11622035;154.156;154.176;154.166;1;T;True;3
1621263654000;11622036;154.156;154.176;154.166;0;T;True;3
1621263655000;11622039;154.153;154.173;154.163;2;T;True;3
1621263656000;11622044;154.156;154.176;154.166;4;T;True;3
1621263657000;11622047;154.155;154.175;154.165;2;T;True;3
1621263658000;11622048;154.155;154.175;154.165;0;T;True;3
1621263659000;11622051;154.148;154.168;154.158;2;T;True;3
1621263660000;11622059;154.137;154.157;154.147;7;T;True;3
1621263661000;11622064;154.142;154.162;154.152;4;T;True;3
1621263662000;11622067;154.144;154.164;154.154;2;T;True;3
1621263663000;11622071;154.147;154.167;154.157;3;T;True;3
1621263664000;11622075;154.153;154.173;154.163;3;T;True;3
1621263665000;11622078;154.151;154.171;154.161;2;T;True;3
1621263666000;11622080;154.149;154.169;154.159;1;T;True;3
1621263667000;11622081;154.149;154.169;154.159;0;T;True;3
1621263668000;11622085;154.149;154.169;154.159;3;T;True;3
1621263669000;11622087;154.151;154.171;154.161;1;T;True;3
1621263670000;11622093;154.16;154.18;154.17;5;T;True;3
1621263671000;11622096;154.158;154.178;154.168;2;T;True;3
1621263672000;11622104;154.164;154.184;154.174;7;T;True;3
1621263673000;11622108;154.163;154.183;154.173;3;T;True;3
1621263674000;11622110;154.165;154.185;154.175;1;T;True;3
1621263675000;11622113;154.16;154.18;154.17;2;T;True;3
1621263676000;11622119;154.157;154.177;154.167;5;T;True;3
1621263677000;11622122;154.16;154.18;154.17;2;T;True;3
1621263678000;11622124;154.159;154.179;154.169;1;T;True;3
1621263679000;11622125;154.159;154.179;154.169;0;T;True;3
1621263680000;11622128;154.159;154.179;154.169;2;T;True;3
1621263681000;11622133;154.159;154.179;154.169;4;T;True;3
1621263682000;11622138;154.163;154.183;154.173;4;T;True;3
1621263683000;11622140;154.165;154.185;154.175;1;T;True;3
1621263684000;11622142;154.163;154.183;154.173;1;T;True;3
1621263685000;11622145;154.163;154.183;154.173;2;T;True;3
1621263686000;11622148;154.16;154.18;154.17;2;T;True;3
1621263687000;11622151;154.156;154.176;154.166;2;T;True;3
1621263688000;11622155;154.157;154.177;154.167;3;T;True;3
1621263689000;11622157;154.155;154.175;154.165;1;T;True;3
1621263690000;11622159;154.157;154.177;154.167;1;T;True;3
1621263691000;11622165;154.157;154.177;154.167;5;T;True;3
1621263692000;11622169;154.154;154.174;154.164;3;T;True;3
1621263693000;11622172;154.157;154.177;154.167;2;T;True;3
1621263694000;11622174;154.156;154.176;154.166;1;T;True;3
1621263695000;11622177;154.155;154.175;154.165;2;T;True;3
1621263696000;11622180;154.15;154.17;154.16;2;T;True;3
1621263697000;11622184;154.141;154.161;154.151;3;T;True;3
1621263698000;11622186;154.143;154.163;154.153;1;T;True;3
1621263699000;11622191;154.139;154.159;154.149;4;T;True;3
1621263700000;11622194;154.137;154.157;154.147;2;T;True;3
1621263701000;11622202;154.129;154.149;154.139;7;T;True;3
1621263702000;11622203;154.129;154.149;154.139;0;T;True;3
1621263703000;11622207;154.134;154.154;154.144;3;T;True;3
1621263704000;11622216;154.117;154.137;154.127;8;T;True;3
1621263705000;11622218;154.118;154.138;154.128;1;T;True;3
1621263706000;11622223;154.123;154.143;154.133;4;T;True;3
1621263707000;11622228;154.125;154.145;154.135;4;T;True;3
1621263708000;11622235;154.129;154.149;154.139;6;T;True;3
1621263709000;11622238;154.132;154.152;154.142;2;T;True;3
1621263710000;11622239;154.132;154.152;154.142;0;T;True;3
1621263711000;11622242;154.134;154.154;154.144;2;T;True;3
1621263712000;11622244;154.135;154.155;154.145;1;T;True;3
1621263713000;11622247;154.137;154.157;154.147;2;T;True;3
1621263714000;11622248;154.137;154.157;154.147;0;T;True;3
1621263715000;11622250;154.142;154.162;154.152;1;T;True;3
1621263716000;11622254;154.145;154.165;154.155;3;T;True;3
1621263717000;11622258;154.156;154.176;154.166;3;T;True;3
1621263718000;11622259;154.156;154.176;154.166;0;T;True;3
1621263719000;11622262;154.153;154.173;154.163;2;T;True;3
1621263720000;11622270;154.144;154.164;154.154;7;T;True;3
1621263721000;11622273;154.144;154.164;154.154;2;T;True;3
1621263722000;11622276;154.145;154.165;154.155;2;T;True;3
1621263723000;11622279;154.142;154.162;154.152;2;T;True;3
1621263724000;11622281;154.141;154.161;154.151;1;T;True;3
1621263725000;11622282;154.141;154.161;154.151;0;T;True;3
1621263726000;11622286;154.135;154.155;154.145;3;T;True;3
1621263727000;11622289;154.135;154.155;154.145;2;T;True;3
1621263728000;11622291;154.137;154.157;154.147;1;T;True;3
1621263729000;11622296;154.137;154.157;154.147;4;T;True;3
1621263730000;11622299;154.137;154.157;154.147;2;T;True;3
1621263731000;11622300;154.137;154.157;154.147;0;T;True;3
1621263732000;11622302;154.138;154.158;154.148;1;T;True;3
1621263733000;11622303;154.138;154.158;154.148;0;T;True;3
1621263734000;11622306;154.141;154.161;154.151;2;T;True;3
1621263735000;11622307;154.141;154.161;154.151;0;T;True;3
1621263736000;11622311;154.146;154.166;154.156;3;T;True;3
1621263737000;11622317;154.132;154.152;154.142;5;T;True;3
1621263738000;11622318;154.132;154.152;154.142;0;T;True;3
1621263739000;11622323;154.133;154.153;154.143;4;T;True;3
1621263740000;11622324;154.133;154.153;154.143;0;T;True;3
1621263741000;11622325;154.133;154.153;154.143;0;T;True;3
1621263742000;11622328;154.135;154.155;154.145;2;T;True;3
1621263743000;11622334;154.139;154.159;154.149;5;T;True;3
1621263744000;11622336;154.137;154.157;154.147;1;T;True;3
1621263745000;11622337;154.137;154.157;154.147;0;T;True;3
1621263746000;11622345;154.141;154.161;154.151;7;T;True;3
1621263747000;11622350;154.135;154.155;154.145;4;T;True;3
1621263748000;11622351;154.135;154.155;154.145;0;T;True;3
1621263749000;11622352;154.135;154.155;154.145;0;T;True;3
1621263750000;11622354;154.133;154.153;154.143;1;T;True;3
1621263751000;11622358;154.131;154.151;154.141;3;T;True;3
1621263752000;11622359;154.131;154.151;154.141;0;T;True;3
1621263753000;11622362;154.135;154.155;154.145;2;T;True;3
1621263754000;11622363;154.135;154.155;154.145;0;T;True;3
1621263755000;11622364;154.135;154.155;154.145;0;T;True;3
1621263756000;11622366;154.138;154.158;154.148;1;T;True;3
1621263757000;11622367;154.138;154.158;154.148;0;T;True;3
1621263758000;11622368;154.138;154.158;154.148;0;T;True;3
1621263759000;11622374;154.147;154.167;154.157;5;T;True;3
1621263760000;11622376;154.149;154.169;154.159;1;T;True;3
1621263761000;11622377;154.149;154.169;154.159;0;T;True;3
1621263762000;11622378;154.149;154.169;154.159;0;T;True;3
1621263763000;11622380;154.148;154.168;154.158;1;T;True;3
1621263764000;11622382;154.149;154.169;154.159;1;T;True;3
1621263765000;11622385;154.147;154.167;154.157;2;T;True;3
1621263766000;11622388;154.143;154.163;154.153;2;T;True;3
1621263767000;11622390;154.142;154.162;154.152;1;T;True;3
1621263768000;11622395;154.145;154.165;154.155;4;T;True;3
1621263769000;11622399;154.145;154.165;154.155;3;T;True;3
1621263770000;11622407;154.132;154.152;154.142;7;T;True;3
1621263771000;11622409;154.135;154.155;154.145;1;T;True;3
1621263772000;11622410;154.135;154.155;154.145;0;T;True;3
1621263773000;11622415;154.125;154.145;154.135;4;T;True;3
1621263774000;11622416;154.125;154.145;154.135;0;T;True;3
1621263775000;11622419;154.123;154.143;154.133;2;T;True;3
1621263776000;11622424;154.123;154.143;154.133;4;T;True;3
1621263777000;11622427;154.126;154.146;154.136;2;T;True;3
1621263778000;11622431;154.128;154.148;154.138;3;T;True;3
1621263779000;11622433;154.129;154.149;154.139;1;T;True;3
1621263780000;11622436;154.133;154.153;154.143;2;T;True;3
1621263781000;11622439;154.139;154.159;154.149;2;T;True;3
1621263782000;11622442;154.139;154.159;154.149;2;T;True;3
1621263783000;11622444;154.14;154.16;154.15;1;T;True;3
1621263784000;11622448;154.15;154.17;154.16;3;T;True;3
1621263785000;11622452;154.147;154.167;154.157;3;T;True;3
1621263786000;11622455;154.149;154.169;154.159;2;T;True;3
1621263787000;11622457;154.148;154.168;154.158;1;T;True;3
1621263788000;11622459;154.149;154.169;154.159;1;T;True;3
1621263789000;11622461;154.151;154.171;154.161;1;T;True;3
1621263790000;11622464;154.147;154.167;154.157;2;T;True;3
1621263791000;11622466;154.149;154.169;154.159;1;T;True;3
1621263792000;11622468;154.148;154.168;154.158;1;T;True;3
1621263793000;11622470;154.147;154.167;154.157;1;T;True;3
1621263794000;11622471;154.147;154.167;154.157;0;T;True;3
1621263795000;11622472;154.147;154.167;154.157;0;T;True;3
1621263796000;11622476;154.148;154.168;154.158;3;T;True;3
1621263797000;11622478;154.147;154.167;154.157;1;T;True;3
1621263798000;11622483;154.145;154.165;154.155;4;T;True;3
1621263799000;11622487;154.149;154.169;154.159;3;T;True;3
1621263800000;11622490;154.151;154.171;154.161;2;T;True;3
1621263801000;11622493;154.157;154.177;154.167;2;T;True;3
1621263802000;11622497;154.157;154.177;154.167;3;T;True;3
1621263803000;11622499;154.155;154.175;154.165;1;T;True;3
1621263804000;11622500;154.155;154.175;154.165;0;T;True;3
1621263805000;11622505;154.154;154.174;154.164;4;T;True;3
1621263806000;11622507;154.153;154.173;154.163;1;T;True;3
1621263807000;11622508;154.153;154.173;154.163;0;T;True;3
1621263808000;11622510;154.151;154.171;154.161;1;T;True;3
1621263809000;11622515;154.157;154.177;154.167;4;T;True;3
1621263810000;11622518;154.153;154.173;154.163;2;T;True;3
1621263811000;11622521;154.157;154.177;154.167;2;T;True;3
1621263812000;11622522;154.157;154.177;154.167;0;T;True;3
1621263813000;11622525;154.151;154.171;154.161;2;T;True;3
1621263814000;11622526;154.151;154.171;154.161;0;T;True;3
1621263815000;11622528;154.153;154.173;154.163;1;T;True;3
1621263816000;11622533;154.156;154.176;154.166;4;T;True;3
1621263817000;11622536;154.161;154.181;154.171;2;T;True;3
1621263818000;11622537;154.161;154.181;154.171;0;T;True;3
1621263819000;11622539;154.162;154.182;154.172;1;T;True;3
1621263820000;11622545;154.163;154.183;154.173;5;T;True;3
1621263821000;11622547;154.162;154.182;154.172;1;T;True;3
1621263822000;11622548;154.162;154.182;154.172;0;T;True;3
1621263823000;11622551;154.165;154.185;154.175;2;T;True;3
1621263824000;11622555;154.167;154.187;154.177;3;T;True;3
1621263825000;11622558;154.165;154.185;154.175;2;T;True;3
1621263826000;11622567;154.151;154.171;154.161;8;T;True;3
1621263827000;11622571;154.153;154.173;154.163;3;T;True;3
1621263828000;11622572;154.153;154.173;154.163;0;T;True;3
1621263829000;11622575;154.155;154.175;154.165;2;T;True;3
1621263830000;11622576;154.155;154.175;154.165;0;T;True;3
1621263831000;11622579;154.158;154.178;154.168;2;T;True;3
1621263832000;11622583;154.163;154.183;154.173;3;T;True;3
1621263833000;11622584;154.163;154.183;154.173;0;T;True;3
1621263834000;11622586;154.164;154.184;154.174;1;T;True;3
1621263835000;11622588;154.163;154.183;154.173;1;T;True;3
1621263836000;11622589;154.163;154.183;154.173;0;T;True;3
1621263837000;11622591;154.164;154.184;154.174;1;T;True;3
1621263838000;11622593;154.165;154.185;154.175;1;T;True;3
1621263839000;11622596;154.163;154.183;154.173;2;T;True;3
1621263840000;11622597;154.163;154.183;154.173;0;T;True;3
1621263841000;11622599;154.166;154.186;154.176;1;T;True;3
1621263842000;11622600;154.166;154.186;154.176;0;T;True;3
1621263843000;11622601;154.166;154.186;154.176;0;T;True;3
1621263844000;11622604;154.171;154.191;154.181;2;T;True;3
1621263845000;11622605;154.171;154.191;154.181;0;T;True;3
1621263846000;11622606;154.171;154.191;154.181;0;T;True;3
1621263847000;11622607;154.171;154.191;154.181;0;T;True;3
1621263848000;11622608;154.171;154.191;154.181;0;T;True;3
1621263849000;11622610;154.169;154.189;154.179;1;T;True;3
1621263850000;11622611;154.169;154.189;154.179;0;T;True;3
1621263851000;11622614;154.167;154.187;154.177;2;T;True;3
1621263852000;11622615;154.167;154.187;154.177;0;T;True;3
1621263853000;11622620;154.173;154.193;154.183;4;T;True;3
1621263854000;11622623;154.169;154.189;154.179;2;T;True;3
1621263855000;11622627;154.171;154.191;154.181;3;T;True;3
1621263856000;11622628;154.171;154.191;154.181;0;T;True;3
1621263857000;11622631;154.173;154.193;154.183;2;T;True;3
1621263858000;11622632;154.173;154.193;154.183;0;T;True;3
1621263859000;11622634;154.174;154.194;154.184;1;T;True;3
1621263860000;11622635;154.174;154.194;154.184;0;T;True;3
1621263861000;11622636;154.174;154.194;154.184;0;T;True;3
1621263862000;11622638;154.175;154.195;154.185;1;T;True;3
1621263863000;11622639;154.175;154.195;154.185;0;T;True;3
1621263864000;11622640;154.175;154.195;154.185;0;T;True;3
1621263865000;11622642;154.178;154.198;154.188;1;T;True;3
1621263866000;11622643;154.178;154.198;154.188;0;T;True;3
1621263867000;11622644;154.178;154.198;154.188;0;T;True;3
1621263868000;11622645;154.178;154.198;154.188;0;T;True;3
1621263869000;11622649;154.182;154.202;154.192;3;T;True;3
1621263870000;11622651;154.184;154.204;154.194;1;T;True;3
1621263871000;11622652;154.184;154.204;154.194;0;T;True;3
1621263872000;11622654;154.183;154.203;154.193;1;T;True;3
1621263873000;11622656;154.185;154.205;154.195;1;T;True;3
1621263874000;11622660;154.178;154.198;154.188;3;T;True;3
1621263875000;11622663;154.177;154.197;154.187;2;T;True;3
1621263876000;11622664;154.177;154.197;154.187;0;T;True;3
1621263877000;11622665;154.177;154.197;154.187;0;T;True;3
1621263878000;11622666;154.177;154.197;154.187;0;T;True;3
1621263879000;11622667;154.177;154.197;154.187;0;T;True;3
1621263880000;11622668;154.177;154.197;154.187;0;T;True;3
1621263881000;11622669;154.177;154.197;154.187;0;T;True;3
1621263882000;11622670;154.177;154.197;154.187;0;T;True;3
1621263883000;11622671;154.177;154.197;154.187;0;T;True;3
1621263884000;11622673;154.175;154.195;154.185;1;T;True;3
1621263885000;11622674;154.175;154.195;154.185;0;T;True;3
1621263886000;11622675;154.175;154.195;154.185;0;T;True;3
1621263887000;11622677;154.176;154.196;154.186;1;T;True;3
1621263888000;11622679;154.177;154.197;154.187;1;T;True;3
1621263889000;11622681;154.176;154.196;154.186;1;T;True;3
1621263890000;11622682;154.176;154.196;154.186;0;T;True;3
1621263891000;11622685;154.176;154.196;154.186;2;T;True;3
1621263892000;11622686;154.176;154.196;154.186;0;T;True;3
1621263893000;11622687;154.176;154.196;154.186;0;T;True;3
1621263894000;11622689;154.175;154.195;154.185;1;T;True;3
1621263895000;11622692;154.181;154.201;154.191;2;T;True;3
1621263896000;11622693;154.181;154.201;154.191;0;T;True;3
1621263897000;11622695;154.182;154.202;154.192;1;T;True;3
1621263898000;11622698;154.181;154.201;154.191;2;T;True;3
1621263899000;11622704;154.179;154.199;154.189;5;T;True;3
1621263900000;11622705;154.179;154.199;154.189;0;T;True;3
1621263901000;11622710;154.173;154.193;154.183;4;T;True;3
1621263902000;11622711;154.173;154.193;154.183;0;T;True;3
1621263903000;11622714;154.178;154.198;154.188;2;T;True;3
1621263904000;11622715;154.178;154.198;154.188;0;T;True;3
1621263905000;11622717;154.179;154.199;154.189;1;T;True;3
1621263906000;11622719;154.181;154.201;154.191;1;T;True;3
1621263907000;11622721;154.18;154.2;154.19;1;T;True;3
1621263908000;11622723;154.178;154.198;154.188;1;T;True;3
1621263909000;11622726;154.178;154.198;154.188;2;T;True;3
1621263910000;11622729;154.174;154.194;154.184;2;T;True;3
1621263911000;11622730;154.174;154.194;154.184;0;T;True;3
1621263912000;11622731;154.174;154.194;154.184;0;T;True;3
1621263913000;11622733;154.175;154.195;154.185;1;T;True;3
1621263914000;11622736;154.178;154.198;154.188;2;T;True;3
1621263915000;11622738;154.181;154.201;154.191;1;T;True;3
1621263916000;11622741;154.181;154.201;154.191;2;T;True;3
1621263917000;11622743;154.179;154.199;154.189;1;T;True;3
1621263918000;11622744;154.179;154.199;154.189;0;T;True;3
1621263919000;11622745;154.179;154.199;154.189;0;T;True;3
1621263920000;11622747;154.178;154.198;154.188;1;T;True;3
1621263921000;11622748;154.178;154.198;154.188;0;T;True;3
1621263922000;11622749;154.178;154.198;154.188;0;T;True;3
1621263923000;11622751;154.179;154.199;154.189;1;T;True;3
1621263924000;11622753;154.181;154.201;154.191;1;T;True;3
1621263925000;11622756;154.182;154.202;154.192;2;T;True;3
1621263926000;11622758;154.179;154.199;154.189;1;T;True;3
1621263927000;11622759;154.179;154.199;154.189;0;T;True;3
1621263928000;11622760;154.179;154.199;154.189;0;T;True;3
1621263929000;11622761;154.179;154.199;154.189;0;T;True;3
1621263930000;11622762;154.179;154.199;154.189;0;T;True;3
1621263931000;11622763;154.179;154.199;154.189;0;T;True;3
1621263932000;11622764;154.179;154.199;154.189;0;T;True;3
1621263933000;11622766;154.178;154.198;154.188;1;T;True;3
1621263934000;11622767;154.178;154.198;154.188;0;T;True;3
1621263935000;11622768;154.178;154.198;154.188;0;T;True;3
1621263936000;11622771;154.178;154.198;154.188;2;T;True;3
1621263937000;11622772;154.178;154.198;154.188;0;T;True;3
1621263938000;11622774;154.179;154.199;154.189;1;T;True;3
1621263939000;11622775;154.179;154.199;154.189;0;T;True;3
1621263940000;11622776;154.179;154.199;154.189;0;T;True;3
1621263941000;11622778;154.181;154.201;154.191;1;T;True;3
1621263942000;11622779;154.181;154.201;154.191;0;T;True;3
1621263943000;11622780;154.181;154.201;154.191;0;T;True;3
1621263944000;11622781;154.181;154.201;154.191;0;T;True;3
1621263945000;11622782;154.181;154.201;154.191;0;T;True;3
1621263946000;11622783;154.181;154.201;154.191;0;T;True;3
1621263947000;11622784;154.181;154.201;154.191;0;T;True;3
1621263948000;11622785;154.181;154.201;154.191;0;T;True;3
1621263949000;11622786;154.181;154.201;154.191;0;T;True;3
1621263950000;11622787;154.181;154.201;154.191;0;T;True;3
1621263951000;11622789;154.179;154.199;154.189;1;T;True;3
1621263952000;11622791;154.18;154.2;154.19;1;T;True;3
1621263953000;11622795;154.185;154.205;154.195;3;T;True;3
1621263954000;11622797;154.184;154.204;154.194;1;T;True;3
1621263955000;11622798;154.184;154.204;154.194;0;T;True;3
1621263956000;11622799;154.184;154.204;154.194;0;T;True;3
1621263957000;11622800;154.184;154.204;154.194;0;T;True;3
1621263958000;11622802;154.186;154.206;154.196;1;T;True;3
1621263959000;11622805;154.179;154.199;154.189;2;T;True;3
1621263960000;11622806;154.179;154.199;154.189;0;T;True;3
1621263961000;11622807;154.179;154.199;154.189;0;T;True;3
1621263962000;11622808;154.179;154.199;154.189;0;T;True;3
1621263963000;11622809;154.179;154.199;154.189;0;T;True;3
1621263964000;11622810;154.179;154.199;154.189;0;T;True;3
1621263965000;11622811;154.179;154.199;154.189;0;T;True;3
1621263966000;11622812;154.179;154.199;154.189;0;T;True;3
1621263967000;11622814;154.178;154.198;154.188;1;T;True;3
1621263968000;11622816;154.177;154.197;154.187;1;T;True;3
1621263969000;11622817;154.177;154.197;154.187;0;T;True;3
1621263970000;11622820;154.184;154.204;154.194;2;T;True;3
1621263971000;11622822;154.186;154.206;154.196;1;T;True;3
1621263972000;11622823;154.186;154.206;154.196;0;T;True;3
1621263973000;11622826;154.185;154.205;154.195;2;T;True;3
1621263974000;11622830;154.185;154.205;154.195;3;T;True;3
1621263975000;11622831;154.185;154.205;154.195;0;T;True;3
1621263976000;11622832;154.185;154.205;154.195;0;T;True;3
1621263977000;11622835;154.189;154.209;154.199;2;T;True;3
1621263978000;11622836;154.189;154.209;154.199;0;T;True;3
1621263979000;11622837;154.189;154.209;154.199;0;T;True;3
1621263980000;11622838;154.189;154.209;154.199;0;T;True;3
1621263981000;11622839;154.189;154.209;154.199;0;T;True;3
1621263982000;11622842;154.186;154.206;154.196;2;T;True;3
1621263983000;11622843;154.186;154.206;154.196;0;T;True;3
1621263984000;11622844;154.186;154.206;154.196;0;T;True;3
1621263985000;11622845;154.186;154.206;154.196;0;T;True;3
1621263986000;11622846;154.186;154.206;154.196;0;T;True;3
1621263987000;11622847;154.186;154.206;154.196;0;T;True;3
1621263988000;11622848;154.186;154.206;154.196;0;T;True;3
1621263989000;11622849;154.186;154.206;154.196;0;T;True;3
1621263990000;11622850;154.186;154.206;154.196;0;T;True;3
1621263991000;11622853;154.187;154.207;154.197;2;T;True;3
1621263992000;11622856;154.183;154.203;154.193;2;T;True;3
1621263993000;11622857;154.183;154.203;154.193;0;T;True;3
1621263994000;11622858;154.183;154.203;154.193;0;T;True;3
1621263995000;11622859;154.183;154.203;154.193;0;T;True;3
1621263996000;11622862;154.185;154.205;154.195;2;T;True;3
1621263997000;11622863;154.185;154.205;154.195;0;T;True;3
1621263998000;11622864;154.185;154.205;154.195;0;T;True;3
1621263999000;11622865;154.185;154.205;154.195;0;T;True;3
1621264000000;11622867;154.183;154.203;154.193;1;T;True;3
1621264001000;11622870;154.185;154.205;154.195;2;T;True;3
1621264002000;11622871;154.185;154.205;154.195;0;T;True;3
1621264003000;11622872;154.185;154.205;154.195;0;T;True;3
1621264004000;11622873;154.185;154.205;154.195;0;T;True;3
1621264005000;11622874;154.185;154.205;154.195;0;T;True;3
1621264006000;11622880;154.177;154.197;154.187;5;T;True;3
1621264007000;11622881;154.177;154.197;154.187;0;T;True;3
1621264008000;11622882;154.177;154.197;154.187;0;T;True;3
1621264009000;11622883;154.177;154.197;154.187;0;T;True;3
1621264010000;11622884;154.177;154.197;154.187;0;T;True;3
1621264011000;11622885;154.177;154.197;154.187;0;T;True;3
1621264012000;11622888;154.171;154.191;154.181;2;T;True;3
1621264013000;11622889;154.171;154.191;154.181;0;T;True;3
1621264014000;11622890;154.171;154.191;154.181;0;T;True;3
1621264015000;11622892;154.167;154.187;154.177;1;T;True;3
1621264016000;11622894;154.169;154.189;154.179;1;T;True;3
1621264017000;11622898;154.166;154.186;154.176;3;T;True;3
1621264018000;11622899;154.166;154.186;154.176;0;T;True;3
1621264019000;11622900;154.166;154.186;154.176;0;T;True;3
1621264020000;11622902;154.167;154.187;154.177;1;T;True;3
1621264021000;11622905;154.167;154.187;154.177;2;T;True;3
1621264022000;11622911;154.173;154.193;154.183;5;T;True;3
1621264023000;11622912;154.173;154.193;154.183;0;T;True;3
1621264024000;11622913;154.173;154.193;154.183;0;T;True;3
1621264025000;11622914;154.173;154.193;154.183;0;T;True;3
1621264026000;11622916;154.171;154.191;154.181;1;T;True;3
1621264027000;11622920;154.166;154.186;154.176;3;T;True;3
1621264028000;11622925;154.165;154.185;154.175;4;T;True;3
1621264029000;11622927;154.164;154.184;154.174;1;T;True;3
1621264030000;11622928;154.164;154.184;154.174;0;T;True;3
1621264031000;11622929;154.164;154.184;154.174;0;T;True;3
1621264032000;11622933;154.165;154.185;154.175;3;T;True;3
1621264033000;11622934;154.165;154.185;154.175;0;T;True;3
1621264034000;11622935;154.165;154.185;154.175;0;T;True;3
1621264035000;11622936;154.165;154.185;154.175;0;T;True;3
1621264036000;11622937;154.165;154.185;154.175;0;T;True;3
1621264037000;11622938;154.165;154.185;154.175;0;T;True;3
1621264038000;11622939;154.165;154.185;154.175;0;T;True;3
1621264039000;11622943;154.179;154.199;154.189;3;T;True;3
1621264040000;11622944;154.179;154.199;154.189;0;T;True;3
1621264041000;11622945;154.179;154.199;154.189;0;T;True;3
1621264042000;11622946;154.179;154.199;154.189;0;T;True;3
1621264043000;11622949;154.185;154.205;154.195;2;T;True;3
1621264044000;11622951;154.187;154.207;154.197;1;T;True;3
1621264045000;11622957;154.186;154.206;154.196;5;T;True;3
1621264046000;11622958;154.186;154.206;154.196;0;T;True;3
1621264047000;11622959;154.186;154.206;154.196;0;T;True;3
1621264048000;11622962;154.187;154.207;154.197;2;T;True;3
1621264049000;11622963;154.187;154.207;154.197;0;T;True;3
1621264050000;11622965;154.185;154.205;154.195;1;T;True;3
1621264051000;11622967;154.187;154.207;154.197;1;T;True;3
1621264052000;11622968;154.187;154.207;154.197;0;T;True;3
1621264053000;11622969;154.187;154.207;154.197;0;T;True;3
1621264054000;11622972;154.193;154.213;154.203;2;T;True;3
1621264055000;11622974;154.192;154.212;154.202;1;T;True;3
1621264056000;11622977;154.189;154.209;154.199;2;T;True;3
1621264057000;11622980;154.192;154.212;154.202;2;T;True;3
1621264058000;11622983;154.189;154.209;154.199;2;T;True;3
1621264059000;11622984;154.189;154.209;154.199;0;T;True;3
1621264060000;11622985;154.189;154.209;154.199;0;T;True;3
1621264061000;11622987;154.187;154.207;154.197;1;T;True;3
1621264062000;11622990;154.188;154.208;154.198;2;T;True;3
1621264063000;11622991;154.188;154.208;154.198;0;T;True;3
1621264064000;11622996;154.181;154.201;154.191;4;T;True;3
1621264065000;11622998;154.183;154.203;154.193;1;T;True;3
1621264066000;11622999;154.183;154.203;154.193;0;T;True;3
1621264067000;11623001;154.187;154.207;154.197;1;T;True;3
1621264068000;11623002;154.187;154.207;154.197;0;T;True;3
1621264069000;11623003;154.187;154.207;154.197;0;T;True;3
1621264070000;11623004;154.187;154.207;154.197;0;T;True;3
1621264071000;11623005;154.187;154.207;154.197;0;T;True;3
1621264072000;11623006;154.187;154.207;154.197;0;T;True;3
1621264073000;11623007;154.187;154.207;154.197;0;T;True;3
1621264074000;11623009;154.185;154.205;154.195;1;T;True;3
1621264075000;11623011;154.186;154.206;154.196;1;T;True;3
1621264076000;11623015;154.183;154.203;154.193;3;T;True;3
1621264077000;11623017;154.181;154.201;154.191;1;T;True;3
1621264078000;11623020;154.181;154.201;154.191;2;T;True;3
1621264079000;11623022;154.182;154.202;154.192;1;T;True;3
1621264080000;11623024;154.181;154.201;154.191;1;T;True;3
1621264081000;11623025;154.181;154.201;154.191;0;T;True;3
1621264082000;11623027;154.18;154.2;154.19;1;T;True;3
1621264083000;11623029;154.181;154.201;154.191;1;T;True;3
1621264084000;11623031;154.183;154.203;154.193;1;T;True;3
1621264085000;11623033;154.185;154.205;154.195;1;T;True;3
1621264086000;11623035;154.183;154.203;154.193;1;T;True;3
1621264087000;11623036;154.183;154.203;154.193;0;T;True;3
1621264088000;11623037;154.183;154.203;154.193;0;T;True;3
1621264089000;11623039;154.181;154.201;154.191;1;T;True;3
1621264090000;11623042;154.181;154.201;154.191;2;T;True;3
1621264091000;11623043;154.181;154.201;154.191;0;T;True;3
1621264092000;11623045;154.182;154.202;154.192;1;T;True;3
1621264093000;11623048;154.189;154.209;154.199;2;T;True;3
1621264094000;11623050;154.19;154.21;154.2;1;T;True;3
1621264095000;11623052;154.192;154.212;154.202;1;T;True;3
1621264096000;11623053;154.192;154.212;154.202;0;T;True;3
1621264097000;11623056;154.189;154.209;154.199;2;T;True;3
1621264098000;11623057;154.189;154.209;154.199;0;T;True;3
1621264099000;11623058;154.189;154.209;154.199;0;T;True;3
1621264100000;11623060;154.187;154.207;154.197;1;T;True;3
1621264101000;11623061;154.187;154.207;154.197;0;T;True;3
1621264102000;11623062;154.187;154.207;154.197;0;T;True;3
1621264103000;11623064;154.185;154.205;154.195;1;T;True;3
1621264104000;11623066;154.184;154.204;154.194;1;T;True;3
1621264105000;11623068;154.179;154.199;154.189;1;T;True;3
1621264106000;11623069;154.179;154.199;154.189;0;T;True;3
1621264107000;11623070;154.179;154.199;154.189;0;T;True;3
1621264108000;11623071;154.179;154.199;154.189;0;T;True;3
1621264109000;11623072;154.179;154.199;154.189;0;T;True;3
1621264110000;11623073;154.179;154.199;154.189;0;T;True;3
1621264111000;11623076;154.175;154.195;154.185;2;T;True;3
1621264112000;11623077;154.175;154.195;154.185;0;T;True;3
1621264113000;11623079;154.173;154.193;154.183;1;T;True;3
1621264114000;11623080;154.173;154.193;154.183;0;T;True;3
1621264115000;11623081;154.173;154.193;154.183;0;T;True;3
1621264116000;11623082;154.173;154.193;154.183;0;T;True;3
1621264117000;11623085;154.171;154.191;154.181;2;T;True;3
1621264118000;11623086;154.171;154.191;154.181;0;T;True;3
1621264119000;11623088;154.172;154.192;154.182;1;T;True;3
1621264120000;11623089;154.172;154.192;154.182;0;T;True;3
1621264121000;11623090;154.172;154.192;154.182;0;T;True;3
1621264122000;11623091;154.172;154.192;154.182;0;T;True;3
1621264123000;11623094;154.17;154.19;154.18;2;T;True;3
1621264124000;11623095;154.17;154.19;154.18;0;T;True;3
1621264125000;11623096;154.17;154.19;154.18;0;T;True;3
1621264126000;11623097;154.17;154.19;154.18;0;T;True;3
1621264127000;11623098;154.17;154.19;154.18;0;T;True;3
1621264128000;11623099;154.17;154.19;154.18;0;T;True;3
1621264129000;11623100;154.17;154.19;154.18;0;T;True;3
1621264130000;11623101;154.17;154.19;154.18;0;T;True;3
1621264131000;11623102;154.17;154.19;154.18;0;T;True;3
1621264132000;11623105;154.17;154.19;154.18;2;T;True;3
1621264133000;11623113;154.171;154.191;154.181;7;T;True;3
1621264134000;11623116;154.167;154.187;154.177;2;T;True;3
1621264135000;11623117;154.167;154.187;154.177;0;T;True;3
1621264136000;11623118;154.167;154.187;154.177;0;T;True;3
1621264137000;11623119;154.167;154.187;154.177;0;T;True;3
1621264138000;11623120;154.167;154.187;154.177;0;T;True;3
1621264139000;11623123;154.167;154.187;154.177;2;T;True;3
1621264140000;11623124;154.167;154.187;154.177;0;T;True;3
1621264141000;11623128;154.162;154.182;154.172;3;T;True;3
1621264142000;11623130;154.163;154.183;154.173;1;T;True;3
1621264143000;11623132;154.161;154.181;154.171;1;T;True;3
1621264144000;11623135;154.163;154.183;154.173;2;T;True;3
1621264145000;11623142;154.173;154.193;154.183;6;T;True;3
1621264146000;11623145;154.171;154.191;154.181;2;T;True;3
1621264147000;11623147;154.17;154.19;154.18;1;T;True;3
1621264148000;11623149;154.171;154.191;154.181;1;T;True;3
1621264149000;11623152;154.169;154.189;154.179;2;T;True;3
1621264150000;11623154;154.168;154.188;154.178;1;T;True;3
1621264151000;11623155;154.168;154.188;154.178;0;T;True;3
1621264152000;11623157;154.167;154.187;154.177;1;T;True;3
1621264153000;11623159;154.169;154.189;154.179;1;T;True;3
1621264154000;11623162;154.167;154.187;154.177;2;T;True;3
1621264155000;11623163;154.167;154.187;154.177;0;T;True;3
1621264156000;11623166;154.169;154.189;154.179;2;T;True;3
1621264157000;11623168;154.167;154.187;154.177;1;T;True;3
1621264158000;11623170;154.166;154.186;154.176;1;T;True;3
1621264159000;11623174;154.165;154.185;154.175;3;T;True;3
1621264160000;11623175;154.165;154.185;154.175;0;T;True;3
1621264161000;11623178;154.169;154.189;154.179;2;T;True;3
1621264162000;11623179;154.169;154.189;154.179;0;T;True;3
1621264163000;11623180;154.169;154.189;154.179;0;T;True;3
1621264164000;11623182;154.167;154.187;154.177;1;T;True;3
1621264165000;11623185;154.167;154.187;154.177;2;T;True;3
1621264166000;11623187;154.169;154.189;154.179;1;T;True;3
1621264167000;11623188;154.169;154.189;154.179;0;T;True;3
1621264168000;11623191;154.168;154.188;154.178;2;T;True;3
1621264169000;11623192;154.168;154.188;154.178;0;T;True;3
1621264170000;11623195;154.168;154.188;154.178;2;T;True;3
1621264171000;11623196;154.168;154.188;154.178;0;T;True;3
1621264172000;11623198;154.167;154.187;154.177;1;T;True;3
1621264173000;11623199;154.167;154.187;154.177;0;T;True;3
1621264174000;11623203;154.167;154.187;154.177;3;T;True;3
1621264175000;11623205;154.166;154.186;154.176;1;T;True;3
1621264176000;11623209;154.167;154.187;154.177;3;T;True;3
1621264177000;11623211;154.168;154.188;154.178;1;T;True;3
1621264178000;11623213;154.167;154.187;154.177;1;T;True;3
1621264179000;11623215;154.169;154.189;154.179;1;T;True;3
1621264180000;11623216;154.169;154.189;154.179;0;T;True;3
1621264181000;11623220;154.179;154.199;154.189;3;T;True;3
1621264182000;11623221;154.179;154.199;154.189;0;T;True;3
1621264183000;11623223;154.18;154.2;154.19;1;T;True;3
1621264184000;11623225;154.181;154.201;154.191;1;T;True;3
1621264185000;11623226;154.181;154.201;154.191;0;T;True;3
1621264186000;11623228;154.18;154.2;154.19;1;T;True;3
1621264187000;11623229;154.18;154.2;154.19;0;T;True;3
1621264188000;11623230;154.18;154.2;154.19;0;T;True;3
1621264189000;11623233;154.176;154.196;154.186;2;T;True;3
1621264190000;11623234;154.176;154.196;154.186;0;T;True;3
1621264191000;11623237;154.173;154.193;154.183;2;T;True;3
1621264192000;11623238;154.173;154.193;154.183;0;T;True;3
1621264193000;11623240;154.171;154.191;154.181;1;T;True;3
1621264194000;11623241;154.171;154.191;154.181;0;T;True;3
1621264195000;11623243;154.173;154.193;154.183;1;T;True;3
1621264196000;11623247;154.175;154.195;154.185;3;T;True;3
1621264197000;11623248;154.175;154.195;154.185;0;T;True;3
1621264198000;11623252;154.177;154.197;154.187;3;T;True;3
1621264199000;11623253;154.177;154.197;154.187;0;T;True;3
1621264200000;11623254;154.177;154.197;154.187;0;T;True;3
1621264201000;11623256;154.178;154.198;154.188;1;T;True;3
1621264202000;11623260;154.17;154.19;154.18;3;T;True;3
1621264203000;11623266;154.168;154.188;154.178;5;T;True;3
1621264204000;11623268;154.167;154.187;154.177;1;T;True;3
1621264205000;11623271;154.167;154.187;154.177;2;T;True;3
1621264206000;11623274;154.165;154.185;154.175;2;T;True;3
1621264207000;11623275;154.165;154.185;154.175;0;T;True;3
1621264208000;11623276;154.165;154.185;154.175;0;T;True;3
1621264209000;11623277;154.165;154.185;154.175;0;T;True;3
1621264210000;11623278;154.165;154.185;154.175;0;T;True;3
1621264211000;11623279;154.165;154.185;154.175;0;T;True;3
1621264212000;11623281;154.167;154.187;154.177;1;T;True;3
1621264213000;11623282;154.167;154.187;154.177;0;T;True;3
1621264214000;11623283;154.167;154.187;154.177;0;T;True;3
1621264215000;11623286;154.169;154.189;154.179;2;T;True;3
1621264216000;11623289;154.169;154.189;154.179;2;T;True;3
1621264217000;11623291;154.171;154.191;154.181;1;T;True;3
1621264218000;11623293;154.172;154.192;154.182;1;T;True;3
1621264219000;11623294;154.172;154.192;154.182;0;T;True;3
1621264220000;11623297;154.175;154.195;154.185;2;T;True;3
1621264221000;11623300;154.171;154.191;154.181;2;T;True;3
1621264222000;11623302;154.173;154.193;154.183;1;T;True;3
1621264223000;11623304;154.175;154.195;154.185;1;T;True;3
1621264224000;11623306;154.177;154.197;154.187;1;T;True;3
1621264225000;11623307;154.177;154.197;154.187;0;T;True;3
1621264226000;11623308;154.177;154.197;154.187;0;T;True;3
1621264227000;11623310;154.176;154.196;154.186;1;T;True;3
1621264228000;11623312;154.175;154.195;154.185;1;T;True;3
1621264229000;11623315;154.172;154.192;154.182;2;T;True;3
1621264230000;11623316;154.172;154.192;154.182;0;T;True;3
1621264231000;11623317;154.172;154.192;154.182;0;T;True;3
1621264232000;11623318;154.172;154.192;154.182;0;T;True;3
1621264233000;11623324;154.16;154.18;154.17;5;T;True;3
1621264234000;11623325;154.16;154.18;154.17;0;T;True;3
1621264235000;11623326;154.16;154.18;154.17;0;T;True;3
1621264236000;11623327;154.16;154.18;154.17;0;T;True;3
1621264237000;11623328;154.16;154.18;154.17;0;T;True;3
1621264238000;11623330;154.163;154.183;154.173;1;T;True;3
1621264239000;11623332;154.162;154.182;154.172;1;T;True;3
1621264240000;11623334;154.161;154.181;154.171;1;T;True;3
1621264241000;11623335;154.161;154.181;154.171;0;T;True;3
1621264242000;11623336;154.161;154.181;154.171;0;T;True;3
1621264243000;11623337;154.161;154.181;154.171;0;T;True;3
1621264244000;11623340;154.157;154.177;154.167;2;T;True;3
1621264245000;11623341;154.157;154.177;154.167;0;T;True;3
1621264246000;11623342;154.157;154.177;154.167;0;T;True;3
1621264247000;11623343;154.157;154.177;154.167;0;T;True;3
1621264248000;11623344;154.157;154.177;154.167;0;T;True;3
1621264249000;11623345;154.157;154.177;154.167;0;T;True;3
1621264250000;11623347;154.158;154.178;154.168;1;T;True;3
1621264251000;11623348;154.158;154.178;154.168;0;T;True;3
1621264252000;11623351;154.162;154.182;154.172;2;T;True;3
1621264253000;11623352;154.162;154.182;154.172;0;T;True;3
1621264254000;11623357;154.164;154.184;154.174;4;T;True;3
1621264255000;11623358;154.164;154.184;154.174;0;T;True;3
1621264256000;11623361;154.163;154.183;154.173;2;T;True;3
1621264257000;11623362;154.163;154.183;154.173;0;T;True;3
1621264258000;11623368;154.169;154.189;154.179;5;T;True;3
1621264259000;11623369;154.169;154.189;154.179;0;T;True;3
1621264260000;11623370;154.169;154.189;154.179;0;T;True;3
1621264261000;11623372;154.168;154.188;154.178;1;T;True;3
1621264262000;11623373;154.168;154.188;154.178;0;T;True;3
1621264263000;11623375;154.169;154.189;154.179;1;T;True;3
1621264264000;11623376;154.169;154.189;154.179;0;T;True;3
1621264265000;11623377;154.169;154.189;154.179;0;T;True;3
1621264266000;11623378;154.169;154.189;154.179;0;T;True;3
1621264267000;11623379;154.169;154.189;154.179;0;T;True;3
1621264268000;11623382;154.171;154.191;154.181;2;T;True;3
1621264269000;11623383;154.171;154.191;154.181;0;T;True;3
1621264270000;11623384;154.171;154.191;154.181;0;T;True;3
1621264271000;11623385;154.171;154.191;154.181;0;T;True;3
1621264272000;11623386;154.171;154.191;154.181;0;T;True;3
1621264273000;11623388;154.172;154.192;154.182;1;T;True;3
1621264274000;11623389;154.172;154.192;154.182;0;T;True;3
1621264275000;11623390;154.172;154.192;154.182;0;T;True;3
1621264276000;11623392;154.173;154.193;154.183;1;T;True;3
1621264277000;11623394;154.174;154.194;154.184;1;T;True;3
1621264278000;11623398;154.173;154.193;154.183;3;T;True;3
1621264279000;11623399;154.173;154.193;154.183;0;T;True;3
1621264280000;11623403;154.169;154.189;154.179;3;T;True;3
1621264281000;11623407;154.163;154.183;154.173;3;T;True;3
1621264282000;11623413;154.155;154.175;154.165;5;T;True;3
1621264283000;11623415;154.157;154.177;154.167;1;T;True;3
1621264284000;11623417;154.159;154.179;154.169;1;T;True;3
1621264285000;11623419;154.158;154.178;154.168;1;T;True;3
1621264286000;11623422;154.155;154.175;154.165;2;T;True;3
1621264287000;11623423;154.155;154.175;154.165;0;T;True;3
1621264288000;11623424;154.155;154.175;154.165;0;T;True;3
1621264289000;11623426;154.157;154.177;154.167;1;T;True;3
1621264290000;11623427;154.157;154.177;154.167;0;T;True;3
1621264291000;11623428;154.157;154.177;154.167;0;T;True;3
1621264292000;11623429;154.157;154.177;154.167;0;T;True;3
1621264293000;11623431;154.155;154.175;154.165;1;T;True;3
1621264294000;11623433;154.156;154.176;154.166;1;T;True;3
1621264295000;11623434;154.156;154.176;154.166;0;T;True;3
1621264296000;11623435;154.156;154.176;154.166;0;T;True;3
1621264297000;11623436;154.156;154.176;154.166;0;T;True;3
1621264298000;11623439;154.16;154.18;154.17;2;T;True;3
1621264299000;11623442;154.157;154.177;154.167;2;T;True;3
1621264300000;11623444;154.158;154.178;154.168;1;T;True;3
1621264301000;11623447;154.163;154.183;154.173;2;T;True;3
1621264302000;11623448;154.163;154.183;154.173;0;T;True;3
1621264303000;11623449;154.163;154.183;154.173;0;T;True;3
1621264304000;11623451;154.164;154.184;154.174;1;T;True;3
1621264305000;11623454;154.165;154.185;154.175;2;T;True;3
1621264306000;11623457;154.165;154.185;154.175;2;T;True;3
1621264307000;11623461;154.171;154.191;154.181;3;T;True;3
1621264308000;11623466;154.161;154.181;154.171;4;T;True;3
1621264309000;11623467;154.161;154.181;154.171;0;T;True;3
1621264310000;11623470;154.16;154.18;154.17;2;T;True;3
1621264311000;11623472;154.159;154.179;154.169;1;T;True;3
1621264312000;11623473;154.159;154.179;154.169;0;T;True;3
1621264313000;11623474;154.159;154.179;154.169;0;T;True;3
1621264314000;11623475;154.159;154.179;154.169;0;T;True;3
1621264315000;11623477;154.157;154.177;154.167;1;T;True;3
1621264316000;11623480;154.167;154.187;154.177;2;T;True;3
1621264317000;11623482;154.169;154.189;154.179;1;T;True;3
1621264318000;11623483;154.169;154.189;154.179;0;T;True;3
1621264319000;11623484;154.169;154.189;154.179;0;T;True;3
1621264320000;11623485;154.169;154.189;154.179;0;T;True;3
1621264321000;11623487;154.166;154.186;154.176;1;T;True;3
1621264322000;11623489;154.163;154.183;154.173;1;T;True;3
1621264323000;11623490;154.163;154.183;154.173;0;T;True;3
1621264324000;11623491;154.163;154.183;154.173;0;T;True;3
1621264325000;11623493;154.164;154.184;154.174;1;T;True;3
1621264326000;11623494;154.164;154.184;154.174;0;T;True;3
1621264327000;11623496;154.166;154.186;154.176;1;T;True;3
1621264328000;11623499;154.161;154.181;154.171;2;T;True;3
1621264329000;11623500;154.161;154.181;154.171;0;T;True;3
1621264330000;11623502;154.163;154.183;154.173;1;T;True;3
1621264331000;11623506;154.172;154.192;154.182;3;T;True;3
1621264332000;11623509;154.17;154.19;154.18;2;T;True;3
1621264333000;11623510;154.17;154.19;154.18;0;T;True;3
1621264334000;11623512;154.172;154.192;154.182;1;T;True;3
1621264335000;11623513;154.172;154.192;154.182;0;T;True;3
1621264336000;11623514;154.172;154.192;154.182;0;T;True;3
1621264337000;11623516;154.171;154.191;154.181;1;T;True;3
1621264338000;11623522;154.167;154.187;154.177;5;T;True;3
1621264339000;11623523;154.167;154.187;154.177;0;T;True;3
1621264340000;11623524;154.167;154.187;154.177;0;T;True;3
1621264341000;11623525;154.167;154.187;154.177;0;T;True;3
1621264342000;11623526;154.167;154.187;154.177;0;T;True;3
1621264343000;11623529;154.174;154.194;154.184;2;T;True;3
1621264344000;11623530;154.174;154.194;154.184;0;T;True;3
1621264345000;11623531;154.174;154.194;154.184;0;T;True;3
1621264346000;11623532;154.174;154.194;154.184;0;T;True;3
1621264347000;11623533;154.174;154.194;154.184;0;T;True;3
1621264348000;11623534;154.174;154.194;154.184;0;T;True;3
1621264349000;11623535;154.174;154.194;154.184;0;T;True;3
1621264350000;11623536;154.174;154.194;154.184;0;T;True;3
1621264351000;11623537;154.174;154.194;154.184;0;T;True;3
1621264352000;11623538;154.174;154.194;154.184;0;T;True;3
1621264353000;11623539;154.174;154.194;154.184;0;T;True;3
1621264354000;11623540;154.174;154.194;154.184;0;T;True;3
1621264355000;11623542;154.173;154.193;154.183;1;T;True;3
1621264356000;11623548;154.168;154.188;154.178;5;T;True;3
1621264357000;11623550;154.169;154.189;154.179;1;T;True;3
1621264358000;11623551;154.169;154.189;154.179;0;T;True;3
1621264359000;11623553;154.167;154.187;154.177;1;T;True;3
1621264360000;11623554;154.167;154.187;154.177;0;T;True;3
1621264361000;11623555;154.167;154.187;154.177;0;T;True;3
1621264362000;11623556;154.167;154.187;154.177;0;T;True;3
1621264363000;11623558;154.166;154.186;154.176;1;T;True;3
1621264364000;11623559;154.166;154.186;154.176;0;T;True;3
1621264365000;11623560;154.166;154.186;154.176;0;T;True;3
1621264366000;11623561;154.166;154.186;154.176;0;T;True;3
1621264367000;11623562;154.166;154.186;154.176;0;T;True;3
1621264368000;11623563;154.166;154.186;154.176;0;T;True;3
1621264369000;11623564;154.166;154.186;154.176;0;T;True;3
1621264370000;11623565;154.166;154.186;154.176;0;T;True;3
1621264371000;11623566;154.166;154.186;154.176;0;T;True;3
1621264372000;11623568;154.167;154.187;154.177;1;T;True;3
1621264373000;11623569;154.167;154.187;154.177;0;T;True;3
1621264374000;11623570;154.167;154.187;154.177;0;T;True;3
1621264375000;11623571;154.167;154.187;154.177;0;T;True;3
1621264376000;11623572;154.167;154.187;154.177;0;T;True;3
1621264377000;11623575;154.161;154.181;154.171;2;T;True;3
1621264378000;11623577;154.162;154.182;154.172;1;T;True;3
1621264379000;11623578;154.162;154.182;154.172;0;T;True;3
1621264380000;11623582;154.157;154.177;154.167;3;T;True;3
1621264381000;11623583;154.157;154.177;154.167;0;T;True;3
1621264382000;11623585;154.155;154.175;154.165;1;T;True;3
1621264383000;11623586;154.155;154.175;154.165;0;T;True;3
1621264384000;11623587;154.155;154.175;154.165;0;T;True;3
1621264385000;11623588;154.155;154.175;154.165;0;T;True;3
1621264386000;11623589;154.155;154.175;154.165;0;T;True;3
1621264387000;11623590;154.155;154.175;154.165;0;T;True;3
1621264388000;11623591;154.155;154.175;154.165;0;T;True;3
1621264389000;11623595;154.156;154.176;154.166;3;T;True;3
1621264390000;11623597;154.154;154.174;154.164;1;T;True;3
1621264391000;11623599;154.155;154.175;154.165;1;T;True;3
1621264392000;11623600;154.155;154.175;154.165;0;T;True;3
1621264393000;11623602;154.161;154.181;154.171;1;T;True;3
1621264394000;11623603;154.161;154.181;154.171;0;T;True;3
1621264395000;11623606;154.166;154.186;154.176;2;T;True;3
1621264396000;11623607;154.166;154.186;154.176;0;T;True;3
1621264397000;11623608;154.166;154.186;154.176;0;T;True;3
1621264398000;11623609;154.166;154.186;154.176;0;T;True;3
1621264399000;11623610;154.166;154.186;154.176;0;T;True;3
1621264400000;11623611;154.166;154.186;154.176;0;T;True;3
1621264401000;11623612;154.166;154.186;154.176;0;T;True;3
1621264402000;11623613;154.166;154.186;154.176;0;T;True;3
1621264403000;11623616;154.165;154.185;154.175;2;T;True;3
1621264404000;11623618;154.164;154.184;154.174;1;T;True;3
1621264405000;11623620;154.162;154.182;154.172;1;T;True;3
1621264406000;11623621;154.162;154.182;154.172;0;T;True;3
1621264407000;11623622;154.162;154.182;154.172;0;T;True;3
1621264408000;11623623;154.162;154.182;154.172;0;T;True;3
1621264409000;11623624;154.162;154.182;154.172;0;T;True;3
1621264410000;11623627;154.16;154.18;154.17;2;T;True;3
1621264411000;11623628;154.16;154.18;154.17;0;T;True;3
1621264412000;11623629;154.16;154.18;154.17;0;T;True;3
1621264413000;11623630;154.16;154.18;154.17;0;T;True;3
1621264414000;11623631;154.16;154.18;154.17;0;T;True;3
1621264415000;11623633;154.158;154.178;154.168;1;T;True;3
1621264416000;11623634;154.158;154.178;154.168;0;T;True;3
1621264417000;11623635;154.158;154.178;154.168;0;T;True;3
1621264418000;11623638;154.161;154.181;154.171;2;T;True;3
1621264419000;11623639;154.161;154.181;154.171;0;T;True;3
1621264420000;11623640;154.161;154.181;154.171;0;T;True;3
1621264421000;11623643;154.157;154.177;154.167;2;T;True;3
1621264422000;11623645;154.161;154.181;154.171;1;T;True;3
1621264423000;11623647;154.162;154.182;154.172;1;T;True;3
1621264424000;11623648;154.162;154.182;154.172;0;T;True;3
1621264425000;11623649;154.162;154.182;154.172;0;T;True;3
1621264426000;11623650;154.162;154.182;154.172;0;T;True;3
1621264427000;11623651;154.162;154.182;154.172;0;T;True;3
1621264428000;11623652;154.162;154.182;154.172;0;T;True;3
1621264429000;11623653;154.162;154.182;154.172;0;T;True;3
1621264430000;11623654;154.162;154.182;154.172;0;T;True;3
1621264431000;11623655;154.162;154.182;154.172;0;T;True;3
1621264432000;11623656;154.162;154.182;154.172;0;T;True;3
1621264433000;11623657;154.162;154.182;154.172;0;T;True;3
1621264434000;11623659;154.161;154.181;154.171;1;T;True;3
1621264435000;11623660;154.161;154.181;154.171;0;T;True;3
1621264436000;11623661;154.161;154.181;154.171;0;T;True;3
1621264437000;11623662;154.161;154.181;154.171;0;T;True;3
1621264438000;11623663;154.161;154.181;154.171;0;T;True;3
1621264439000;11623665;154.16;154.18;154.17;1;T;True;3
1621264440000;11623666;154.16;154.18;154.17;0;T;True;3
1621264441000;11623668;154.158;154.178;154.168;1;T;True;3
1621264442000;11623670;154.16;154.18;154.17;1;T;True;3
1621264443000;11623671;154.16;154.18;154.17;0;T;True;3
1621264444000;11623673;154.159;154.179;154.169;1;T;True;3
1621264445000;11623674;154.159;154.179;154.169;0;T;True;3
1621264446000;11623675;154.159;154.179;154.169;0;T;True;3
1621264447000;11623678;154.156;154.176;154.166;2;T;True;3
1621264448000;11623679;154.156;154.176;154.166;0;T;True;3
1621264449000;11623680;154.156;154.176;154.166;0;T;True;3
1621264450000;11623681;154.156;154.176;154.166;0;T;True;3
1621264451000;11623683;154.155;154.175;154.165;1;T;True;3
1621264452000;11623685;154.154;154.174;154.164;1;T;True;3
1621264453000;11623686;154.154;154.174;154.164;0;T;True;3
1621264454000;11623687;154.154;154.174;154.164;0;T;True;3
1621264455000;11623689;154.155;154.175;154.165;1;T;True;3
1621264456000;11623690;154.155;154.175;154.165;0;T;True;3
1621264457000;11623691;154.155;154.175;154.165;0;T;True;3
1621264458000;11623692;154.155;154.175;154.165;0;T;True;3
1621264459000;11623694;154.16;154.18;154.17;1;T;True;3
1621264460000;11623695;154.16;154.18;154.17;0;T;True;3
1621264461000;11623698;154.163;154.183;154.173;2;T;True;3
1621264462000;11623700;154.165;154.185;154.175;1;T;True;3
1621264463000;11623704;154.167;154.187;154.177;3;T;True;3
1621264464000;11623706;154.163;154.183;154.173;1;T;True;3
1621264465000;11623707;154.163;154.183;154.173;0;T;True;3
1621264466000;11623709;154.161;154.181;154.171;1;T;True;3
1621264467000;11623710;154.161;154.181;154.171;0;T;True;3
1621264468000;11623711;154.161;154.181;154.171;0;T;True;3
1621264469000;11623713;154.163;154.183;154.173;1;T;True;3
1621264470000;11623714;154.163;154.183;154.173;0;T;True;3
1621264471000;11623715;154.163;154.183;154.173;0;T;True;3
1621264472000;11623718;154.165;154.185;154.175;2;T;True;3
1621264473000;11623721;154.166;154.186;154.176;2;T;True;3
1621264474000;11623722;154.166;154.186;154.176;0;T;True;3
1621264475000;11623723;154.166;154.186;154.176;0;T;True;3
1621264476000;11623725;154.163;154.183;154.173;1;T;True;3
1621264477000;11623728;154.161;154.181;154.171;2;T;True;3
1621264478000;11623731;154.166;154.186;154.176;2;T;True;3
1621264479000;11623733;154.167;154.187;154.177;1;T;True;3
1621264480000;11623736;154.167;154.187;154.177;2;T;True;3
1621264481000;11623737;154.167;154.187;154.177;0;T;True;3
1621264482000;11623739;154.165;154.185;154.175;1;T;True;3
1621264483000;11623740;154.165;154.185;154.175;0;T;True;3
1621264484000;11623741;154.165;154.185;154.175;0;T;True;3
1621264485000;11623742;154.165;154.185;154.175;0;T;True;3
1621264486000;11623744;154.166;154.186;154.176;1;T;True;3
1621264487000;11623746;154.167;154.187;154.177;1;T;True;3
1621264488000;11623747;154.167;154.187;154.177;0;T;True;3
1621264489000;11623748;154.167;154.187;154.177;0;T;True;3
1621264490000;11623749;154.167;154.187;154.177;0;T;True;3
1621264491000;11623750;154.167;154.187;154.177;0;T;True;3
1621264492000;11623752;154.169;154.189;154.179;1;T;True;3
1621264493000;11623753;154.169;154.189;154.179;0;T;True;3
1621264494000;11623754;154.169;154.189;154.179;0;T;True;3
1621264495000;11623756;154.171;154.191;154.181;1;T;True;3
1621264496000;11623759;154.177;154.197;154.187;2;T;True;3
1621264497000;11623760;154.177;154.197;154.187;0;T;True;3
1621264498000;11623761;154.177;154.197;154.187;0;T;True;3
1621264499000;11623763;154.179;154.199;154.189;1;T;True;3
1621264500000;11623765;154.177;154.197;154.187;1;T;True;3
1621264501000;11623766;154.177;154.197;154.187;0;T;True;3
1621264502000;11623767;154.177;154.197;154.187;0;T;True;3
1621264503000;11623770;154.175;154.195;154.185;2;T;True;3
1621264504000;11623772;154.174;154.194;154.184;1;T;True;3
1621264505000;11623774;154.173;154.193;154.183;1;T;True;3
1621264506000;11623775;154.173;154.193;154.183;0;T;True;3
1621264507000;11623776;154.173;154.193;154.183;0;T;True;3
1621264508000;11623777;154.173;154.193;154.183;0;T;True;3
1621264509000;11623778;154.173;154.193;154.183;0;T;True;3
1621264510000;11623784;154.167;154.187;154.177;5;T;True;3
1621264511000;11623786;154.164;154.184;154.174;1;T;True;3
1621264512000;11623788;154.163;154.183;154.173;1;T;True;3
1621264513000;11623789;154.163;154.183;154.173;0;T;True;3
1621264514000;11623791;154.159;154.179;154.169;1;T;True;3
1621264515000;11623792;154.159;154.179;154.169;0;T;True;3
1621264516000;11623793;154.159;154.179;154.169;0;T;True;3
1621264517000;11623794;154.159;154.179;154.169;0;T;True;3
1621264518000;11623796;154.161;154.181;154.171;1;T;True;3
1621264519000;11623797;154.161;154.181;154.171;0;T;True;3
1621264520000;11623798;154.161;154.181;154.171;0;T;True;3
1621264521000;11623799;154.161;154.181;154.171;0;T;True;3
1621264522000;11623802;154.163;154.183;154.173;2;T;True;3
1621264523000;11623806;154.165;154.185;154.175;3;T;True;3
1621264524000;11623807;154.165;154.185;154.175;0;T;True;3
1621264525000;11623809;154.164;154.184;154.174;1;T;True;3
1621264526000;11623810;154.164;154.184;154.174;0;T;True;3
1621264527000;11623812;154.165;154.185;154.175;1;T;True;3
1621264528000;11623813;154.165;154.185;154.175;0;T;True;3
1621264529000;11623814;154.165;154.185;154.175;0;T;True;3
1621264530000;11623816;154.161;154.181;154.171;1;T;True;3
1621264531000;11623817;154.161;154.181;154.171;0;T;True;3
1621264532000;11623819;154.16;154.18;154.17;1;T;True;3
1621264533000;11623820;154.16;154.18;154.17;0;T;True;3
1621264534000;11623821;154.16;154.18;154.17;0;T;True;3
1621264535000;11623823;154.161;154.181;154.171;1;T;True;3
1621264536000;11623824;154.161;154.181;154.171;0;T;True;3
1621264537000;11623827;154.161;154.181;154.171;2;T;True;3
1621264538000;11623828;154.161;154.181;154.171;0;T;True;3
1621264539000;11623829;154.161;154.181;154.171;0;T;True;3
1621264540000;11623830;154.161;154.181;154.171;0;T;True;3
1621264541000;11623831;154.161;154.181;154.171;0;T;True;3
1621264542000;11623834;154.161;154.181;154.171;2;T;True;3
1621264543000;11623835;154.161;154.181;154.171;0;T;True;3
1621264544000;11623836;154.161;154.181;154.171;0;T;True;3
1621264545000;11623837;154.161;154.181;154.171;0;T;True;3
1621264546000;11623840;154.163;154.183;154.173;2;T;True;3
1621264547000;11623841;154.163;154.183;154.173;0;T;True;3
1621264548000;11623842;154.163;154.183;154.173;0;T;True;3
1621264549000;11623843;154.163;154.183;154.173;0;T;True;3
1621264550000;11623844;154.163;154.183;154.173;0;T;True;3
1621264551000;11623845;154.163;154.183;154.173;0;T;True;3
1621264552000;11623846;154.163;154.183;154.173;0;T;True;3
1621264553000;11623847;154.163;154.183;154.173;0;T;True;3
1621264554000;11623850;154.169;154.189;154.179;2;T;True;3
1621264555000;11623851;154.169;154.189;154.179;0;T;True;3
1621264556000;11623855;154.165;154.185;154.175;3;T;True;3
1621264557000;11623859;154.161;154.181;154.171;3;T;True;3
1621264558000;11623860;154.161;154.181;154.171;0;T;True;3
1621264559000;11623861;154.161;154.181;154.171;0;T;True;3
1621264560000;11623862;154.161;154.181;154.171;0;T;True;3
1621264561000;11623864;154.159;154.179;154.169;1;T;True;3
1621264562000;11623865;154.159;154.179;154.169;0;T;True;3
1621264563000;11623866;154.159;154.179;154.169;0;T;True;3
1621264564000;11623867;154.159;154.179;154.169;0;T;True;3
1621264565000;11623868;154.159;154.179;154.169;0;T;True;3
1621264566000;11623869;154.159;154.179;154.169;0;T;True;3
1621264567000;11623870;154.159;154.179;154.169;0;T;True;3
1621264568000;11623873;154.159;154.179;154.169;2;T;True;3
1621264569000;11623875;154.16;154.18;154.17;1;T;True;3
1621264570000;11623876;154.16;154.18;154.17;0;T;True;3
1621264571000;11623878;154.159;154.179;154.169;1;T;True;3
1621264572000;11623879;154.159;154.179;154.169;0;T;True;3
1621264573000;11623882;154.159;154.179;154.169;2;T;True;3
1621264574000;11623884;154.155;154.175;154.165;1;T;True;3
1621264575000;11623886;154.153;154.173;154.163;1;T;True;3
1621264576000;11623888;154.152;154.172;154.162;1;T;True;3
1621264577000;11623890;154.15;154.17;154.16;1;T;True;3
1621264578000;11623892;154.148;154.168;154.158;1;T;True;3
1621264579000;11623893;154.148;154.168;154.158;0;T;True;3
1621264580000;11623895;154.147;154.167;154.157;1;T;True;3
1621264581000;11623897;154.149;154.169;154.159;1;T;True;3
1621264582000;11623898;154.149;154.169;154.159;0;T;True;3
1621264583000;11623899;154.149;154.169;154.159;0;T;True;3
1621264584000;11623900;154.149;154.169;154.159;0;T;True;3
1621264585000;11623902;154.147;154.167;154.157;1;T;True;3
1621264586000;11623905;154.144;154.164;154.154;2;T;True;3
1621264587000;11623909;154.149;154.169;154.159;3;T;True;3
1621264588000;11623910;154.149;154.169;154.159;0;T;True;3
1621264589000;11623911;154.149;154.169;154.159;0;T;True;3
1621264590000;11623912;154.149;154.169;154.159;0;T;True;3
1621264591000;11623913;154.149;154.169;154.159;0;T;True;3
1621264592000;11623915;154.153;154.173;154.163;1;T;True;3
1621264593000;11623916;154.153;154.173;154.163;0;T;True;3
1621264594000;11623917;154.153;154.173;154.163;0;T;True;3
1621264595000;11623920;154.151;154.171;154.161;2;T;True;3
1621264596000;11623922;154.153;154.173;154.163;1;T;True;3
1621264597000;11623923;154.153;154.173;154.163;0;T;True;3
1621264598000;11623924;154.153;154.173;154.163;0;T;True;3
1621264599000;11623927;154.159;154.179;154.169;2;T;True;3
1621264600000;11623928;154.159;154.179;154.169;0;T;True;3
1621264601000;11623930;154.157;154.177;154.167;1;T;True;3
1621264602000;11623931;154.157;154.177;154.167;0;T;True;3
1621264603000;11623932;154.157;154.177;154.167;0;T;True;3
1621264604000;11623934;154.159;154.179;154.169;1;T;True;3
1621264605000;11623937;154.161;154.181;154.171;2;T;True;3
1621264606000;11623938;154.161;154.181;154.171;0;T;True;3
1621264607000;11623939;154.161;154.181;154.171;0;T;True;3
1621264608000;11623943;154.166;154.186;154.176;3;T;True;3
1621264609000;11623946;154.163;154.183;154.173;2;T;True;3
1621264610000;11623948;154.161;154.181;154.171;1;T;True;3
1621264611000;11623951;154.164;154.184;154.174;2;T;True;3
1621264612000;11623952;154.164;154.184;154.174;0;T;True;3
1621264613000;11623953;154.164;154.184;154.174;0;T;True;3
1621264614000;11623954;154.164;154.184;154.174;0;T;True;3
1621264615000;11623955;154.164;154.184;154.174;0;T;True;3
1621264616000;11623956;154.164;154.184;154.174;0;T;True;3
1621264617000;11623957;154.164;154.184;154.174;0;T;True;3
1621264618000;11623959;154.167;154.187;154.177;1;T;True;3
1621264619000;11623963;154.168;154.188;154.178;3;T;True;3
1621264620000;11623967;154.17;154.19;154.18;3;T;True;3
1621264621000;11623971;154.167;154.187;154.177;3;T;True;3
1621264622000;11623973;154.171;154.191;154.181;1;T;True;3
1621264623000;11623975;154.173;154.193;154.183;1;T;True;3
1621264624000;11623977;154.172;154.192;154.182;1;T;True;3
1621264625000;11623978;154.172;154.192;154.182;0;T;True;3
1621264626000;11623979;154.172;154.192;154.182;0;T;True;3
1621264627000;11623981;154.173;154.193;154.183;1;T;True;3
1621264628000;11623983;154.172;154.192;154.182;1;T;True;3
1621264629000;11623984;154.172;154.192;154.182;0;T;True;3
1621264630000;11623985;154.172;154.192;154.182;0;T;True;3
1621264631000;11623986;154.172;154.192;154.182;0;T;True;3
1621264632000;11623987;154.172;154.192;154.182;0;T;True;3
1621264633000;11623988;154.172;154.192;154.182;0;T;True;3
1621264634000;11623989;154.172;154.192;154.182;0;T;True;3
1621264635000;11623990;154.172;154.192;154.182;0;T;True;3
1621264636000;11623996;154.166;154.186;154.176;5;T;True;3
1621264637000;11623998;154.165;154.185;154.175;1;T;True;3
1621264638000;11624001;154.159;154.179;154.169;2;T;True;3
1621264639000;11624006;154.167;154.187;154.177;4;T;True;3
1621264640000;11624007;154.167;154.187;154.177;0;T;True;3
1621264641000;11624008;154.167;154.187;154.177;0;T;True;3
1621264642000;11624010;154.165;154.185;154.175;1;T;True;3
1621264643000;11624011;154.165;154.185;154.175;0;T;True;3
1621264644000;11624012;154.165;154.185;154.175;0;T;True;3
1621264645000;11624014;154.163;154.183;154.173;1;T;True;3
1621264646000;11624015;154.163;154.183;154.173;0;T;True;3
1621264647000;11624018;154.171;154.191;154.181;2;T;True;3
1621264648000;11624019;154.171;154.191;154.181;0;T;True;3
1621264649000;11624020;154.171;154.191;154.181;0;T;True;3
1621264650000;11624021;154.171;154.191;154.181;0;T;True;3
1621264651000;11624022;154.171;154.191;154.181;0;T;True;3
1621264652000;11624023;154.171;154.191;154.181;0;T;True;3
1621264653000;11624024;154.171;154.191;154.181;0;T;True;3
1621264654000;11624025;154.171;154.191;154.181;0;T;True;3
1621264655000;11624026;154.171;154.191;154.181;0;T;True;3
1621264656000;11624027;154.171;154.191;154.181;0;T;True;3
1621264657000;11624028;154.171;154.191;154.181;0;T;True;3
1621264658000;11624032;154.172;154.192;154.182;3;T;True;3
1621264659000;11624036;154.171;154.191;154.181;3;T;True;3
1621264660000;11624037;154.171;154.191;154.181;0;T;True;3
1621264661000;11624038;154.171;154.191;154.181;0;T;True;3
1621264662000;11624040;154.169;154.189;154.179;1;T;True;3
1621264663000;11624043;154.167;154.187;154.177;2;T;True;3
1621264664000;11624044;154.167;154.187;154.177;0;T;True;3
1621264665000;11624045;154.167;154.187;154.177;0;T;True;3
1621264666000;11624049;154.171;154.191;154.181;3;T;True;3
1621264667000;11624050;154.171;154.191;154.181;0;T;True;3
1621264668000;11624051;154.171;154.191;154.181;0;T;True;3
1621264669000;11624052;154.171;154.191;154.181;0;T;True;3
1621264670000;11624053;154.171;154.191;154.181;0;T;True;3
1621264671000;11624054;154.171;154.191;154.181;0;T;True;3
1621264672000;11624055;154.171;154.191;154.181;0;T;True;3
1621264673000;11624057;154.173;154.193;154.183;1;T;True;3
1621264674000;11624058;154.173;154.193;154.183;0;T;True;3
1621264675000;11624059;154.173;154.193;154.183;0;T;True;3
1621264676000;11624060;154.173;154.193;154.183;0;T;True;3
1621264677000;11624062;154.169;154.189;154.179;1;T;True;3
1621264678000;11624063;154.169;154.189;154.179;0;T;True;3
1621264679000;11624065;154.167;154.187;154.177;1;T;True;3
1621264680000;11624066;154.167;154.187;154.177;0;T;True;3
1621264681000;11624068;154.164;154.184;154.174;1;T;True;3
1621264682000;11624069;154.164;154.184;154.174;0;T;True;3
1621264683000;11624070;154.164;154.184;154.174;0;T;True;3
1621264684000;11624071;154.164;154.184;154.174;0;T;True;3
1621264685000;11624073;154.163;154.183;154.173;1;T;True;3
1621264686000;11624075;154.164;154.184;154.174;1;T;True;3
1621264687000;11624076;154.164;154.184;154.174;0;T;True;3
1621264688000;11624077;154.164;154.184;154.174;0;T;True;3
1621264689000;11624079;154.166;154.186;154.176;1;T;True;3
1621264690000;11624080;154.166;154.186;154.176;0;T;True;3
1621264691000;11624081;154.166;154.186;154.176;0;T;True;3
1621264692000;11624082;154.166;154.186;154.176;0;T;True;3
1621264693000;11624083;154.166;154.186;154.176;0;T;True;3
1621264694000;11624084;154.166;154.186;154.176;0;T;True;3
1621264695000;11624085;154.166;154.186;154.176;0;T;True;3
1621264696000;11624086;154.166;154.186;154.176;0;T;True;3
1621264697000;11624087;154.166;154.186;154.176;0;T;True;3
1621264698000;11624088;154.166;154.186;154.176;0;T;True;3
1621264699000;11624089;154.166;154.186;154.176;0;T;True;3
1621264700000;11624090;154.166;154.186;154.176;0;T;True;3
1621264701000;11624091;154.166;154.186;154.176;0;T;True;3
1621264702000;11624092;154.166;154.186;154.176;0;T;True;3
1621264703000;11624093;154.166;154.186;154.176;0;T;True;3
1621264704000;11624094;154.166;154.186;154.176;0;T;True;3
1621264705000;11624095;154.166;154.186;154.176;0;T;True;3
1621264706000;11624096;154.166;154.186;154.176;0;T;True;3
1621264707000;11624097;154.166;154.186;154.176;0;T;True;3
1621264708000;11624098;154.166;154.186;154.176;0;T;True;3
1621264709000;11624099;154.166;154.186;154.176;0;T;True;3
1621264710000;11624102;154.165;154.185;154.175;2;T;True;3
1621264711000;11624103;154.165;154.185;154.175;0;T;True;3
1621264712000;11624104;154.165;154.185;154.175;0;T;True;3
1621264713000;11624105;154.165;154.185;154.175;0;T;True;3
1621264714000;11624107;154.163;154.183;154.173;1;T;True;3
1621264715000;11624108;154.163;154.183;154.173;0;T;True;3
1621264716000;11624109;154.163;154.183;154.173;0;T;True;3
1621264717000;11624111;154.165;154.185;154.175;1;T;True;3
1621264718000;11624112;154.165;154.185;154.175;0;T;True;3
1621264719000;11624113;154.165;154.185;154.175;0;T;True;3
1621264720000;11624114;154.165;154.185;154.175;0;T;True;3
1621264721000;11624115;154.165;154.185;154.175;0;T;True;3
1621264722000;11624116;154.165;154.185;154.175;0;T;True;3
1621264723000;11624120;154.167;154.187;154.177;3;T;True;3
1621264724000;11624121;154.167;154.187;154.177;0;T;True;3
1621264725000;11624122;154.167;154.187;154.177;0;T;True;3
1621264726000;11624123;154.167;154.187;154.177;0;T;True;3
1621264727000;11624125;154.168;154.188;154.178;1;T;True;3
1621264728000;11624129;154.167;154.187;154.177;3;T;True;3
1621264729000;11624130;154.167;154.187;154.177;0;T;True;3
1621264730000;11624132;154.165;154.185;154.175;1;T;True;3
1621264731000;11624136;154.164;154.184;154.174;3;T;True;3
1621264732000;11624137;154.164;154.184;154.174;0;T;True;3
1621264733000;11624138;154.164;154.184;154.174;0;T;True;3
1621264734000;11624139;154.164;154.184;154.174;0;T;True;3
1621264735000;11624140;154.164;154.184;154.174;0;T;True;3
1621264736000;11624142;154.163;154.183;154.173;1;T;True;3
1621264737000;11624143;154.163;154.183;154.173;0;T;True;3
1621264738000;11624144;154.163;154.183;154.173;0;T;True;3
1621264739000;11624145;154.163;154.183;154.173;0;T;True;3
1621264740000;11624150;154.154;154.174;154.164;4;T;True;3
1621264741000;11624154;154.151;154.171;154.161;3;T;True;3
1621264742000;11624156;154.15;154.17;154.16;1;T;True;3
1621264743000;11624158;154.151;154.171;154.161;1;T;True;3
1621264744000;11624160;154.153;154.173;154.163;1;T;True;3
1621264745000;11624161;154.153;154.173;154.163;0;T;True;3
1621264746000;11624164;154.15;154.17;154.16;2;T;True;3
1621264747000;11624166;154.149;154.169;154.159;1;T;True;3
1621264748000;11624169;154.146;154.166;154.156;2;T;True;3
1621264749000;11624171;154.145;154.165;154.155;1;T;True;3
1621264750000;11624172;154.145;154.165;154.155;0;T;True;3
1621264751000;11624175;154.151;154.171;154.161;2;T;True;3
1621264752000;11624177;154.153;154.173;154.163;1;T;True;3
1621264753000;11624178;154.153;154.173;154.163;0;T;True;3
1621264754000;11624181;154.153;154.173;154.163;2;T;True;3
1621264755000;11624182;154.153;154.173;154.163;0;T;True;3
1621264756000;11624184;154.154;154.174;154.164;1;T;True;3
1621264757000;11624186;154.155;154.175;154.165;1;T;True;3
1621264758000;11624187;154.155;154.175;154.165;0;T;True;3
1621264759000;11624188;154.155;154.175;154.165;0;T;True;3
1621264760000;11624189;154.155;154.175;154.165;0;T;True;3
1621264761000;11624190;154.155;154.175;154.165;0;T;True;3
1621264762000;11624191;154.155;154.175;154.165;0;T;True;3
1621264763000;11624192;154.155;154.175;154.165;0;T;True;3
1621264764000;11624196;154.154;154.174;154.164;3;T;True;3
1621264765000;11624197;154.154;154.174;154.164;0;T;True;3
1621264766000;11624198;154.154;154.174;154.164;0;T;True;3
1621264767000;11624200;154.153;154.173;154.163;1;T;True;3
1621264768000;11624201;154.153;154.173;154.163;0;T;True;3
1621264769000;11624202;154.153;154.173;154.163;0;T;True;3
1621264770000;11624203;154.153;154.173;154.163;0;T;True;3
1621264771000;11624204;154.153;154.173;154.163;0;T;True;3
1621264772000;11624205;154.153;154.173;154.163;0;T;True;3
1621264773000;11624206;154.153;154.173;154.163;0;T;True;3
1621264774000;11624210;154.147;154.167;154.157;3;T;True;3
1621264775000;11624211;154.147;154.167;154.157;0;T;True;3
1621264776000;11624212;154.147;154.167;154.157;0;T;True;3
1621264777000;11624213;154.147;154.167;154.157;0;T;True;3
1621264778000;11624214;154.147;154.167;154.157;0;T;True;3
1621264779000;11624215;154.147;154.167;154.157;0;T;True;3
1621264780000;11624216;154.147;154.167;154.157;0;T;True;3
1621264781000;11624217;154.147;154.167;154.157;0;T;True;3
1621264782000;11624218;154.147;154.167;154.157;0;T;True;3
1621264783000;11624220;154.143;154.163;154.153;1;T;True;3
1621264784000;11624222;154.141;154.161;154.151;1;T;True;3
1621264785000;11624223;154.141;154.161;154.151;0;T;True;3
1621264786000;11624224;154.141;154.161;154.151;0;T;True;3
1621264787000;11624225;154.141;154.161;154.151;0;T;True;3
1621264788000;11624226;154.141;154.161;154.151;0;T;True;3
1621264789000;11624230;154.149;154.169;154.159;3;T;True;3
1621264790000;11624231;154.149;154.169;154.159;0;T;True;3
1621264791000;11624235;154.141;154.161;154.151;3;T;True;3
1621264792000;11624236;154.141;154.161;154.151;0;T;True;3
1621264793000;11624240;154.135;154.155;154.145;3;T;True;3
1621264794000;11624241;154.135;154.155;154.145;0;T;True;3
1621264795000;11624243;154.133;154.153;154.143;1;T;True;3
1621264796000;11624244;154.133;154.153;154.143;0;T;True;3
1621264797000;11624245;154.133;154.153;154.143;0;T;True;3
1621264798000;11624246;154.133;154.153;154.143;0;T;True;3
1621264799000;11624247;154.133;154.153;154.143;0;T;True;3
1621264800000;11624249;154.135;154.155;154.145;1;T;True;3
1621264801000;11624250;154.135;154.155;154.145;0;T;True;3
1621264802000;11624254;154.141;154.161;154.151;3;T;True;3
1621264803000;11624255;154.141;154.161;154.151;0;T;True;3
1621264804000;11624256;154.141;154.161;154.151;0;T;True;3
1621264805000;11624259;154.141;154.161;154.151;2;T;True;3
1621264806000;11624261;154.143;154.163;154.153;1;T;True;3
1621264807000;11624262;154.143;154.163;154.153;0;T;True;3
1621264808000;11624263;154.143;154.163;154.153;0;T;True;3
1621264809000;11624264;154.143;154.163;154.153;0;T;True;3
1621264810000;11624266;154.145;154.165;154.155;1;T;True;3
1621264811000;11624269;154.148;154.168;154.158;2;T;True;3
1621264812000;11624272;154.148;154.168;154.158;2;T;True;3
1621264813000;11624273;154.148;154.168;154.158;0;T;True;3
1621264814000;11624278;154.15;154.17;154.16;4;T;True;3
1621264815000;11624279;154.15;154.17;154.16;0;T;True;3
1621264816000;11624281;154.149;154.169;154.159;1;T;True;3
1621264817000;11624283;154.147;154.167;154.157;1;T;True;3
1621264818000;11624286;154.146;154.166;154.156;2;T;True;3
1621264819000;11624287;154.146;154.166;154.156;0;T;True;3
1621264820000;11624288;154.146;154.166;154.156;0;T;True;3
1621264821000;11624289;154.146;154.166;154.156;0;T;True;3
1621264822000;11624293;154.145;154.165;154.155;3;T;True;3
1621264823000;11624294;154.145;154.165;154.155;0;T;True;3
1621264824000;11624297;154.147;154.167;154.157;2;T;True;3
1621264825000;11624298;154.147;154.167;154.157;0;T;True;3
1621264826000;11624299;154.147;154.167;154.157;0;T;True;3
1621264827000;11624301;154.146;154.166;154.156;1;T;True;3
1621264828000;11624305;154.147;154.167;154.157;3;T;True;3
1621264829000;11624306;154.147;154.167;154.157;0;T;True;3
1621264830000;11624307;154.147;154.167;154.157;0;T;True;3
1621264831000;11624312;154.147;154.167;154.157;4;T;True;3
1621264832000;11624313;154.147;154.167;154.157;0;T;True;3
1621264833000;11624314;154.147;154.167;154.157;0;T;True;3
1621264834000;11624315;154.147;154.167;154.157;0;T;True;3
1621264835000;11624316;154.147;154.167;154.157;0;T;True;3
1621264836000;11624317;154.147;154.167;154.157;0;T;True;3
1621264837000;11624318;154.147;154.167;154.157;0;T;True;3
1621264838000;11624319;154.147;154.167;154.157;0;T;True;3
1621264839000;11624322;154.144;154.164;154.154;2;T;True;3
1621264840000;11624323;154.144;154.164;154.154;0;T;True;3
1621264841000;11624327;154.136;154.156;154.146;3;T;True;3
1621264842000;11624328;154.136;154.156;154.146;0;T;True;3
1621264843000;11624329;154.136;154.156;154.146;0;T;True;3
1621264844000;11624331;154.137;154.157;154.147;1;T;True;3
1621264845000;11624332;154.137;154.157;154.147;0;T;True;3
1621264846000;11624334;154.139;154.159;154.149;1;T;True;3
1621264847000;11624335;154.139;154.159;154.149;0;T;True;3
1621264848000;11624336;154.139;154.159;154.149;0;T;True;3
1621264849000;11624337;154.139;154.159;154.149;0;T;True;3
1621264850000;11624341;154.145;154.165;154.155;3;T;True;3
1621264851000;11624343;154.148;154.168;154.158;1;T;True;3
1621264852000;11624344;154.148;154.168;154.158;0;T;True;3
1621264853000;11624345;154.148;154.168;154.158;0;T;True;3
1621264854000;11624346;154.148;154.168;154.158;0;T;True;3
1621264855000;11624348;154.149;154.169;154.159;1;T;True;3
1621264856000;11624350;154.151;154.171;154.161;1;T;True;3
1621264857000;11624353;154.149;154.169;154.159;2;T;True;3
1621264858000;11624355;154.147;154.167;154.157;1;T;True;3
1621264859000;11624357;154.146;154.166;154.156;1;T;True;3
1621264860000;11624358;154.146;154.166;154.156;0;T;True;3
1621264861000;11624361;154.146;154.166;154.156;2;T;True;3
1621264862000;11624362;154.146;154.166;154.156;0;T;True;3
1621264863000;11624363;154.146;154.166;154.156;0;T;True;3
1621264864000;11624364;154.146;154.166;154.156;0;T;True;3
1621264865000;11624365;154.146;154.166;154.156;0;T;True;3
1621264866000;11624366;154.146;154.166;154.156;0;T;True;3
1621264867000;11624367;154.146;154.166;154.156;0;T;True;3
1621264868000;11624368;154.146;154.166;154.156;0;T;True;3
1621264869000;11624370;154.147;154.167;154.157;1;T;True;3
1621264870000;11624371;154.147;154.167;154.157;0;T;True;3
1621264871000;11624372;154.147;154.167;154.157;0;T;True;3
1621264872000;11624373;154.147;154.167;154.157;0;T;True;3
1621264873000;11624375;154.149;154.169;154.159;1;T;True;3
1621264874000;11624376;154.149;154.169;154.159;0;T;True;3
1621264875000;11624377;154.149;154.169;154.159;0;T;True;3
1621264876000;11624378;154.149;154.169;154.159;0;T;True;3
1621264877000;11624380;154.15;154.17;154.16;1;T;True;3
1621264878000;11624381;154.15;154.17;154.16;0;T;True;3
1621264879000;11624382;154.15;154.17;154.16;0;T;True;3
1621264880000;11624386;154.148;154.168;154.158;3;T;True;3
1621264881000;11624388;154.149;154.169;154.159;1;T;True;3
1621264882000;11624389;154.149;154.169;154.159;0;T;True;3
1621264883000;11624391;154.151;154.171;154.161;1;T;True;3
1621264884000;11624393;154.149;154.169;154.159;1;T;True;3
1621264885000;11624395;154.15;154.17;154.16;1;T;True;3
1621264886000;11624396;154.15;154.17;154.16;0;T;True;3
1621264887000;11624398;154.149;154.169;154.159;1;T;True;3
1621264888000;11624399;154.149;154.169;154.159;0;T;True;3
1621264889000;11624400;154.149;154.169;154.159;0;T;True;3
1621264890000;11624401;154.149;154.169;154.159;0;T;True;3
1621264891000;11624402;154.149;154.169;154.159;0;T;True;3
1621264892000;11624403;154.149;154.169;154.159;0;T;True;3
1621264893000;11624404;154.149;154.169;154.159;0;T;True;3
1621264894000;11624409;154.147;154.167;154.157;4;T;True;3
1621264895000;11624412;154.14;154.16;154.15;2;T;True;3
1621264896000;11624414;154.141;154.161;154.151;1;T;True;3
1621264897000;11624415;154.141;154.161;154.151;0;T;True;3
1621264898000;11624416;154.141;154.161;154.151;0;T;True;3
1621264899000;11624417;154.141;154.161;154.151;0;T;True;3
1621264900000;11624418;154.141;154.161;154.151;0;T;True;3
1621264901000;11624419;154.141;154.161;154.151;0;T;True;3
1621264902000;11624422;154.142;154.162;154.152;2;T;True;3
1621264903000;11624423;154.142;154.162;154.152;0;T;True;3
1621264904000;11624425;154.143;154.163;154.153;1;T;True;3
1621264905000;11624426;154.143;154.163;154.153;0;T;True;3
1621264906000;11624427;154.143;154.163;154.153;0;T;True;3
1621264907000;11624429;154.145;154.165;154.155;1;T;True;3
1621264908000;11624432;154.137;154.157;154.147;2;T;True;3
1621264909000;11624433;154.137;154.157;154.147;0;T;True;3
1621264910000;11624435;154.136;154.156;154.146;1;T;True;3
1621264911000;11624436;154.136;154.156;154.146;0;T;True;3
1621264912000;11624437;154.136;154.156;154.146;0;T;True;3
1621264913000;11624439;154.133;154.153;154.143;1;T;True;3
1621264914000;11624442;154.129;154.149;154.139;2;T;True;3
1621264915000;11624443;154.129;154.149;154.139;0;T;True;3
1621264916000;11624445;154.13;154.15;154.14;1;T;True;3
1621264917000;11624446;154.13;154.15;154.14;0;T;True;3
1621264918000;11624448;154.131;154.151;154.141;1;T;True;3
1621264919000;11624451;154.137;154.157;154.147;2;T;True;3
1621264920000;11624452;154.137;154.157;154.147;0;T;True;3
1621264921000;11624455;154.131;154.151;154.141;2;T;True;3
1621264922000;11624457;154.132;154.152;154.142;1;T;True;3
1621264923000;11624460;154.135;154.155;154.145;2;T;True;3
1621264924000;11624461;154.135;154.155;154.145;0;T;True;3
1621264925000;11624462;154.135;154.155;154.145;0;T;True;3
1621264926000;11624463;154.135;154.155;154.145;0;T;True;3
1621264927000;11624465;154.136;154.156;154.146;1;T;True;3
1621264928000;11624470;154.138;154.158;154.148;4;T;True;3
1621264929000;11624473;154.139;154.159;154.149;2;T;True;3
1621264930000;11624474;154.139;154.159;154.149;0;T;True;3
1621264931000;11624475;154.139;154.159;154.149;0;T;True;3
1621264932000;11624479;154.142;154.162;154.152;3;T;True;3
1621264933000;11624482;154.144;154.164;154.154;2;T;True;3
1621264934000;11624483;154.144;154.164;154.154;0;T;True;3
1621264935000;11624487;154.149;154.169;154.159;3;T;True;3
1621264936000;11624490;154.145;154.165;154.155;2;T;True;3
1621264937000;11624492;154.146;154.166;154.156;1;T;True;3
1621264938000;11624496;154.15;154.17;154.16;3;T;True;3
1621264939000;11624499;154.154;154.174;154.164;2;T;True;3
1621264940000;11624500;154.154;154.174;154.164;0;T;True;3
1621264941000;11624504;154.157;154.177;154.167;3;T;True;3
1621264942000;11624505;154.157;154.177;154.167;0;T;True;3
1621264943000;11624508;154.159;154.179;154.169;2;T;True;3
1621264944000;11624511;154.163;154.183;154.173;2;T;True;3
1621264945000;11624512;154.163;154.183;154.173;0;T;True;3
1621264946000;11624513;154.163;154.183;154.173;0;T;True;3
1621264947000;11624514;154.163;154.183;154.173;0;T;True;3
1621264948000;11624517;154.161;154.181;154.171;2;T;True;3
1621264949000;11624519;154.159;154.179;154.169;1;T;True;3
1621264950000;11624520;154.159;154.179;154.169;0;T;True;3
1621264951000;11624521;154.159;154.179;154.169;0;T;True;3
1621264952000;11624523;154.157;154.177;154.167;1;T;True;3
1621264953000;11624524;154.157;154.177;154.167;0;T;True;3
1621264954000;11624525;154.157;154.177;154.167;0;T;True;3
1621264955000;11624526;154.157;154.177;154.167;0;T;True;3
1621264956000;11624527;154.157;154.177;154.167;0;T;True;3
1621264957000;11624528;154.157;154.177;154.167;0;T;True;3
1621264958000;11624532;154.16;154.18;154.17;3;T;True;3
1621264959000;11624534;154.161;154.181;154.171;1;T;True;3
1621264960000;11624535;154.161;154.181;154.171;0;T;True;3
1621264961000;11624536;154.161;154.181;154.171;0;T;True;3
1621264962000;11624538;154.163;154.183;154.173;1;T;True;3
1621264963000;11624539;154.163;154.183;154.173;0;T;True;3
1621264964000;11624540;154.163;154.183;154.173;0;T;True;3
1621264965000;11624541;154.163;154.183;154.173;0;T;True;3
1621264966000;11624542;154.163;154.183;154.173;0;T;True;3
1621264967000;11624543;154.163;154.183;154.173;0;T;True;3
1621264968000;11624545;154.164;154.184;154.174;1;T;True;3
1621264969000;11624547;154.163;154.183;154.173;1;T;True;3
1621264970000;11624548;154.163;154.183;154.173;0;T;True;3
1621264971000;11624549;154.163;154.183;154.173;0;T;True;3
1621264972000;11624550;154.163;154.183;154.173;0;T;True;3
1621264973000;11624557;154.165;154.185;154.175;6;T;True;3
1621264974000;11624558;154.165;154.185;154.175;0;T;True;3
1621264975000;11624563;154.166;154.186;154.176;4;T;True;3
1621264976000;11624566;154.169;154.189;154.179;2;T;True;3
1621264977000;11624567;154.169;154.189;154.179;0;T;True;3
1621264978000;11624568;154.169;154.189;154.179;0;T;True;3
1621264979000;11624572;154.163;154.183;154.173;3;T;True;3
1621264980000;11624573;154.163;154.183;154.173;0;T;True;3
1621264981000;11624574;154.163;154.183;154.173;0;T;True;3
1621264982000;11624575;154.163;154.183;154.173;0;T;True;3
1621264983000;11624577;154.162;154.182;154.172;1;T;True;3
1621264984000;11624580;154.161;154.181;154.171;2;T;True;3
1621264985000;11624582;154.157;154.177;154.167;1;T;True;3
1621264986000;11624583;154.157;154.177;154.167;0;T;True;3
1621264987000;11624585;154.156;154.176;154.166;1;T;True;3
1621264988000;11624587;154.155;154.175;154.165;1;T;True;3
1621264989000;11624589;154.154;154.174;154.164;1;T;True;3
1621264990000;11624591;154.153;154.173;154.163;1;T;True;3
1621264991000;11624592;154.153;154.173;154.163;0;T;True;3
1621264992000;11624594;154.151;154.171;154.161;1;T;True;3
1621264993000;11624595;154.151;154.171;154.161;0;T;True;3
1621264994000;11624598;154.155;154.175;154.165;2;T;True;3
1621264995000;11624600;154.158;154.178;154.168;1;T;True;3
1621264996000;11624601;154.158;154.178;154.168;0;T;True;3
1621264997000;11624602;154.158;154.178;154.168;0;T;True;3
1621264998000;11624603;154.158;154.178;154.168;0;T;True;3
1621264999000;11624604;154.158;154.178;154.168;0;T;True;3
1621265000000;11624606;154.157;154.177;154.167;1;T;True;3
1621265001000;11624607;154.157;154.177;154.167;0;T;True;3
1621265002000;11624608;154.157;154.177;154.167;0;T;True;3
1621265003000;11624609;154.157;154.177;154.167;0;T;True;3
1621265004000;11624610;154.157;154.177;154.167;0;T;True;3
1621265005000;11624612;154.158;154.178;154.168;1;T;True;3
1621265006000;11624613;154.158;154.178;154.168;0;T;True;3
1621265007000;11624614;154.158;154.178;154.168;0;T;True;3
1621265008000;11624615;154.158;154.178;154.168;0;T;True;3
1621265009000;11624617;154.157;154.177;154.167;1;T;True;3
1621265010000;11624619;154.158;154.178;154.168;1;T;True;3
1621265011000;11624621;154.157;154.177;154.167;1;T;True;3
1621265012000;11624622;154.157;154.177;154.167;0;T;True;3
1621265013000;11624626;154.154;154.174;154.164;3;T;True;3
1621265014000;11624628;154.153;154.173;154.163;1;T;True;3
1621265015000;11624630;154.152;154.172;154.162;1;T;True;3
1621265016000;11624634;154.149;154.169;154.159;3;T;True;3
1621265017000;11624635;154.149;154.169;154.159;0;T;True;3
1621265018000;11624637;154.151;154.171;154.161;1;T;True;3
1621265019000;11624638;154.151;154.171;154.161;0;T;True;3
1621265020000;11624640;154.153;154.173;154.163;1;T;True;3
1621265021000;11624641;154.153;154.173;154.163;0;T;True;3
1621265022000;11624643;154.154;154.174;154.164;1;T;True;3
1621265023000;11624645;154.155;154.175;154.165;1;T;True;3
1621265024000;11624646;154.155;154.175;154.165;0;T;True;3
1621265025000;11624647;154.155;154.175;154.165;0;T;True;3
1621265026000;11624648;154.155;154.175;154.165;0;T;True;3
1621265027000;11624649;154.155;154.175;154.165;0;T;True;3
1621265028000;11624650;154.155;154.175;154.165;0;T;True;3
1621265029000;11624651;154.155;154.175;154.165;0;T;True;3
1621265030000;11624652;154.155;154.175;154.165;0;T;True;3
1621265031000;11624653;154.155;154.175;154.165;0;T;True;3
1621265032000;11624654;154.155;154.175;154.165;0;T;True;3
1621265033000;11624655;154.155;154.175;154.165;0;T;True;3
1621265034000;11624657;154.154;154.174;154.164;1;T;True;3
1621265035000;11624660;154.156;154.176;154.166;2;T;True;3
1621265036000;11624661;154.156;154.176;154.166;0;T;True;3
1621265037000;11624662;154.156;154.176;154.166;0;T;True;3
1621265038000;11624663;154.156;154.176;154.166;0;T;True;3
1621265039000;11624664;154.156;154.176;154.166;0;T;True;3
1621265040000;11624665;154.156;154.176;154.166;0;T;True;3
1621265041000;11624668;154.153;154.173;154.163;2;T;True;3
1621265042000;11624670;154.152;154.172;154.162;1;T;True;3
1621265043000;11624673;154.152;154.172;154.162;2;T;True;3
1621265044000;11624674;154.152;154.172;154.162;0;T;True;3
1621265045000;11624675;154.152;154.172;154.162;0;T;True;3
1621265046000;11624676;154.152;154.172;154.162;0;T;True;3
1621265047000;11624677;154.152;154.172;154.162;0;T;True;3
1621265048000;11624679;154.153;154.173;154.163;1;T;True;3
1621265049000;11624680;154.153;154.173;154.163;0;T;True;3
1621265050000;11624681;154.153;154.173;154.163;0;T;True;3
1621265051000;11624683;154.155;154.175;154.165;1;T;True;3
1621265052000;11624684;154.155;154.175;154.165;0;T;True;3
1621265053000;11624685;154.155;154.175;154.165;0;T;True;3
1621265054000;11624686;154.155;154.175;154.165;0;T;True;3
1621265055000;11624687;154.155;154.175;154.165;0;T;True;3
1621265056000;11624689;154.153;154.173;154.163;1;T;True;3
1621265057000;11624690;154.153;154.173;154.163;0;T;True;3
1621265058000;11624691;154.153;154.173;154.163;0;T;True;3
1621265059000;11624692;154.153;154.173;154.163;0;T;True;3
1621265060000;11624693;154.153;154.173;154.163;0;T;True;3
1621265061000;11624694;154.153;154.173;154.163;0;T;True;3
1621265062000;11624695;154.153;154.173;154.163;0;T;True;3
1621265063000;11624697;154.152;154.172;154.162;1;T;True;3
1621265064000;11624700;154.157;154.177;154.167;2;T;True;3
1621265065000;11624701;154.157;154.177;154.167;0;T;True;3
1621265066000;11624702;154.157;154.177;154.167;0;T;True;3
1621265067000;11624704;154.155;154.175;154.165;1;T;True;3
1621265068000;11624705;154.155;154.175;154.165;0;T;True;3
1621265069000;11624706;154.155;154.175;154.165;0;T;True;3
1621265070000;11624707;154.155;154.175;154.165;0;T;True;3
1621265071000;11624710;154.149;154.169;154.159;2;T;True;3
1621265072000;11624711;154.149;154.169;154.159;0;T;True;3
1621265073000;11624715;154.14;154.16;154.15;3;T;True;3
1621265074000;11624717;154.139;154.159;154.149;1;T;True;3
1621265075000;11624721;154.139;154.159;154.149;3;T;True;3
1621265076000;11624724;154.139;154.159;154.149;2;T;True;3
1621265077000;11624725;154.139;154.159;154.149;0;T;True;3
1621265078000;11624726;154.139;154.159;154.149;0;T;True;3
1621265079000;11624729;154.143;154.163;154.153;2;T;True;3
1621265080000;11624730;154.143;154.163;154.153;0;T;True;3
1621265081000;11624731;154.143;154.163;154.153;0;T;True;3
1621265082000;11624732;154.143;154.163;154.153;0;T;True;3
1621265083000;11624733;154.143;154.163;154.153;0;T;True;3
1621265084000;11624735;154.144;154.164;154.154;1;T;True;3
1621265085000;11624736;154.144;154.164;154.154;0;T;True;3
1621265086000;11624737;154.144;154.164;154.154;0;T;True;3
1621265087000;11624741;154.145;154.165;154.155;3;T;True;3
1621265088000;11624742;154.145;154.165;154.155;0;T;True;3
1621265089000;11624745;154.141;154.161;154.151;2;T;True;3
1621265090000;11624746;154.141;154.161;154.151;0;T;True;3
1621265091000;11624747;154.141;154.161;154.151;0;T;True;3
1621265092000;11624748;154.141;154.161;154.151;0;T;True;3
1621265093000;11624751;154.147;154.167;154.157;2;T;True;3
1621265094000;11624752;154.147;154.167;154.157;0;T;True;3
1621265095000;11624753;154.147;154.167;154.157;0;T;True;3
1621265096000;11624754;154.147;154.167;154.157;0;T;True;3
1621265097000;11624757;154.147;154.167;154.157;2;T;True;3
1621265098000;11624760;154.151;154.171;154.161;2;T;True;3
1621265099000;11624761;154.151;154.171;154.161;0;T;True;3
1621265100000;11624762;154.151;154.171;154.161;0;T;True;3
1621265101000;11624768;154.157;154.177;154.167;5;T;True;3
1621265102000;11624770;154.158;154.178;154.168;1;T;True;3
1621265103000;11624771;154.158;154.178;154.168;0;T;True;3
1621265104000;11624772;154.158;154.178;154.168;0;T;True;3
1621265105000;11624773;154.158;154.178;154.168;0;T;True;3
1621265106000;11624774;154.158;154.178;154.168;0;T;True;3
1621265107000;11624775;154.158;154.178;154.168;0;T;True;3
1621265108000;11624776;154.158;154.178;154.168;0;T;True;3
1621265109000;11624778;154.159;154.179;154.169;1;T;True;3
1621265110000;11624781;154.163;154.183;154.173;2;T;True;3
1621265111000;11624783;154.165;154.185;154.175;1;T;True;3
1621265112000;11624786;154.163;154.183;154.173;2;T;True;3
1621265113000;11624788;154.162;154.182;154.172;1;T;True;3
1621265114000;11624790;154.163;154.183;154.173;1;T;True;3
1621265115000;11624793;154.163;154.183;154.173;2;T;True;3
1621265116000;11624798;154.149;154.169;154.159;4;T;True;3
1621265117000;11624803;154.147;154.167;154.157;4;T;True;3
1621265118000;11624805;154.149;154.169;154.159;1;T;True;3
1621265119000;11624806;154.149;154.169;154.159;0;T;True;3
1621265120000;11624809;154.151;154.171;154.161;2;T;True;3
1621265121000;11624811;154.15;154.17;154.16;1;T;True;3
1621265122000;11624813;154.151;154.171;154.161;1;T;True;3
1621265123000;11624817;154.147;154.167;154.157;3;T;True;3
1621265124000;11624820;154.152;154.172;154.162;2;T;True;3
1621265125000;11624822;154.151;154.171;154.161;1;T;True;3
1621265126000;11624824;154.15;154.17;154.16;1;T;True;3
1621265127000;11624825;154.15;154.17;154.16;0;T;True;3
1621265128000;11624826;154.15;154.17;154.16;0;T;True;3
1621265129000;11624832;154.15;154.17;154.16;5;T;True;3
1621265130000;11624834;154.149;154.169;154.159;1;T;True;3
1621265131000;11624837;154.145;154.165;154.155;2;T;True;3
1621265132000;11624838;154.145;154.165;154.155;0;T;True;3
1621265133000;11624839;154.145;154.165;154.155;0;T;True;3
1621265134000;11624843;154.14;154.16;154.15;3;T;True;3
1621265135000;11624844;154.14;154.16;154.15;0;T;True;3
1621265136000;11624845;154.14;154.16;154.15;0;T;True;3
1621265137000;11624848;154.143;154.163;154.153;2;T;True;3
1621265138000;11624850;154.141;154.161;154.151;1;T;True;3
1621265139000;11624852;154.142;154.162;154.152;1;T;True;3
1621265140000;11624854;154.145;154.165;154.155;1;T;True;3
1621265141000;11624855;154.145;154.165;154.155;0;T;True;3
1621265142000;11624858;154.145;154.165;154.155;2;T;True;3
1621265143000;11624860;154.146;154.166;154.156;1;T;True;3
1621265144000;11624862;154.147;154.167;154.157;1;T;True;3
1621265145000;11624863;154.147;154.167;154.157;0;T;True;3
1621265146000;11624864;154.147;154.167;154.157;0;T;True;3
1621265147000;11624865;154.147;154.167;154.157;0;T;True;3
1621265148000;11624866;154.147;154.167;154.157;0;T;True;3
1621265149000;11624867;154.147;154.167;154.157;0;T;True;3
1621265150000;11624868;154.147;154.167;154.157;0;T;True;3
1621265151000;11624869;154.147;154.167;154.157;0;T;True;3
1621265152000;11624870;154.147;154.167;154.157;0;T;True;3
1621265153000;11624872;154.149;154.169;154.159;1;T;True;3
1621265154000;11624873;154.149;154.169;154.159;0;T;True;3
1621265155000;11624874;154.149;154.169;154.159;0;T;True;3
1621265156000;11624875;154.149;154.169;154.159;0;T;True;3
1621265157000;11624876;154.149;154.169;154.159;0;T;True;3
1621265158000;11624878;154.147;154.167;154.157;1;T;True;3
1621265159000;11624886;154.149;154.169;154.159;7;T;True;3
1621265160000;11624889;154.149;154.169;154.159;2;T;True;3
1621265161000;11624892;154.151;154.171;154.161;2;T;True;3
1621265162000;11624893;154.151;154.171;154.161;0;T;True;3
1621265163000;11624894;154.151;154.171;154.161;0;T;True;3
1621265164000;11624895;154.151;154.171;154.161;0;T;True;3
1621265165000;11624896;154.151;154.171;154.161;0;T;True;3
1621265166000;11624900;154.156;154.176;154.166;3;T;True;3
1621265167000;11624903;154.156;154.176;154.166;2;T;True;3
1621265168000;11624905;154.157;154.177;154.167;1;T;True;3
1621265169000;11624906;154.157;154.177;154.167;0;T;True;3
1621265170000;11624908;154.158;154.178;154.168;1;T;True;3
1621265171000;11624911;154.158;154.178;154.168;2;T;True;3
1621265172000;11624914;154.157;154.177;154.167;2;T;True;3
1621265173000;11624915;154.157;154.177;154.167;0;T;True;3
1621265174000;11624918;154.16;154.18;154.17;2;T;True;3
1621265175000;11624919;154.16;154.18;154.17;0;T;True;3
1621265176000;11624920;154.16;154.18;154.17;0;T;True;3
1621265177000;11624921;154.16;154.18;154.17;0;T;True;3
1621265178000;11624922;154.16;154.18;154.17;0;T;True;3
1621265179000;11624924;154.159;154.179;154.169;1;T;True;3
1621265180000;11624925;154.159;154.179;154.169;0;T;True;3
1621265181000;11624927;154.167;154.187;154.177;1;T;True;3
1621265182000;11624928;154.167;154.187;154.177;0;T;True;3
1621265183000;11624931;154.173;154.193;154.183;2;T;True;3
1621265184000;11624932;154.173;154.193;154.183;0;T;True;3
1621265185000;11624933;154.173;154.193;154.183;0;T;True;3
1621265186000;11624934;154.173;154.193;154.183;0;T;True;3
1621265187000;11624936;154.175;154.195;154.185;1;T;True;3
1621265188000;11624937;154.175;154.195;154.185;0;T;True;3
1621265189000;11624938;154.175;154.195;154.185;0;T;True;3
