ts;n;bid;ask;value;volume;phase;round;active_id
1621232862000;11564667;153.966;153.986;153.976;0;T;True;3
1621232863000;11564668;153.966;153.986;153.976;0;T;True;3
1621232864000;11564669;153.966;153.986;153.976;0;T;True;3
1621232865000;11564670;153.966;153.986;153.976;0;T;True;3
1621232866000;11564671;153.966;153.986;153.976;0;T;True;3
1621232867000;11564672;153.966;153.986;153.976;0;T;True;3
1621232868000;11564677;153.975;153.995;153.985;4;T;True;3
1621232869000;11564678;153.975;153.995;153.985;0;T;True;3
1621232870000;11564680;153.973;153.993;153.983;1;T;True;3
1621232871000;11564681;153.973;153.993;153.983;0;T;True;3
1621232872000;11564682;153.973;153.993;153.983;0;T;True;3
1621232873000;11564685;153.979;153.999;153.989;2;T;True;3
1621232874000;11564687;153.977;153.997;153.987;1;T;True;3
1621232875000;11564692;153.969;153.989;153.979;4;T;True;3
1621232876000;11564694;153.971;153.991;153.981;1;T;True;3
1621232877000;11564696;153.969;153.989;153.979;1;T;True;3
1621232878000;11564700;153.964;153.984;153.974;3;T;True;3
1621232879000;11564703;153.964;153.984;153.974;2;T;True;3
1621232880000;11564704;153.964;153.984;153.974;0;T;True;3
1621232881000;11564705;153.964;153.984;153.974;0;T;True;3
1621232882000;11564707;153.965;153.985;153.975;1;T;True;3
1621232883000;11564708;153.965;153.985;153.975;0;T;True;3
1621232884000;11564714;153.969;153.989;153.979;5;T;True;3
1621232885000;11564716;153.971;153.991;153.981;1;T;True;3
1621232886000;11564719;153.974;153.994;153.984;2;T;True;3
1621232887000;11564720;153.974;153.994;153.984;0;T;True;3
1621232888000;11564721;153.974;153.994;153.984;0;T;True;3
1621232889000;11564727;153.981;154.001;153.991;5;T;True;3
1621232890000;11564728;153.981;154.001;153.991;0;T;True;3
1621232891000;11564729;153.981;154.001;153.991;0;T;True;3
1621232892000;11564732;153.975;153.995;153.985;2;T;True;3
1621232893000;11564733;153.975;153.995;153.985;0;T;True;3
1621232894000;11564734;153.975;153.995;153.985;0;T;True;3
1621232895000;11564738;153.977;153.997;153.987;3;T;True;3
1621232896000;11564739;153.977;153.997;153.987;0;T;True;3
1621232897000;11564740;153.977;153.997;153.987;0;T;True;3
1621232898000;11564741;153.977;153.997;153.987;0;T;True;3
1621232899000;11564742;153.977;153.997;153.987;0;T;True;3
1621232900000;11564743;153.977;153.997;153.987;0;T;True;3
1621232901000;11564744;153.977;153.997;153.987;0;T;True;3
1621232902000;11564745;153.977;153.997;153.987;0;T;True;3
1621232903000;11564747;153.978;153.998;153.988;1;T;True;3
1621232904000;11564748;153.978;153.998;153.988;0;T;True;3
1621232905000;11564749;153.978;153.998;153.988;0;T;True;3
1621232906000;11564750;153.978;153.998;153.988;0;T;True;3
1621232907000;11564751;153.978;153.998;153.988;0;T;True;3
1621232908000;11564753;153.979;153.999;153.989;1;T;True;3
1621232909000;11564754;153.979;153.999;153.989;0;T;True;3
1621232910000;11564757;153.985;154.005;153.995;2;T;True;3
1621232911000;11564758;153.985;154.005;153.995;0;T;True;3
1621232912000;11564760;153.987;154.007;153.997;1;T;True;3
1621232913000;11564764;153.991;154.011;154.001;3;T;True;3
1621232914000;11564765;153.991;154.011;154.001;0;T;True;3
1621232915000;11564766;153.991;154.011;154.001;0;T;True;3
1621232916000;11564769;153.996;154.016;154.006;2;T;True;3
1621232917000;11564770;153.996;154.016;154.006;0;T;True;3
1621232918000;11564772;153.995;154.015;154.005;1;T;True;3
1621232919000;11564774;153.991;154.011;154.001;1;T;True;3
1621232920000;11564775;153.991;154.011;154.001;0;T;True;3
1621232921000;11564776;153.991;154.011;154.001;0;T;True;3
1621232922000;11564777;153.991;154.011;154.001;0;T;True;3
1621232923000;11564778;153.991;154.011;154.001;0;T;True;3
1621232924000;11564780;153.987;154.007;153.997;1;T;True;3
1621232925000;11564781;153.987;154.007;153.997;0;T;True;3
1621232926000;11564785;153.983;154.003;153.993;3;T;True;3
1621232927000;11564789;153.979;153.999;153.989;3;T;True;3
1621232928000;11564795;153.977;153.997;153.987;5;T;True;3
1621232929000;11564797;153.979;153.999;153.989;1;T;True;3
1621232930000;11564798;153.979;153.999;153.989;0;T;True;3
1621232931000;11564799;153.979;153.999;153.989;0;T;True;3
1621232932000;11564801;153.977;153.997;153.987;1;T;True;3
1621232933000;11564802;153.977;153.997;153.987;0;T;True;3
1621232934000;11564804;153.979;153.999;153.989;1;T;True;3
1621232935000;11564809;153.989;154.009;153.999;4;T;True;3
1621232936000;11564810;153.989;154.009;153.999;0;T;True;3
1621232937000;11564811;153.989;154.009;153.999;0;T;True;3
1621232938000;11564812;153.989;154.009;153.999;0;T;True;3
1621232939000;11564817;153.982;154.002;153.992;4;T;True;3
1621232940000;11564819;153.985;154.005;153.995;1;T;True;3
1621232941000;11564821;153.984;154.004;153.994;1;T;True;3
1621232942000;11564824;153.989;154.009;153.999;2;T;True;3
1621232943000;11564828;153.983;154.003;153.993;3;T;True;3
1621232944000;11564829;153.983;154.003;153.993;0;T;True;3
1621232945000;11564830;153.983;154.003;153.993;0;T;True;3
1621232946000;11564831;153.983;154.003;153.993;0;T;True;3
1621232947000;11564834;153.983;154.003;153.993;2;T;True;3
1621232948000;11564835;153.983;154.003;153.993;0;T;True;3
1621232949000;11564836;153.983;154.003;153.993;0;T;True;3
1621232950000;11564837;153.983;154.003;153.993;0;T;True;3
1621232951000;11564839;153.984;154.004;153.994;1;T;True;3
1621232952000;11564843;153.991;154.011;154.001;3;T;True;3
1621232953000;11564845;153.99;154.01;154.0;1;T;True;3
1621232954000;11564847;153.985;154.005;153.995;1;T;True;3
1621232955000;11564850;153.982;154.002;153.992;2;T;True;3
1621232956000;11564854;153.979;153.999;153.989;3;T;True;3
1621232957000;11564855;153.979;153.999;153.989;0;T;True;3
1621232958000;11564856;153.979;153.999;153.989;0;T;True;3
1621232959000;11564858;153.98;154.0;153.99;1;T;True;3
1621232960000;11564859;153.98;154.0;153.99;0;T;True;3
1621232961000;11564860;153.98;154.0;153.99;0;T;True;3
1621232962000;11564861;153.98;154.0;153.99;0;T;True;3
1621232963000;11564863;153.979;153.999;153.989;1;T;True;3
1621232964000;11564864;153.979;153.999;153.989;0;T;True;3
1621232965000;11564865;153.979;153.999;153.989;0;T;True;3
1621232966000;11564866;153.979;153.999;153.989;0;T;True;3
1621232967000;11564867;153.979;153.999;153.989;0;T;True;3
1621232968000;11564870;153.979;153.999;153.989;2;T;True;3
1621232969000;11564873;153.983;154.003;153.993;2;T;True;3
1621232970000;11564876;153.977;153.997;153.987;2;T;True;3
1621232971000;11564878;153.979;153.999;153.989;1;T;True;3
1621232972000;11564881;153.981;154.001;153.991;2;T;True;3
1621232973000;11564882;153.981;154.001;153.991;0;T;True;3
1621232974000;11564883;153.981;154.001;153.991;0;T;True;3
1621232975000;11564884;153.981;154.001;153.991;0;T;True;3
1621232976000;11564886;153.983;154.003;153.993;1;T;True;3
1621232977000;11564887;153.983;154.003;153.993;0;T;True;3
1621232978000;11564888;153.983;154.003;153.993;0;T;True;3
1621232979000;11564892;153.993;154.013;154.003;3;T;True;3
1621232980000;11564893;153.993;154.013;154.003;0;T;True;3
1621232981000;11564894;153.993;154.013;154.003;0;T;True;3
1621232982000;11564898;153.995;154.015;154.005;3;T;True;3
1621232983000;11564900;153.993;154.013;154.003;1;T;True;3
1621232984000;11564904;153.996;154.016;154.006;3;T;True;3
1621232985000;11564906;153.993;154.013;154.003;1;T;True;3
1621232986000;11564908;153.995;154.015;154.005;1;T;True;3
1621232987000;11564911;153.991;154.011;154.001;2;T;True;3
1621232988000;11564913;153.99;154.01;154.0;1;T;True;3
1621232989000;11564916;153.987;154.007;153.997;2;T;True;3
1621232990000;11564919;153.987;154.007;153.997;2;T;True;3
1621232991000;11564921;153.988;154.008;153.998;1;T;True;3
1621232992000;11564922;153.988;154.008;153.998;0;T;True;3
1621232993000;11564925;153.982;154.002;153.992;2;T;True;3
1621232994000;11564927;153.983;154.003;153.993;1;T;True;3
1621232995000;11564928;153.983;154.003;153.993;0;T;True;3
1621232996000;11564933;153.975;153.995;153.985;4;T;True;3
1621232997000;11564935;153.976;153.996;153.986;1;T;True;3
1621232998000;11564936;153.976;153.996;153.986;0;T;True;3
1621232999000;11564939;153.976;153.996;153.986;2;T;True;3
1621233000000;11564941;153.977;153.997;153.987;1;T;True;3
1621233001000;11564945;153.975;153.995;153.985;3;T;True;3
1621233002000;11564948;153.977;153.997;153.987;2;T;True;3
1621233003000;11564950;153.979;153.999;153.989;1;T;True;3
1621233004000;11564952;153.977;153.997;153.987;1;T;True;3
1621233005000;11564955;153.977;153.997;153.987;2;T;True;3
1621233006000;11564959;153.971;153.991;153.981;3;T;True;3
1621233007000;11564962;153.976;153.996;153.986;2;T;True;3
1621233008000;11564964;153.975;153.995;153.985;1;T;True;3
1621233009000;11564965;153.975;153.995;153.985;0;T;True;3
1621233010000;11564968;153.972;153.992;153.982;2;T;True;3
1621233011000;11564976;153.979;153.999;153.989;7;T;True;3
1621233012000;11564980;153.982;154.002;153.992;3;T;True;3
1621233013000;11564981;153.982;154.002;153.992;0;T;True;3
1621233014000;11564985;153.979;153.999;153.989;3;T;True;3
1621233015000;11564986;153.979;153.999;153.989;0;T;True;3
1621233016000;11564987;153.979;153.999;153.989;0;T;True;3
1621233017000;11564991;153.982;154.002;153.992;3;T;True;3
1621233018000;11564995;153.985;154.005;153.995;3;T;True;3
1621233019000;11564999;153.985;154.005;153.995;3;T;True;3
1621233020000;11565000;153.985;154.005;153.995;0;T;True;3
1621233021000;11565005;153.979;153.999;153.989;4;T;True;3
1621233022000;11565007;153.981;154.001;153.991;1;T;True;3
1621233023000;11565008;153.981;154.001;153.991;0;T;True;3
1621233024000;11565011;153.985;154.005;153.995;2;T;True;3
1621233025000;11565012;153.985;154.005;153.995;0;T;True;3
1621233026000;11565015;153.983;154.003;153.993;2;T;True;3
1621233027000;11565016;153.983;154.003;153.993;0;T;True;3
1621233028000;11565018;153.987;154.007;153.997;1;T;True;3
1621233029000;11565019;153.987;154.007;153.997;0;T;True;3
1621233030000;11565024;153.981;154.001;153.991;4;T;True;3
1621233031000;11565028;153.981;154.001;153.991;3;T;True;3
1621233032000;11565029;153.981;154.001;153.991;0;T;True;3
1621233033000;11565030;153.981;154.001;153.991;0;T;True;3
1621233034000;11565031;153.981;154.001;153.991;0;T;True;3
1621233035000;11565032;153.981;154.001;153.991;0;T;True;3
1621233036000;11565033;153.981;154.001;153.991;0;T;True;3
1621233037000;11565034;153.981;154.001;153.991;0;T;True;3
1621233038000;11565037;153.976;153.996;153.986;2;T;True;3
1621233039000;11565038;153.976;153.996;153.986;0;T;True;3
1621233040000;11565044;153.969;153.989;153.979;5;T;True;3
1621233041000;11565050;153.966;153.986;153.976;5;T;True;3
1621233042000;11565051;153.966;153.986;153.976;0;T;True;3
1621233043000;11565055;153.965;153.985;153.975;3;T;True;3
1621233044000;11565058;153.967;153.987;153.977;2;T;True;3
1621233045000;11565060;153.968;153.988;153.978;1;T;True;3
1621233046000;11565064;153.975;153.995;153.985;3;T;True;3
1621233047000;11565065;153.975;153.995;153.985;0;T;True;3
1621233048000;11565066;153.975;153.995;153.985;0;T;True;3
1621233049000;11565068;153.973;153.993;153.983;1;T;True;3
1621233050000;11565070;153.971;153.991;153.981;1;T;True;3
1621233051000;11565073;153.973;153.993;153.983;2;T;True;3
1621233052000;11565074;153.973;153.993;153.983;0;T;True;3
1621233053000;11565075;153.973;153.993;153.983;0;T;True;3
1621233054000;11565076;153.973;153.993;153.983;0;T;True;3
1621233055000;11565077;153.973;153.993;153.983;0;T;True;3
1621233056000;11565079;153.975;153.995;153.985;1;T;True;3
1621233057000;11565081;153.977;153.997;153.987;1;T;True;3
1621233058000;11565084;153.977;153.997;153.987;2;T;True;3
1621233059000;11565089;153.978;153.998;153.988;4;T;True;3
1621233060000;11565091;153.979;153.999;153.989;1;T;True;3
1621233061000;11565092;153.979;153.999;153.989;0;T;True;3
1621233062000;11565093;153.979;153.999;153.989;0;T;True;3
1621233063000;11565094;153.979;153.999;153.989;0;T;True;3
1621233064000;11565095;153.979;153.999;153.989;0;T;True;3
1621233065000;11565097;153.98;154.0;153.99;1;T;True;3
1621233066000;11565098;153.98;154.0;153.99;0;T;True;3
1621233067000;11565101;153.983;154.003;153.993;2;T;True;3
1621233068000;11565102;153.983;154.003;153.993;0;T;True;3
1621233069000;11565104;153.984;154.004;153.994;1;T;True;3
1621233070000;11565106;153.983;154.003;153.993;1;T;True;3
1621233071000;11565107;153.983;154.003;153.993;0;T;True;3
1621233072000;11565108;153.983;154.003;153.993;0;T;True;3
1621233073000;11565109;153.983;154.003;153.993;0;T;True;3
1621233074000;11565110;153.983;154.003;153.993;0;T;True;3
1621233075000;11565111;153.983;154.003;153.993;0;T;True;3
1621233076000;11565113;153.985;154.005;153.995;1;T;True;3
1621233077000;11565118;153.989;154.009;153.999;4;T;True;3
1621233078000;11565121;153.993;154.013;154.003;2;T;True;3
1621233079000;11565123;153.995;154.015;154.005;1;T;True;3
1621233080000;11565124;153.995;154.015;154.005;0;T;True;3
1621233081000;11565126;153.991;154.011;154.001;1;T;True;3
1621233082000;11565127;153.991;154.011;154.001;0;T;True;3
1621233083000;11565128;153.991;154.011;154.001;0;T;True;3
1621233084000;11565129;153.991;154.011;154.001;0;T;True;3
1621233085000;11565134;153.985;154.005;153.995;4;T;True;3
1621233086000;11565139;153.993;154.013;154.003;4;T;True;3
1621233087000;11565140;153.993;154.013;154.003;0;T;True;3
1621233088000;11565141;153.993;154.013;154.003;0;T;True;3
1621233089000;11565142;153.993;154.013;154.003;0;T;True;3
1621233090000;11565144;153.994;154.014;154.004;1;T;True;3
1621233091000;11565145;153.994;154.014;154.004;0;T;True;3
1621233092000;11565146;153.994;154.014;154.004;0;T;True;3
1621233093000;11565148;153.997;154.017;154.007;1;T;True;3
1621233094000;11565150;153.995;154.015;154.005;1;T;True;3
1621233095000;11565153;153.998;154.018;154.008;2;T;True;3
1621233096000;11565155;153.999;154.019;154.009;1;T;True;3
1621233097000;11565156;153.999;154.019;154.009;0;T;True;3
1621233098000;11565157;153.999;154.019;154.009;0;T;True;3
1621233099000;11565158;153.999;154.019;154.009;0;T;True;3
1621233100000;11565162;154.001;154.021;154.011;3;T;True;3
1621233101000;11565164;153.999;154.019;154.009;1;T;True;3
1621233102000;11565165;153.999;154.019;154.009;0;T;True;3
1621233103000;11565166;153.999;154.019;154.009;0;T;True;3
1621233104000;11565167;153.999;154.019;154.009;0;T;True;3
1621233105000;11565170;153.999;154.019;154.009;2;T;True;3
1621233106000;11565171;153.999;154.019;154.009;0;T;True;3
1621233107000;11565173;154.001;154.021;154.011;1;T;True;3
1621233108000;11565176;154.005;154.025;154.015;2;T;True;3
1621233109000;11565177;154.005;154.025;154.015;0;T;True;3
1621233110000;11565179;154.002;154.022;154.012;1;T;True;3
1621233111000;11565181;154.003;154.023;154.013;1;T;True;3
1621233112000;11565182;154.003;154.023;154.013;0;T;True;3
1621233113000;11565188;154.006;154.026;154.016;5;T;True;3
1621233114000;11565189;154.006;154.026;154.016;0;T;True;3
1621233115000;11565193;154.007;154.027;154.017;3;T;True;3
1621233116000;11565194;154.007;154.027;154.017;0;T;True;3
1621233117000;11565195;154.007;154.027;154.017;0;T;True;3
1621233118000;11565200;154.003;154.023;154.013;4;T;True;3
1621233119000;11565202;154.001;154.021;154.011;1;T;True;3
1621233120000;11565203;154.001;154.021;154.011;0;T;True;3
1621233121000;11565204;154.001;154.021;154.011;0;T;True;3
1621233122000;11565205;154.001;154.021;154.011;0;T;True;3
1621233123000;11565206;154.001;154.021;154.011;0;T;True;3
1621233124000;11565207;154.001;154.021;154.011;0;T;True;3
1621233125000;11565208;154.001;154.021;154.011;0;T;True;3
1621233126000;11565212;154.006;154.026;154.016;3;T;True;3
1621233127000;11565216;154.01;154.03;154.02;3;T;True;3
1621233128000;11565218;154.009;154.029;154.019;1;T;True;3
1621233129000;11565219;154.009;154.029;154.019;0;T;True;3
1621233130000;11565221;154.01;154.03;154.02;1;T;True;3
1621233131000;11565223;154.009;154.029;154.019;1;T;True;3
1621233132000;11565224;154.009;154.029;154.019;0;T;True;3
1621233133000;11565225;154.009;154.029;154.019;0;T;True;3
1621233134000;11565226;154.009;154.029;154.019;0;T;True;3
1621233135000;11565228;154.007;154.027;154.017;1;T;True;3
1621233136000;11565230;154.005;154.025;154.015;1;T;True;3
1621233137000;11565232;154.004;154.024;154.014;1;T;True;3
1621233138000;11565233;154.004;154.024;154.014;0;T;True;3
1621233139000;11565236;154.001;154.021;154.011;2;T;True;3
1621233140000;11565238;154.0;154.02;154.01;1;T;True;3
1621233141000;11565239;154.0;154.02;154.01;0;T;True;3
1621233142000;11565240;154.0;154.02;154.01;0;T;True;3
1621233143000;11565241;154.0;154.02;154.01;0;T;True;3
1621233144000;11565245;153.993;154.013;154.003;3;T;True;3
1621233145000;11565246;153.993;154.013;154.003;0;T;True;3
1621233146000;11565247;153.993;154.013;154.003;0;T;True;3
1621233147000;11565248;153.993;154.013;154.003;0;T;True;3
1621233148000;11565250;153.997;154.017;154.007;1;T;True;3
1621233149000;11565253;153.993;154.013;154.003;2;T;True;3
1621233150000;11565254;153.993;154.013;154.003;0;T;True;3
1621233151000;11565255;153.993;154.013;154.003;0;T;True;3
1621233152000;11565256;153.993;154.013;154.003;0;T;True;3
1621233153000;11565261;153.983;154.003;153.993;4;T;True;3
1621233154000;11565263;153.984;154.004;153.994;1;T;True;3
1621233155000;11565267;153.993;154.013;154.003;3;T;True;3
1621233156000;11565270;153.997;154.017;154.007;2;T;True;3
1621233157000;11565271;153.997;154.017;154.007;0;T;True;3
1621233158000;11565272;153.997;154.017;154.007;0;T;True;3
1621233159000;11565273;153.997;154.017;154.007;0;T;True;3
1621233160000;11565274;153.997;154.017;154.007;0;T;True;3
1621233161000;11565275;153.997;154.017;154.007;0;T;True;3
1621233162000;11565276;153.997;154.017;154.007;0;T;True;3
1621233163000;11565277;153.997;154.017;154.007;0;T;True;3
1621233164000;11565278;153.997;154.017;154.007;0;T;True;3
1621233165000;11565283;153.994;154.014;154.004;4;T;True;3
1621233166000;11565285;153.995;154.015;154.005;1;T;True;3
1621233167000;11565286;153.995;154.015;154.005;0;T;True;3
1621233168000;11565287;153.995;154.015;154.005;0;T;True;3
1621233169000;11565289;153.994;154.014;154.004;1;T;True;3
1621233170000;11565292;153.999;154.019;154.009;2;T;True;3
1621233171000;11565296;153.996;154.016;154.006;3;T;True;3
1621233172000;11565298;154.001;154.021;154.011;1;T;True;3
1621233173000;11565299;154.001;154.021;154.011;0;T;True;3
1621233174000;11565300;154.001;154.021;154.011;0;T;True;3
1621233175000;11565302;154.003;154.023;154.013;1;T;True;3
1621233176000;11565303;154.003;154.023;154.013;0;T;True;3
1621233177000;11565306;154.005;154.025;154.015;2;T;True;3
1621233178000;11565307;154.005;154.025;154.015;0;T;True;3
1621233179000;11565308;154.005;154.025;154.015;0;T;True;3
1621233180000;11565309;154.005;154.025;154.015;0;T;True;3
1621233181000;11565310;154.005;154.025;154.015;0;T;True;3
1621233182000;11565314;154.011;154.031;154.021;3;T;True;3
1621233183000;11565315;154.011;154.031;154.021;0;T;True;3
1621233184000;11565316;154.011;154.031;154.021;0;T;True;3
1621233185000;11565317;154.011;154.031;154.021;0;T;True;3
1621233186000;11565318;154.011;154.031;154.021;0;T;True;3
1621233187000;11565319;154.011;154.031;154.021;0;T;True;3
1621233188000;11565324;154.007;154.027;154.017;4;T;True;3
1621233189000;11565325;154.007;154.027;154.017;0;T;True;3
1621233190000;11565328;154.006;154.026;154.016;2;T;True;3
1621233191000;11565330;154.007;154.027;154.017;1;T;True;3
1621233192000;11565333;154.005;154.025;154.015;2;T;True;3
1621233193000;11565335;154.006;154.026;154.016;1;T;True;3
1621233194000;11565337;154.008;154.028;154.018;1;T;True;3
1621233195000;11565338;154.008;154.028;154.018;0;T;True;3
1621233196000;11565340;154.01;154.03;154.02;1;T;True;3
1621233197000;11565341;154.01;154.03;154.02;0;T;True;3
1621233198000;11565345;154.016;154.036;154.026;3;T;True;3
1621233199000;11565347;154.017;154.037;154.027;1;T;True;3
1621233200000;11565350;154.015;154.035;154.025;2;T;True;3
1621233201000;11565351;154.015;154.035;154.025;0;T;True;3
1621233202000;11565355;154.018;154.038;154.028;3;T;True;3
1621233203000;11565362;154.031;154.051;154.041;6;T;True;3
1621233204000;11565367;154.031;154.051;154.041;4;T;True;3
1621233205000;11565368;154.031;154.051;154.041;0;T;True;3
1621233206000;11565369;154.031;154.051;154.041;0;T;True;3
1621233207000;11565371;154.032;154.052;154.042;1;T;True;3
1621233208000;11565372;154.032;154.052;154.042;0;T;True;3
1621233209000;11565375;154.034;154.054;154.044;2;T;True;3
1621233210000;11565380;154.032;154.052;154.042;4;T;True;3
1621233211000;11565381;154.032;154.052;154.042;0;T;True;3
1621233212000;11565382;154.032;154.052;154.042;0;T;True;3
1621233213000;11565384;154.031;154.051;154.041;1;T;True;3
1621233214000;11565385;154.031;154.051;154.041;0;T;True;3
1621233215000;11565386;154.031;154.051;154.041;0;T;True;3
1621233216000;11565387;154.031;154.051;154.041;0;T;True;3
1621233217000;11565388;154.031;154.051;154.041;0;T;True;3
1621233218000;11565390;154.029;154.049;154.039;1;T;True;3
1621233219000;11565392;154.03;154.05;154.04;1;T;True;3
1621233220000;11565393;154.03;154.05;154.04;0;T;True;3
1621233221000;11565394;154.03;154.05;154.04;0;T;True;3
1621233222000;11565397;154.033;154.053;154.043;2;T;True;3
1621233223000;11565398;154.033;154.053;154.043;0;T;True;3
1621233224000;11565400;154.035;154.055;154.045;1;T;True;3
1621233225000;11565405;154.029;154.049;154.039;4;T;True;3
1621233226000;11565406;154.029;154.049;154.039;0;T;True;3
1621233227000;11565408;154.03;154.05;154.04;1;T;True;3
1621233228000;11565410;154.027;154.047;154.037;1;T;True;3
1621233229000;11565411;154.027;154.047;154.037;0;T;True;3
1621233230000;11565412;154.027;154.047;154.037;0;T;True;3
1621233231000;11565414;154.026;154.046;154.036;1;T;True;3
1621233232000;11565415;154.026;154.046;154.036;0;T;True;3
1621233233000;11565422;154.025;154.045;154.035;6;T;True;3
1621233234000;11565424;154.024;154.044;154.034;1;T;True;3
1621233235000;11565425;154.024;154.044;154.034;0;T;True;3
1621233236000;11565427;154.023;154.043;154.033;1;T;True;3
1621233237000;11565428;154.023;154.043;154.033;0;T;True;3
1621233238000;11565431;154.023;154.043;154.033;2;T;True;3
1621233239000;11565432;154.023;154.043;154.033;0;T;True;3
1621233240000;11565433;154.023;154.043;154.033;0;T;True;3
1621233241000;11565435;154.021;154.041;154.031;1;T;True;3
1621233242000;11565443;154.043;154.063;154.053;7;T;True;3
1621233243000;11565444;154.043;154.063;154.053;0;T;True;3
1621233244000;11565445;154.043;154.063;154.053;0;T;True;3
1621233245000;11565448;154.037;154.057;154.047;2;T;True;3
1621233246000;11565449;154.037;154.057;154.047;0;T;True;3
1621233247000;11565450;154.037;154.057;154.047;0;T;True;3
1621233248000;11565451;154.037;154.057;154.047;0;T;True;3
1621233249000;11565455;154.033;154.053;154.043;3;T;True;3
1621233250000;11565456;154.033;154.053;154.043;0;T;True;3
1621233251000;11565457;154.033;154.053;154.043;0;T;True;3
1621233252000;11565459;154.032;154.052;154.042;1;T;True;3
1621233253000;11565466;154.036;154.056;154.046;6;T;True;3
1621233254000;11565467;154.036;154.056;154.046;0;T;True;3
1621233255000;11565468;154.036;154.056;154.046;0;T;True;3
1621233256000;11565472;154.033;154.053;154.043;3;T;True;3
1621233257000;11565473;154.033;154.053;154.043;0;T;True;3
1621233258000;11565475;154.035;154.055;154.045;1;T;True;3
1621233259000;11565481;154.035;154.055;154.045;5;T;True;3
1621233260000;11565485;154.037;154.057;154.047;3;T;True;3
1621233261000;11565488;154.041;154.061;154.051;2;T;True;3
1621233262000;11565490;154.039;154.059;154.049;1;T;True;3
1621233263000;11565491;154.039;154.059;154.049;0;T;True;3
1621233264000;11565493;154.035;154.055;154.045;1;T;True;3
1621233265000;11565499;154.029;154.049;154.039;5;T;True;3
1621233266000;11565500;154.029;154.049;154.039;0;T;True;3
1621233267000;11565503;154.029;154.049;154.039;2;T;True;3
1621233268000;11565507;154.029;154.049;154.039;3;T;True;3
1621233269000;11565517;154.023;154.043;154.033;9;T;True;3
1621233270000;11565522;154.031;154.051;154.041;4;T;True;3
1621233271000;11565526;154.027;154.047;154.037;3;T;True;3
1621233272000;11565527;154.027;154.047;154.037;0;T;True;3
1621233273000;11565530;154.027;154.047;154.037;2;T;True;3
1621233274000;11565533;154.029;154.049;154.039;2;T;True;3
1621233275000;11565537;154.027;154.047;154.037;3;T;True;3
1621233276000;11565538;154.027;154.047;154.037;0;T;True;3
1621233277000;11565541;154.032;154.052;154.042;2;T;True;3
1621233278000;11565543;154.033;154.053;154.043;1;T;True;3
1621233279000;11565545;154.035;154.055;154.045;1;T;True;3
1621233280000;11565548;154.04;154.06;154.05;2;T;True;3
1621233281000;11565551;154.037;154.057;154.047;2;T;True;3
1621233282000;11565552;154.037;154.057;154.047;0;T;True;3
1621233283000;11565554;154.035;154.055;154.045;1;T;True;3
1621233284000;11565556;154.037;154.057;154.047;1;T;True;3
1621233285000;11565557;154.037;154.057;154.047;0;T;True;3
1621233286000;11565560;154.037;154.057;154.047;2;T;True;3
1621233287000;11565562;154.035;154.055;154.045;1;T;True;3
1621233288000;11565563;154.035;154.055;154.045;0;T;True;3
1621233289000;11565564;154.035;154.055;154.045;0;T;True;3
1621233290000;11565567;154.033;154.053;154.043;2;T;True;3
1621233291000;11565568;154.033;154.053;154.043;0;T;True;3
1621233292000;11565570;154.031;154.051;154.041;1;T;True;3
1621233293000;11565572;154.032;154.052;154.042;1;T;True;3
1621233294000;11565573;154.032;154.052;154.042;0;T;True;3
1621233295000;11565577;154.036;154.056;154.046;3;T;True;3
1621233296000;11565579;154.033;154.053;154.043;1;T;True;3
1621233297000;11565582;154.033;154.053;154.043;2;T;True;3
1621233298000;11565583;154.033;154.053;154.043;0;T;True;3
1621233299000;11565585;154.035;154.055;154.045;1;T;True;3
1621233300000;11565586;154.035;154.055;154.045;0;T;True;3
1621233301000;11565590;154.037;154.057;154.047;3;T;True;3
1621233302000;11565591;154.037;154.057;154.047;0;T;True;3
1621233303000;11565592;154.037;154.057;154.047;0;T;True;3
1621233304000;11565599;154.055;154.075;154.065;6;T;True;3
1621233305000;11565600;154.055;154.075;154.065;0;T;True;3
1621233306000;11565601;154.055;154.075;154.065;0;T;True;3
1621233307000;11565608;154.051;154.071;154.061;6;T;True;3
1621233308000;11565609;154.051;154.071;154.061;0;T;True;3
1621233309000;11565612;154.051;154.071;154.061;2;T;True;3
1621233310000;11565614;154.053;154.073;154.063;1;T;True;3
1621233311000;11565615;154.053;154.073;154.063;0;T;True;3
1621233312000;11565617;154.055;154.075;154.065;1;T;True;3
1621233313000;11565621;154.056;154.076;154.066;3;T;True;3
1621233314000;11565622;154.056;154.076;154.066;0;T;True;3
1621233315000;11565625;154.057;154.077;154.067;2;T;True;3
1621233316000;11565627;154.059;154.079;154.069;1;T;True;3
1621233317000;11565634;154.069;154.089;154.079;6;T;True;3
1621233318000;11565636;154.071;154.091;154.081;1;T;True;3
1621233319000;11565639;154.075;154.095;154.085;2;T;True;3
1621233320000;11565642;154.076;154.096;154.086;2;T;True;3
1621233321000;11565646;154.079;154.099;154.089;3;T;True;3
1621233322000;11565647;154.079;154.099;154.089;0;T;True;3
1621233323000;11565648;154.079;154.099;154.089;0;T;True;3
1621233324000;11565649;154.079;154.099;154.089;0;T;True;3
1621233325000;11565650;154.079;154.099;154.089;0;T;True;3
1621233326000;11565651;154.079;154.099;154.089;0;T;True;3
1621233327000;11565652;154.079;154.099;154.089;0;T;True;3
1621233328000;11565653;154.079;154.099;154.089;0;T;True;3
1621233329000;11565654;154.079;154.099;154.089;0;T;True;3
1621233330000;11565655;154.079;154.099;154.089;0;T;True;3
1621233331000;11565657;154.078;154.098;154.088;1;T;True;3
1621233332000;11565658;154.078;154.098;154.088;0;T;True;3
1621233333000;11565660;154.077;154.097;154.087;1;T;True;3
1621233334000;11565664;154.073;154.093;154.083;3;T;True;3
1621233335000;11565665;154.073;154.093;154.083;0;T;True;3
1621233336000;11565666;154.073;154.093;154.083;0;T;True;3
1621233337000;11565667;154.073;154.093;154.083;0;T;True;3
1621233338000;11565670;154.073;154.093;154.083;2;T;True;3
1621233339000;11565672;154.075;154.095;154.085;1;T;True;3
1621233340000;11565673;154.075;154.095;154.085;0;T;True;3
1621233341000;11565674;154.075;154.095;154.085;0;T;True;3
1621233342000;11565675;154.075;154.095;154.085;0;T;True;3
1621233343000;11565676;154.075;154.095;154.085;0;T;True;3
1621233344000;11565679;154.08;154.1;154.09;2;T;True;3
1621233345000;11565682;154.075;154.095;154.085;2;T;True;3
1621233346000;11565684;154.074;154.094;154.084;1;T;True;3
1621233347000;11565686;154.073;154.093;154.083;1;T;True;3
1621233348000;11565687;154.073;154.093;154.083;0;T;True;3
1621233349000;11565688;154.073;154.093;154.083;0;T;True;3
1621233350000;11565689;154.073;154.093;154.083;0;T;True;3
1621233351000;11565691;154.071;154.091;154.081;1;T;True;3
1621233352000;11565692;154.071;154.091;154.081;0;T;True;3
1621233353000;11565693;154.071;154.091;154.081;0;T;True;3
1621233354000;11565694;154.071;154.091;154.081;0;T;True;3
1621233355000;11565695;154.071;154.091;154.081;0;T;True;3
1621233356000;11565696;154.071;154.091;154.081;0;T;True;3
1621233357000;11565697;154.071;154.091;154.081;0;T;True;3
1621233358000;11565698;154.071;154.091;154.081;0;T;True;3
1621233359000;11565699;154.071;154.091;154.081;0;T;True;3
1621233360000;11565701;154.07;154.09;154.08;1;T;True;3
1621233361000;11565703;154.071;154.091;154.081;1;T;True;3
1621233362000;11565707;154.065;154.085;154.075;3;T;True;3
1621233363000;11565712;154.061;154.081;154.071;4;T;True;3
1621233364000;11565713;154.061;154.081;154.071;0;T;True;3
1621233365000;11565715;154.059;154.079;154.069;1;T;True;3
1621233366000;11565716;154.059;154.079;154.069;0;T;True;3
1621233367000;11565717;154.059;154.079;154.069;0;T;True;3
1621233368000;11565721;154.061;154.081;154.071;3;T;True;3
1621233369000;11565725;154.059;154.079;154.069;3;T;True;3
1621233370000;11565726;154.059;154.079;154.069;0;T;True;3
1621233371000;11565727;154.059;154.079;154.069;0;T;True;3
1621233372000;11565734;154.053;154.073;154.063;6;T;True;3
1621233373000;11565735;154.053;154.073;154.063;0;T;True;3
1621233374000;11565736;154.053;154.073;154.063;0;T;True;3
1621233375000;11565737;154.053;154.073;154.063;0;T;True;3
1621233376000;11565738;154.053;154.073;154.063;0;T;True;3
1621233377000;11565741;154.051;154.071;154.061;2;T;True;3
1621233378000;11565745;154.054;154.074;154.064;3;T;True;3
1621233379000;11565750;154.049;154.069;154.059;4;T;True;3
1621233380000;11565752;154.043;154.063;154.053;1;T;True;3
1621233381000;11565757;154.053;154.073;154.063;4;T;True;3
1621233382000;11565758;154.053;154.073;154.063;0;T;True;3
1621233383000;11565759;154.053;154.073;154.063;0;T;True;3
1621233384000;11565760;154.053;154.073;154.063;0;T;True;3
1621233385000;11565766;154.06;154.08;154.07;5;T;True;3
1621233386000;11565768;154.061;154.081;154.071;1;T;True;3
1621233387000;11565769;154.061;154.081;154.071;0;T;True;3
1621233388000;11565773;154.055;154.075;154.065;3;T;True;3
1621233389000;11565777;154.052;154.072;154.062;3;T;True;3
1621233390000;11565782;154.06;154.08;154.07;4;T;True;3
1621233391000;11565784;154.063;154.083;154.073;1;T;True;3
1621233392000;11565785;154.063;154.083;154.073;0;T;True;3
1621233393000;11565788;154.067;154.087;154.077;2;T;True;3
1621233394000;11565792;154.061;154.081;154.071;3;T;True;3
1621233395000;11565794;154.059;154.079;154.069;1;T;True;3
1621233396000;11565795;154.059;154.079;154.069;0;T;True;3
1621233397000;11565799;154.057;154.077;154.067;3;T;True;3
1621233398000;11565800;154.057;154.077;154.067;0;T;True;3
1621233399000;11565802;154.059;154.079;154.069;1;T;True;3
1621233400000;11565803;154.059;154.079;154.069;0;T;True;3
1621233401000;11565808;154.071;154.091;154.081;4;T;True;3
1621233402000;11565811;154.071;154.091;154.081;2;T;True;3
1621233403000;11565812;154.071;154.091;154.081;0;T;True;3
1621233404000;11565815;154.074;154.094;154.084;2;T;True;3
1621233405000;11565819;154.079;154.099;154.089;3;T;True;3
1621233406000;11565823;154.081;154.101;154.091;3;T;True;3
1621233407000;11565824;154.081;154.101;154.091;0;T;True;3
1621233408000;11565826;154.079;154.099;154.089;1;T;True;3
1621233409000;11565827;154.079;154.099;154.089;0;T;True;3
1621233410000;11565828;154.079;154.099;154.089;0;T;True;3
1621233411000;11565832;154.071;154.091;154.081;3;T;True;3
1621233412000;11565837;154.059;154.079;154.069;4;T;True;3
1621233413000;11565840;154.056;154.076;154.066;2;T;True;3
1621233414000;11565841;154.056;154.076;154.066;0;T;True;3
1621233415000;11565843;154.057;154.077;154.067;1;T;True;3
1621233416000;11565844;154.057;154.077;154.067;0;T;True;3
1621233417000;11565845;154.057;154.077;154.067;0;T;True;3
1621233418000;11565851;154.071;154.091;154.081;5;T;True;3
1621233419000;11565852;154.071;154.091;154.081;0;T;True;3
1621233420000;11565854;154.069;154.089;154.079;1;T;True;3
1621233421000;11565855;154.069;154.089;154.079;0;T;True;3
1621233422000;11565857;154.07;154.09;154.08;1;T;True;3
1621233423000;11565859;154.069;154.089;154.079;1;T;True;3
1621233424000;11565864;154.074;154.094;154.084;4;T;True;3
1621233425000;11565866;154.075;154.095;154.085;1;T;True;3
1621233426000;11565869;154.073;154.093;154.083;2;T;True;3
1621233427000;11565870;154.073;154.093;154.083;0;T;True;3
1621233428000;11565871;154.073;154.093;154.083;0;T;True;3
1621233429000;11565872;154.073;154.093;154.083;0;T;True;3
1621233430000;11565874;154.071;154.091;154.081;1;T;True;3
1621233431000;11565875;154.071;154.091;154.081;0;T;True;3
1621233432000;11565876;154.071;154.091;154.081;0;T;True;3
1621233433000;11565879;154.074;154.094;154.084;2;T;True;3
1621233434000;11565881;154.075;154.095;154.085;1;T;True;3
1621233435000;11565883;154.077;154.097;154.087;1;T;True;3
1621233436000;11565884;154.077;154.097;154.087;0;T;True;3
1621233437000;11565885;154.077;154.097;154.087;0;T;True;3
1621233438000;11565887;154.076;154.096;154.086;1;T;True;3
1621233439000;11565888;154.076;154.096;154.086;0;T;True;3
1621233440000;11565889;154.076;154.096;154.086;0;T;True;3
1621233441000;11565895;154.073;154.093;154.083;5;T;True;3
1621233442000;11565898;154.073;154.093;154.083;2;T;True;3
1621233443000;11565899;154.073;154.093;154.083;0;T;True;3
1621233444000;11565902;154.074;154.094;154.084;2;T;True;3
1621233445000;11565904;154.075;154.095;154.085;1;T;True;3
1621233446000;11565909;154.069;154.089;154.079;4;T;True;3
1621233447000;11565912;154.07;154.09;154.08;2;T;True;3
1621233448000;11565914;154.071;154.091;154.081;1;T;True;3
1621233449000;11565916;154.069;154.089;154.079;1;T;True;3
1621233450000;11565917;154.069;154.089;154.079;0;T;True;3
1621233451000;11565919;154.071;154.091;154.081;1;T;True;3
1621233452000;11565920;154.071;154.091;154.081;0;T;True;3
1621233453000;11565921;154.071;154.091;154.081;0;T;True;3
1621233454000;11565925;154.067;154.087;154.077;3;T;True;3
1621233455000;11565928;154.064;154.084;154.074;2;T;True;3
1621233456000;11565929;154.064;154.084;154.074;0;T;True;3
1621233457000;11565930;154.064;154.084;154.074;0;T;True;3
1621233458000;11565931;154.064;154.084;154.074;0;T;True;3
1621233459000;11565933;154.065;154.085;154.075;1;T;True;3
1621233460000;11565934;154.065;154.085;154.075;0;T;True;3
1621233461000;11565935;154.065;154.085;154.075;0;T;True;3
1621233462000;11565936;154.065;154.085;154.075;0;T;True;3
1621233463000;11565937;154.065;154.085;154.075;0;T;True;3
1621233464000;11565938;154.065;154.085;154.075;0;T;True;3
1621233465000;11565939;154.065;154.085;154.075;0;T;True;3
1621233466000;11565940;154.065;154.085;154.075;0;T;True;3
1621233467000;11565942;154.069;154.089;154.079;1;T;True;3
1621233468000;11565948;154.071;154.091;154.081;5;T;True;3
1621233469000;11565951;154.071;154.091;154.081;2;T;True;3
1621233470000;11565953;154.073;154.093;154.083;1;T;True;3
1621233471000;11565957;154.075;154.095;154.085;3;T;True;3
1621233472000;11565959;154.073;154.093;154.083;1;T;True;3
1621233473000;11565960;154.073;154.093;154.083;0;T;True;3
1621233474000;11565964;154.07;154.09;154.08;3;T;True;3
1621233475000;11565965;154.07;154.09;154.08;0;T;True;3
1621233476000;11565967;154.071;154.091;154.081;1;T;True;3
1621233477000;11565969;154.069;154.089;154.079;1;T;True;3
1621233478000;11565970;154.069;154.089;154.079;0;T;True;3
1621233479000;11565971;154.069;154.089;154.079;0;T;True;3
1621233480000;11565972;154.069;154.089;154.079;0;T;True;3
1621233481000;11565975;154.071;154.091;154.081;2;T;True;3
1621233482000;11565976;154.071;154.091;154.081;0;T;True;3
1621233483000;11565978;154.069;154.089;154.079;1;T;True;3
1621233484000;11565980;154.065;154.085;154.075;1;T;True;3
1621233485000;11565983;154.059;154.079;154.069;2;T;True;3
1621233486000;11565988;154.049;154.069;154.059;4;T;True;3
1621233487000;11565990;154.048;154.068;154.058;1;T;True;3
1621233488000;11565991;154.048;154.068;154.058;0;T;True;3
1621233489000;11565992;154.048;154.068;154.058;0;T;True;3
1621233490000;11565993;154.048;154.068;154.058;0;T;True;3
1621233491000;11565994;154.048;154.068;154.058;0;T;True;3
1621233492000;11565996;154.047;154.067;154.057;1;T;True;3
1621233493000;11565997;154.047;154.067;154.057;0;T;True;3
1621233494000;11565999;154.049;154.069;154.059;1;T;True;3
1621233495000;11566000;154.049;154.069;154.059;0;T;True;3
1621233496000;11566001;154.049;154.069;154.059;0;T;True;3
1621233497000;11566002;154.049;154.069;154.059;0;T;True;3
1621233498000;11566003;154.049;154.069;154.059;0;T;True;3
1621233499000;11566004;154.049;154.069;154.059;0;T;True;3
1621233500000;11566005;154.049;154.069;154.059;0;T;True;3
1621233501000;11566006;154.049;154.069;154.059;0;T;True;3
1621233502000;11566007;154.049;154.069;154.059;0;T;True;3
1621233503000;11566008;154.049;154.069;154.059;0;T;True;3
1621233504000;11566009;154.049;154.069;154.059;0;T;True;3
1621233505000;11566010;154.049;154.069;154.059;0;T;True;3
1621233506000;11566011;154.049;154.069;154.059;0;T;True;3
1621233507000;11566013;154.047;154.067;154.057;1;T;True;3
1621233508000;11566014;154.047;154.067;154.057;0;T;True;3
1621233509000;11566016;154.045;154.065;154.055;1;T;True;3
1621233510000;11566017;154.045;154.065;154.055;0;T;True;3
1621233511000;11566022;154.053;154.073;154.063;4;T;True;3
1621233512000;11566023;154.053;154.073;154.063;0;T;True;3
1621233513000;11566025;154.055;154.075;154.065;1;T;True;3
1621233514000;11566029;154.056;154.076;154.066;3;T;True;3
1621233515000;11566033;154.055;154.075;154.065;3;T;True;3
1621233516000;11566038;154.059;154.079;154.069;4;T;True;3
1621233517000;11566040;154.056;154.076;154.066;1;T;True;3
1621233518000;11566041;154.056;154.076;154.066;0;T;True;3
1621233519000;11566042;154.056;154.076;154.066;0;T;True;3
1621233520000;11566043;154.056;154.076;154.066;0;T;True;3
1621233521000;11566044;154.056;154.076;154.066;0;T;True;3
1621233522000;11566045;154.056;154.076;154.066;0;T;True;3
1621233523000;11566046;154.056;154.076;154.066;0;T;True;3
1621233524000;11566048;154.055;154.075;154.065;1;T;True;3
1621233525000;11566049;154.055;154.075;154.065;0;T;True;3
1621233526000;11566051;154.058;154.078;154.068;1;T;True;3
1621233527000;11566054;154.062;154.082;154.072;2;T;True;3
1621233528000;11566055;154.062;154.082;154.072;0;T;True;3
1621233529000;11566059;154.066;154.086;154.076;3;T;True;3
1621233530000;11566061;154.067;154.087;154.077;1;T;True;3
1621233531000;11566062;154.067;154.087;154.077;0;T;True;3
1621233532000;11566063;154.067;154.087;154.077;0;T;True;3
1621233533000;11566065;154.066;154.086;154.076;1;T;True;3
1621233534000;11566066;154.066;154.086;154.076;0;T;True;3
1621233535000;11566067;154.066;154.086;154.076;0;T;True;3
1621233536000;11566071;154.061;154.081;154.071;3;T;True;3
1621233537000;11566072;154.061;154.081;154.071;0;T;True;3
1621233538000;11566073;154.061;154.081;154.071;0;T;True;3
1621233539000;11566075;154.062;154.082;154.072;1;T;True;3
1621233540000;11566077;154.061;154.081;154.071;1;T;True;3
1621233541000;11566081;154.058;154.078;154.068;3;T;True;3
1621233542000;11566083;154.059;154.079;154.069;1;T;True;3
1621233543000;11566084;154.059;154.079;154.069;0;T;True;3
1621233544000;11566085;154.059;154.079;154.069;0;T;True;3
1621233545000;11566086;154.059;154.079;154.069;0;T;True;3
1621233546000;11566087;154.059;154.079;154.069;0;T;True;3
1621233547000;11566089;154.06;154.08;154.07;1;T;True;3
1621233548000;11566090;154.06;154.08;154.07;0;T;True;3
1621233549000;11566091;154.06;154.08;154.07;0;T;True;3
1621233550000;11566093;154.059;154.079;154.069;1;T;True;3
1621233551000;11566094;154.059;154.079;154.069;0;T;True;3
1621233552000;11566095;154.059;154.079;154.069;0;T;True;3
1621233553000;11566096;154.059;154.079;154.069;0;T;True;3
1621233554000;11566099;154.055;154.075;154.065;2;T;True;3
1621233555000;11566102;154.055;154.075;154.065;2;T;True;3
1621233556000;11566104;154.057;154.077;154.067;1;T;True;3
1621233557000;11566107;154.055;154.075;154.065;2;T;True;3
1621233558000;11566108;154.055;154.075;154.065;0;T;True;3
1621233559000;11566111;154.063;154.083;154.073;2;T;True;3
1621233560000;11566112;154.063;154.083;154.073;0;T;True;3
1621233561000;11566113;154.063;154.083;154.073;0;T;True;3
1621233562000;11566115;154.064;154.084;154.074;1;T;True;3
1621233563000;11566116;154.064;154.084;154.074;0;T;True;3
1621233564000;11566117;154.064;154.084;154.074;0;T;True;3
1621233565000;11566118;154.064;154.084;154.074;0;T;True;3
1621233566000;11566119;154.064;154.084;154.074;0;T;True;3
1621233567000;11566121;154.065;154.085;154.075;1;T;True;3
1621233568000;11566123;154.067;154.087;154.077;1;T;True;3
1621233569000;11566124;154.067;154.087;154.077;0;T;True;3
1621233570000;11566125;154.067;154.087;154.077;0;T;True;3
1621233571000;11566126;154.067;154.087;154.077;0;T;True;3
1621233572000;11566127;154.067;154.087;154.077;0;T;True;3
1621233573000;11566128;154.067;154.087;154.077;0;T;True;3
1621233574000;11566130;154.066;154.086;154.076;1;T;True;3
1621233575000;11566131;154.066;154.086;154.076;0;T;True;3
1621233576000;11566132;154.066;154.086;154.076;0;T;True;3
1621233577000;11566133;154.066;154.086;154.076;0;T;True;3
1621233578000;11566134;154.066;154.086;154.076;0;T;True;3
1621233579000;11566135;154.066;154.086;154.076;0;T;True;3
1621233580000;11566136;154.066;154.086;154.076;0;T;True;3
1621233581000;11566137;154.066;154.086;154.076;0;T;True;3
1621233582000;11566139;154.067;154.087;154.077;1;T;True;3
1621233583000;11566142;154.071;154.091;154.081;2;T;True;3
1621233584000;11566143;154.071;154.091;154.081;0;T;True;3
1621233585000;11566144;154.071;154.091;154.081;0;T;True;3
1621233586000;11566146;154.07;154.09;154.08;1;T;True;3
1621233587000;11566147;154.07;154.09;154.08;0;T;True;3
1621233588000;11566150;154.069;154.089;154.079;2;T;True;3
1621233589000;11566152;154.07;154.09;154.08;1;T;True;3
1621233590000;11566153;154.07;154.09;154.08;0;T;True;3
1621233591000;11566155;154.067;154.087;154.077;1;T;True;3
1621233592000;11566156;154.067;154.087;154.077;0;T;True;3
1621233593000;11566158;154.068;154.088;154.078;1;T;True;3
1621233594000;11566159;154.068;154.088;154.078;0;T;True;3
1621233595000;11566160;154.068;154.088;154.078;0;T;True;3
1621233596000;11566161;154.068;154.088;154.078;0;T;True;3
1621233597000;11566162;154.068;154.088;154.078;0;T;True;3
1621233598000;11566164;154.067;154.087;154.077;1;T;True;3
1621233599000;11566165;154.067;154.087;154.077;0;T;True;3
1621233600000;11566166;154.067;154.087;154.077;0;T;True;3
1621233601000;11566167;154.067;154.087;154.077;0;T;True;3
1621233602000;11566171;154.063;154.083;154.073;3;T;True;3
1621233603000;11566172;154.063;154.083;154.073;0;T;True;3
1621233604000;11566174;154.065;154.085;154.075;1;T;True;3
1621233605000;11566175;154.065;154.085;154.075;0;T;True;3
1621233606000;11566176;154.065;154.085;154.075;0;T;True;3
1621233607000;11566177;154.065;154.085;154.075;0;T;True;3
1621233608000;11566178;154.065;154.085;154.075;0;T;True;3
1621233609000;11566179;154.065;154.085;154.075;0;T;True;3
1621233610000;11566180;154.065;154.085;154.075;0;T;True;3
1621233611000;11566181;154.065;154.085;154.075;0;T;True;3
1621233612000;11566182;154.065;154.085;154.075;0;T;True;3
1621233613000;11566183;154.065;154.085;154.075;0;T;True;3
1621233614000;11566185;154.066;154.086;154.076;1;T;True;3
1621233615000;11566186;154.066;154.086;154.076;0;T;True;3
1621233616000;11566187;154.066;154.086;154.076;0;T;True;3
1621233617000;11566188;154.066;154.086;154.076;0;T;True;3
1621233618000;11566189;154.066;154.086;154.076;0;T;True;3
1621233619000;11566190;154.066;154.086;154.076;0;T;True;3
1621233620000;11566192;154.065;154.085;154.075;1;T;True;3
1621233621000;11566193;154.065;154.085;154.075;0;T;True;3
1621233622000;11566197;154.049;154.069;154.059;3;T;True;3
1621233623000;11566201;154.045;154.065;154.055;3;T;True;3
1621233624000;11566204;154.043;154.063;154.053;2;T;True;3
1621233625000;11566206;154.046;154.066;154.056;1;T;True;3
1621233626000;11566207;154.046;154.066;154.056;0;T;True;3
1621233627000;11566208;154.046;154.066;154.056;0;T;True;3
1621233628000;11566209;154.046;154.066;154.056;0;T;True;3
1621233629000;11566210;154.046;154.066;154.056;0;T;True;3
1621233630000;11566211;154.046;154.066;154.056;0;T;True;3
1621233631000;11566212;154.046;154.066;154.056;0;T;True;3
1621233632000;11566215;154.045;154.065;154.055;2;T;True;3
1621233633000;11566216;154.045;154.065;154.055;0;T;True;3
1621233634000;11566217;154.045;154.065;154.055;0;T;True;3
1621233635000;11566218;154.045;154.065;154.055;0;T;True;3
1621233636000;11566219;154.045;154.065;154.055;0;T;True;3
1621233637000;11566220;154.045;154.065;154.055;0;T;True;3
1621233638000;11566222;154.044;154.064;154.054;1;T;True;3
1621233639000;11566223;154.044;154.064;154.054;0;T;True;3
1621233640000;11566224;154.044;154.064;154.054;0;T;True;3
1621233641000;11566225;154.044;154.064;154.054;0;T;True;3
1621233642000;11566228;154.042;154.062;154.052;2;T;True;3
1621233643000;11566229;154.042;154.062;154.052;0;T;True;3
1621233644000;11566230;154.042;154.062;154.052;0;T;True;3
1621233645000;11566234;154.04;154.06;154.05;3;T;True;3
1621233646000;11566235;154.04;154.06;154.05;0;T;True;3
1621233647000;11566237;154.039;154.059;154.049;1;T;True;3
1621233648000;11566238;154.039;154.059;154.049;0;T;True;3
1621233649000;11566239;154.039;154.059;154.049;0;T;True;3
1621233650000;11566240;154.039;154.059;154.049;0;T;True;3
1621233651000;11566242;154.04;154.06;154.05;1;T;True;3
1621233652000;11566247;154.039;154.059;154.049;4;T;True;3
1621233653000;11566248;154.039;154.059;154.049;0;T;True;3
1621233654000;11566249;154.039;154.059;154.049;0;T;True;3
1621233655000;11566250;154.039;154.059;154.049;0;T;True;3
1621233656000;11566252;154.04;154.06;154.05;1;T;True;3
1621233657000;11566253;154.04;154.06;154.05;0;T;True;3
1621233658000;11566257;154.045;154.065;154.055;3;T;True;3
1621233659000;11566258;154.045;154.065;154.055;0;T;True;3
1621233660000;11566261;154.049;154.069;154.059;2;T;True;3
1621233661000;11566266;154.06;154.08;154.07;4;T;True;3
1621233662000;11566269;154.058;154.078;154.068;2;T;True;3
1621233663000;11566270;154.058;154.078;154.068;0;T;True;3
1621233664000;11566271;154.058;154.078;154.068;0;T;True;3
1621233665000;11566272;154.058;154.078;154.068;0;T;True;3
1621233666000;11566273;154.058;154.078;154.068;0;T;True;3
1621233667000;11566274;154.058;154.078;154.068;0;T;True;3
1621233668000;11566275;154.058;154.078;154.068;0;T;True;3
1621233669000;11566277;154.057;154.077;154.067;1;T;True;3
1621233670000;11566278;154.057;154.077;154.067;0;T;True;3
1621233671000;11566279;154.057;154.077;154.067;0;T;True;3
1621233672000;11566280;154.057;154.077;154.067;0;T;True;3
1621233673000;11566281;154.057;154.077;154.067;0;T;True;3
1621233674000;11566282;154.057;154.077;154.067;0;T;True;3
1621233675000;11566283;154.057;154.077;154.067;0;T;True;3
1621233676000;11566286;154.051;154.071;154.061;2;T;True;3
1621233677000;11566288;154.057;154.077;154.067;1;T;True;3
1621233678000;11566289;154.057;154.077;154.067;0;T;True;3
1621233679000;11566291;154.059;154.079;154.069;1;T;True;3
1621233680000;11566292;154.059;154.079;154.069;0;T;True;3
1621233681000;11566294;154.06;154.08;154.07;1;T;True;3
1621233682000;11566297;154.058;154.078;154.068;2;T;True;3
1621233683000;11566298;154.058;154.078;154.068;0;T;True;3
1621233684000;11566299;154.058;154.078;154.068;0;T;True;3
1621233685000;11566300;154.058;154.078;154.068;0;T;True;3
1621233686000;11566301;154.058;154.078;154.068;0;T;True;3
1621233687000;11566302;154.058;154.078;154.068;0;T;True;3
1621233688000;11566303;154.058;154.078;154.068;0;T;True;3
1621233689000;11566304;154.058;154.078;154.068;0;T;True;3
1621233690000;11566305;154.058;154.078;154.068;0;T;True;3
1621233691000;11566306;154.058;154.078;154.068;0;T;True;3
1621233692000;11566307;154.058;154.078;154.068;0;T;True;3
1621233693000;11566309;154.059;154.079;154.069;1;T;True;3
1621233694000;11566310;154.059;154.079;154.069;0;T;True;3
1621233695000;11566311;154.059;154.079;154.069;0;T;True;3
1621233696000;11566312;154.059;154.079;154.069;0;T;True;3
1621233697000;11566313;154.059;154.079;154.069;0;T;True;3
1621233698000;11566315;154.058;154.078;154.068;1;T;True;3
1621233699000;11566316;154.058;154.078;154.068;0;T;True;3
1621233700000;11566317;154.058;154.078;154.068;0;T;True;3
1621233701000;11566318;154.058;154.078;154.068;0;T;True;3
1621233702000;11566319;154.058;154.078;154.068;0;T;True;3
1621233703000;11566320;154.058;154.078;154.068;0;T;True;3
1621233704000;11566321;154.058;154.078;154.068;0;T;True;3
1621233705000;11566322;154.058;154.078;154.068;0;T;True;3
1621233706000;11566323;154.058;154.078;154.068;0;T;True;3
1621233707000;11566325;154.057;154.077;154.067;1;T;True;3
1621233708000;11566328;154.056;154.076;154.066;2;T;True;3
1621233709000;11566329;154.056;154.076;154.066;0;T;True;3
1621233710000;11566330;154.056;154.076;154.066;0;T;True;3
1621233711000;11566331;154.056;154.076;154.066;0;T;True;3
1621233712000;11566332;154.056;154.076;154.066;0;T;True;3
1621233713000;11566334;154.055;154.075;154.065;1;T;True;3
1621233714000;11566335;154.055;154.075;154.065;0;T;True;3
1621233715000;11566336;154.055;154.075;154.065;0;T;True;3
1621233716000;11566337;154.055;154.075;154.065;0;T;True;3
1621233717000;11566338;154.055;154.075;154.065;0;T;True;3
1621233718000;11566339;154.055;154.075;154.065;0;T;True;3
1621233719000;11566340;154.055;154.075;154.065;0;T;True;3
1621233720000;11566342;154.049;154.069;154.059;1;T;True;3
1621233721000;11566343;154.049;154.069;154.059;0;T;True;3
1621233722000;11566344;154.049;154.069;154.059;0;T;True;3
1621233723000;11566345;154.049;154.069;154.059;0;T;True;3
1621233724000;11566346;154.049;154.069;154.059;0;T;True;3
1621233725000;11566347;154.049;154.069;154.059;0;T;True;3
1621233726000;11566348;154.049;154.069;154.059;0;T;True;3
1621233727000;11566349;154.049;154.069;154.059;0;T;True;3
1621233728000;11566350;154.049;154.069;154.059;0;T;True;3
1621233729000;11566351;154.049;154.069;154.059;0;T;True;3
1621233730000;11566352;154.049;154.069;154.059;0;T;True;3
1621233731000;11566353;154.049;154.069;154.059;0;T;True;3
1621233732000;11566354;154.049;154.069;154.059;0;T;True;3
1621233733000;11566355;154.049;154.069;154.059;0;T;True;3
1621233734000;11566357;154.05;154.07;154.06;1;T;True;3
1621233735000;11566360;154.045;154.065;154.055;2;T;True;3
1621233736000;11566361;154.045;154.065;154.055;0;T;True;3
1621233737000;11566365;154.04;154.06;154.05;3;T;True;3
1621233738000;11566369;154.05;154.07;154.06;3;T;True;3
1621233739000;11566371;154.051;154.071;154.061;1;T;True;3
1621233740000;11566373;154.05;154.07;154.06;1;T;True;3
1621233741000;11566374;154.05;154.07;154.06;0;T;True;3
1621233742000;11566375;154.05;154.07;154.06;0;T;True;3
1621233743000;11566376;154.05;154.07;154.06;0;T;True;3
1621233744000;11566377;154.05;154.07;154.06;0;T;True;3
1621233745000;11566378;154.05;154.07;154.06;0;T;True;3
1621233746000;11566379;154.05;154.07;154.06;0;T;True;3
1621233747000;11566383;154.055;154.075;154.065;3;T;True;3
1621233748000;11566386;154.051;154.071;154.061;2;T;True;3
1621233749000;11566387;154.051;154.071;154.061;0;T;True;3
1621233750000;11566388;154.051;154.071;154.061;0;T;True;3
1621233751000;11566389;154.051;154.071;154.061;0;T;True;3
1621233752000;11566390;154.051;154.071;154.061;0;T;True;3
1621233753000;11566392;154.05;154.07;154.06;1;T;True;3
1621233754000;11566395;154.054;154.074;154.064;2;T;True;3
1621233755000;11566396;154.054;154.074;154.064;0;T;True;3
1621233756000;11566397;154.054;154.074;154.064;0;T;True;3
1621233757000;11566399;154.053;154.073;154.063;1;T;True;3
1621233758000;11566401;154.051;154.071;154.061;1;T;True;3
1621233759000;11566402;154.051;154.071;154.061;0;T;True;3
1621233760000;11566403;154.051;154.071;154.061;0;T;True;3
1621233761000;11566405;154.053;154.073;154.063;1;T;True;3
1621233762000;11566407;154.055;154.075;154.065;1;T;True;3
1621233763000;11566410;154.066;154.086;154.076;2;T;True;3
1621233764000;11566415;154.073;154.093;154.083;4;T;True;3
1621233765000;11566417;154.071;154.091;154.081;1;T;True;3
1621233766000;11566418;154.071;154.091;154.081;0;T;True;3
1621233767000;11566419;154.071;154.091;154.081;0;T;True;3
1621233768000;11566421;154.067;154.087;154.077;1;T;True;3
1621233769000;11566422;154.067;154.087;154.077;0;T;True;3
1621233770000;11566423;154.067;154.087;154.077;0;T;True;3
1621233771000;11566424;154.067;154.087;154.077;0;T;True;3
1621233772000;11566426;154.066;154.086;154.076;1;T;True;3
1621233773000;11566427;154.066;154.086;154.076;0;T;True;3
1621233774000;11566433;154.077;154.097;154.087;5;T;True;3
1621233775000;11566438;154.082;154.102;154.092;4;T;True;3
1621233776000;11566440;154.081;154.101;154.091;1;T;True;3
1621233777000;11566443;154.077;154.097;154.087;2;T;True;3
1621233778000;11566446;154.077;154.097;154.087;2;T;True;3
1621233779000;11566448;154.076;154.096;154.086;1;T;True;3
1621233780000;11566450;154.075;154.095;154.085;1;T;True;3
1621233781000;11566451;154.075;154.095;154.085;0;T;True;3
1621233782000;11566452;154.075;154.095;154.085;0;T;True;3
1621233783000;11566453;154.075;154.095;154.085;0;T;True;3
1621233784000;11566454;154.075;154.095;154.085;0;T;True;3
1621233785000;11566455;154.075;154.095;154.085;0;T;True;3
1621233786000;11566456;154.075;154.095;154.085;0;T;True;3
1621233787000;11566457;154.075;154.095;154.085;0;T;True;3
1621233788000;11566458;154.075;154.095;154.085;0;T;True;3
1621233789000;11566459;154.075;154.095;154.085;0;T;True;3
1621233790000;11566463;154.077;154.097;154.087;3;T;True;3
1621233791000;11566464;154.077;154.097;154.087;0;T;True;3
1621233792000;11566465;154.077;154.097;154.087;0;T;True;3
1621233793000;11566466;154.077;154.097;154.087;0;T;True;3
1621233794000;11566467;154.077;154.097;154.087;0;T;True;3
1621233795000;11566471;154.077;154.097;154.087;3;T;True;3
1621233796000;11566472;154.077;154.097;154.087;0;T;True;3
1621233797000;11566475;154.083;154.103;154.093;2;T;True;3
1621233798000;11566477;154.084;154.104;154.094;1;T;True;3
1621233799000;11566478;154.084;154.104;154.094;0;T;True;3
1621233800000;11566480;154.085;154.105;154.095;1;T;True;3
1621233801000;11566482;154.081;154.101;154.091;1;T;True;3
1621233802000;11566483;154.081;154.101;154.091;0;T;True;3
1621233803000;11566485;154.08;154.1;154.09;1;T;True;3
1621233804000;11566486;154.08;154.1;154.09;0;T;True;3
1621233805000;11566493;154.071;154.091;154.081;6;T;True;3
1621233806000;11566496;154.066;154.086;154.076;2;T;True;3
1621233807000;11566498;154.071;154.091;154.081;1;T;True;3
1621233808000;11566500;154.069;154.089;154.079;1;T;True;3
1621233809000;11566506;154.066;154.086;154.076;5;T;True;3
1621233810000;11566509;154.069;154.089;154.079;2;T;True;3
1621233811000;11566512;154.069;154.089;154.079;2;T;True;3
1621233812000;11566515;154.067;154.087;154.077;2;T;True;3
1621233813000;11566517;154.066;154.086;154.076;1;T;True;3
1621233814000;11566518;154.066;154.086;154.076;0;T;True;3
1621233815000;11566520;154.067;154.087;154.077;1;T;True;3
1621233816000;11566524;154.064;154.084;154.074;3;T;True;3
1621233817000;11566527;154.064;154.084;154.074;2;T;True;3
1621233818000;11566529;154.063;154.083;154.073;1;T;True;3
1621233819000;11566531;154.062;154.082;154.072;1;T;True;3
1621233820000;11566533;154.065;154.085;154.075;1;T;True;3
1621233821000;11566534;154.065;154.085;154.075;0;T;True;3
1621233822000;11566535;154.065;154.085;154.075;0;T;True;3
1621233823000;11566536;154.065;154.085;154.075;0;T;True;3
1621233824000;11566537;154.065;154.085;154.075;0;T;True;3
1621233825000;11566542;154.074;154.094;154.084;4;T;True;3
1621233826000;11566544;154.077;154.097;154.087;1;T;True;3
1621233827000;11566545;154.077;154.097;154.087;0;T;True;3
1621233828000;11566546;154.077;154.097;154.087;0;T;True;3
1621233829000;11566548;154.075;154.095;154.085;1;T;True;3
1621233830000;11566549;154.075;154.095;154.085;0;T;True;3
1621233831000;11566550;154.075;154.095;154.085;0;T;True;3
1621233832000;11566553;154.076;154.096;154.086;2;T;True;3
1621233833000;11566554;154.076;154.096;154.086;0;T;True;3
1621233834000;11566555;154.076;154.096;154.086;0;T;True;3
1621233835000;11566556;154.076;154.096;154.086;0;T;True;3
1621233836000;11566557;154.076;154.096;154.086;0;T;True;3
1621233837000;11566558;154.076;154.096;154.086;0;T;True;3
1621233838000;11566559;154.076;154.096;154.086;0;T;True;3
1621233839000;11566560;154.076;154.096;154.086;0;T;True;3
1621233840000;11566561;154.076;154.096;154.086;0;T;True;3
1621233841000;11566563;154.073;154.093;154.083;1;T;True;3
1621233842000;11566566;154.073;154.093;154.083;2;T;True;3
1621233843000;11566567;154.073;154.093;154.083;0;T;True;3
1621233844000;11566568;154.073;154.093;154.083;0;T;True;3
1621233845000;11566569;154.073;154.093;154.083;0;T;True;3
1621233846000;11566570;154.073;154.093;154.083;0;T;True;3
1621233847000;11566571;154.073;154.093;154.083;0;T;True;3
1621233848000;11566573;154.075;154.095;154.085;1;T;True;3
1621233849000;11566574;154.075;154.095;154.085;0;T;True;3
1621233850000;11566575;154.075;154.095;154.085;0;T;True;3
1621233851000;11566576;154.075;154.095;154.085;0;T;True;3
1621233852000;11566577;154.075;154.095;154.085;0;T;True;3
1621233853000;11566578;154.075;154.095;154.085;0;T;True;3
1621233854000;11566579;154.075;154.095;154.085;0;T;True;3
1621233855000;11566581;154.08;154.1;154.09;1;T;True;3
1621233856000;11566582;154.08;154.1;154.09;0;T;True;3
1621233857000;11566583;154.08;154.1;154.09;0;T;True;3
1621233858000;11566585;154.081;154.101;154.091;1;T;True;3
1621233859000;11566586;154.081;154.101;154.091;0;T;True;3
1621233860000;11566587;154.081;154.101;154.091;0;T;True;3
1621233861000;11566590;154.087;154.107;154.097;2;T;True;3
1621233862000;11566591;154.087;154.107;154.097;0;T;True;3
1621233863000;11566592;154.087;154.107;154.097;0;T;True;3
1621233864000;11566594;154.086;154.106;154.096;1;T;True;3
1621233865000;11566597;154.085;154.105;154.095;2;T;True;3
1621233866000;11566602;154.089;154.109;154.099;4;T;True;3
1621233867000;11566604;154.088;154.108;154.098;1;T;True;3
1621233868000;11566605;154.088;154.108;154.098;0;T;True;3
1621233869000;11566606;154.088;154.108;154.098;0;T;True;3
1621233870000;11566607;154.088;154.108;154.098;0;T;True;3
1621233871000;11566608;154.088;154.108;154.098;0;T;True;3
1621233872000;11566613;154.077;154.097;154.087;4;T;True;3
1621233873000;11566614;154.077;154.097;154.087;0;T;True;3
1621233874000;11566618;154.08;154.1;154.09;3;T;True;3
1621233875000;11566620;154.079;154.099;154.089;1;T;True;3
1621233876000;11566621;154.079;154.099;154.089;0;T;True;3
1621233877000;11566622;154.079;154.099;154.089;0;T;True;3
1621233878000;11566624;154.08;154.1;154.09;1;T;True;3
1621233879000;11566626;154.081;154.101;154.091;1;T;True;3
1621233880000;11566628;154.08;154.1;154.09;1;T;True;3
1621233881000;11566630;154.081;154.101;154.091;1;T;True;3
1621233882000;11566631;154.081;154.101;154.091;0;T;True;3
1621233883000;11566632;154.081;154.101;154.091;0;T;True;3
1621233884000;11566635;154.075;154.095;154.085;2;T;True;3
1621233885000;11566639;154.073;154.093;154.083;3;T;True;3
1621233886000;11566643;154.069;154.089;154.079;3;T;True;3
1621233887000;11566644;154.069;154.089;154.079;0;T;True;3
1621233888000;11566648;154.069;154.089;154.079;3;T;True;3
1621233889000;11566653;154.069;154.089;154.079;4;T;True;3
1621233890000;11566654;154.069;154.089;154.079;0;T;True;3
1621233891000;11566655;154.069;154.089;154.079;0;T;True;3
1621233892000;11566657;154.067;154.087;154.077;1;T;True;3
1621233893000;11566658;154.067;154.087;154.077;0;T;True;3
1621233894000;11566660;154.069;154.089;154.079;1;T;True;3
1621233895000;11566661;154.069;154.089;154.079;0;T;True;3
1621233896000;11566662;154.069;154.089;154.079;0;T;True;3
1621233897000;11566665;154.066;154.086;154.076;2;T;True;3
1621233898000;11566668;154.068;154.088;154.078;2;T;True;3
1621233899000;11566674;154.068;154.088;154.078;5;T;True;3
1621233900000;11566675;154.068;154.088;154.078;0;T;True;3
1621233901000;11566676;154.068;154.088;154.078;0;T;True;3
1621233902000;11566678;154.067;154.087;154.077;1;T;True;3
1621233903000;11566680;154.065;154.085;154.075;1;T;True;3
1621233904000;11566682;154.069;154.089;154.079;1;T;True;3
1621233905000;11566683;154.069;154.089;154.079;0;T;True;3
1621233906000;11566684;154.069;154.089;154.079;0;T;True;3
1621233907000;11566691;154.071;154.091;154.081;6;T;True;3
1621233908000;11566694;154.071;154.091;154.081;2;T;True;3
1621233909000;11566695;154.071;154.091;154.081;0;T;True;3
1621233910000;11566698;154.071;154.091;154.081;2;T;True;3
1621233911000;11566702;154.085;154.105;154.095;3;T;True;3
1621233912000;11566707;154.077;154.097;154.087;4;T;True;3
1621233913000;11566710;154.074;154.094;154.084;2;T;True;3
1621233914000;11566712;154.075;154.095;154.085;1;T;True;3
1621233915000;11566714;154.074;154.094;154.084;1;T;True;3
1621233916000;11566715;154.074;154.094;154.084;0;T;True;3
1621233917000;11566716;154.074;154.094;154.084;0;T;True;3
1621233918000;11566717;154.074;154.094;154.084;0;T;True;3
1621233919000;11566719;154.075;154.095;154.085;1;T;True;3
1621233920000;11566720;154.075;154.095;154.085;0;T;True;3
1621233921000;11566722;154.077;154.097;154.087;1;T;True;3
1621233922000;11566723;154.077;154.097;154.087;0;T;True;3
1621233923000;11566724;154.077;154.097;154.087;0;T;True;3
1621233924000;11566725;154.077;154.097;154.087;0;T;True;3
1621233925000;11566726;154.077;154.097;154.087;0;T;True;3
1621233926000;11566727;154.077;154.097;154.087;0;T;True;3
1621233927000;11566728;154.077;154.097;154.087;0;T;True;3
1621233928000;11566729;154.077;154.097;154.087;0;T;True;3
1621233929000;11566730;154.077;154.097;154.087;0;T;True;3
1621233930000;11566731;154.077;154.097;154.087;0;T;True;3
1621233931000;11566732;154.077;154.097;154.087;0;T;True;3
1621233932000;11566733;154.077;154.097;154.087;0;T;True;3
1621233933000;11566734;154.077;154.097;154.087;0;T;True;3
1621233934000;11566741;154.069;154.089;154.079;6;T;True;3
1621233935000;11566743;154.067;154.087;154.077;1;T;True;3
1621233936000;11566746;154.063;154.083;154.073;2;T;True;3
1621233937000;11566748;154.067;154.087;154.077;1;T;True;3
1621233938000;11566749;154.067;154.087;154.077;0;T;True;3
1621233939000;11566750;154.067;154.087;154.077;0;T;True;3
1621233940000;11566751;154.067;154.087;154.077;0;T;True;3
1621233941000;11566752;154.067;154.087;154.077;0;T;True;3
1621233942000;11566754;154.069;154.089;154.079;1;T;True;3
1621233943000;11566755;154.069;154.089;154.079;0;T;True;3
1621233944000;11566756;154.069;154.089;154.079;0;T;True;3
1621233945000;11566758;154.067;154.087;154.077;1;T;True;3
1621233946000;11566761;154.06;154.08;154.07;2;T;True;3
1621233947000;11566763;154.059;154.079;154.069;1;T;True;3
1621233948000;11566766;154.055;154.075;154.065;2;T;True;3
1621233949000;11566767;154.055;154.075;154.065;0;T;True;3
1621233950000;11566768;154.055;154.075;154.065;0;T;True;3
1621233951000;11566771;154.051;154.071;154.061;2;T;True;3
1621233952000;11566776;154.044;154.064;154.054;4;T;True;3
1621233953000;11566777;154.044;154.064;154.054;0;T;True;3
1621233954000;11566782;154.049;154.069;154.059;4;T;True;3
1621233955000;11566784;154.048;154.068;154.058;1;T;True;3
1621233956000;11566785;154.048;154.068;154.058;0;T;True;3
1621233957000;11566789;154.053;154.073;154.063;3;T;True;3
1621233958000;11566790;154.053;154.073;154.063;0;T;True;3
1621233959000;11566792;154.054;154.074;154.064;1;T;True;3
1621233960000;11566795;154.057;154.077;154.067;2;T;True;3
1621233961000;11566796;154.057;154.077;154.067;0;T;True;3
1621233962000;11566798;154.054;154.074;154.064;1;T;True;3
1621233963000;11566808;154.037;154.057;154.047;9;T;True;3
1621233964000;11566811;154.041;154.061;154.051;2;T;True;3
1621233965000;11566815;154.043;154.063;154.053;3;T;True;3
1621233966000;11566817;154.041;154.061;154.051;1;T;True;3
1621233967000;11566818;154.041;154.061;154.051;0;T;True;3
1621233968000;11566819;154.041;154.061;154.051;0;T;True;3
1621233969000;11566820;154.041;154.061;154.051;0;T;True;3
1621233970000;11566821;154.041;154.061;154.051;0;T;True;3
1621233971000;11566822;154.041;154.061;154.051;0;T;True;3
1621233972000;11566824;154.037;154.057;154.047;1;T;True;3
1621233973000;11566825;154.037;154.057;154.047;0;T;True;3
1621233974000;11566826;154.037;154.057;154.047;0;T;True;3
1621233975000;11566827;154.037;154.057;154.047;0;T;True;3
1621233976000;11566828;154.037;154.057;154.047;0;T;True;3
1621233977000;11566830;154.038;154.058;154.048;1;T;True;3
1621233978000;11566831;154.038;154.058;154.048;0;T;True;3
1621233979000;11566832;154.038;154.058;154.048;0;T;True;3
1621233980000;11566833;154.038;154.058;154.048;0;T;True;3
1621233981000;11566837;154.045;154.065;154.055;3;T;True;3
1621233982000;11566838;154.045;154.065;154.055;0;T;True;3
1621233983000;11566841;154.041;154.061;154.051;2;T;True;3
1621233984000;11566842;154.041;154.061;154.051;0;T;True;3
1621233985000;11566843;154.041;154.061;154.051;0;T;True;3
1621233986000;11566847;154.047;154.067;154.057;3;T;True;3
1621233987000;11566849;154.045;154.065;154.055;1;T;True;3
1621233988000;11566852;154.041;154.061;154.051;2;T;True;3
1621233989000;11566855;154.038;154.058;154.048;2;T;True;3
1621233990000;11566860;154.037;154.057;154.047;4;T;True;3
1621233991000;11566863;154.034;154.054;154.044;2;T;True;3
1621233992000;11566864;154.034;154.054;154.044;0;T;True;3
1621233993000;11566866;154.035;154.055;154.045;1;T;True;3
1621233994000;11566868;154.033;154.053;154.043;1;T;True;3
1621233995000;11566869;154.033;154.053;154.043;0;T;True;3
1621233996000;11566870;154.033;154.053;154.043;0;T;True;3
1621233997000;11566871;154.033;154.053;154.043;0;T;True;3
1621233998000;11566872;154.033;154.053;154.043;0;T;True;3
1621233999000;11566873;154.033;154.053;154.043;0;T;True;3
1621234000000;11566875;154.032;154.052;154.042;1;T;True;3
1621234001000;11566876;154.032;154.052;154.042;0;T;True;3
1621234002000;11566877;154.032;154.052;154.042;0;T;True;3
1621234003000;11566878;154.032;154.052;154.042;0;T;True;3
1621234004000;11566879;154.032;154.052;154.042;0;T;True;3
1621234005000;11566880;154.032;154.052;154.042;0;T;True;3
1621234006000;11566881;154.032;154.052;154.042;0;T;True;3
1621234007000;11566883;154.031;154.051;154.041;1;T;True;3
1621234008000;11566887;154.023;154.043;154.033;3;T;True;3
1621234009000;11566888;154.023;154.043;154.033;0;T;True;3
1621234010000;11566889;154.023;154.043;154.033;0;T;True;3
1621234011000;11566892;154.019;154.039;154.029;2;T;True;3
1621234012000;11566894;154.02;154.04;154.03;1;T;True;3
1621234013000;11566898;154.017;154.037;154.027;3;T;True;3
1621234014000;11566899;154.017;154.037;154.027;0;T;True;3
1621234015000;11566901;154.021;154.041;154.031;1;T;True;3
1621234016000;11566903;154.02;154.04;154.03;1;T;True;3
1621234017000;11566905;154.021;154.041;154.031;1;T;True;3
1621234018000;11566906;154.021;154.041;154.031;0;T;True;3
1621234019000;11566907;154.021;154.041;154.031;0;T;True;3
1621234020000;11566908;154.021;154.041;154.031;0;T;True;3
1621234021000;11566909;154.021;154.041;154.031;0;T;True;3
1621234022000;11566913;154.019;154.039;154.029;3;T;True;3
1621234023000;11566915;154.021;154.041;154.031;1;T;True;3
1621234024000;11566917;154.022;154.042;154.032;1;T;True;3
1621234025000;11566924;154.029;154.049;154.039;6;T;True;3
1621234026000;11566927;154.029;154.049;154.039;2;T;True;3
1621234027000;11566928;154.029;154.049;154.039;0;T;True;3
1621234028000;11566929;154.029;154.049;154.039;0;T;True;3
1621234029000;11566932;154.027;154.047;154.037;2;T;True;3
1621234030000;11566933;154.027;154.047;154.037;0;T;True;3
1621234031000;11566934;154.027;154.047;154.037;0;T;True;3
1621234032000;11566936;154.028;154.048;154.038;1;T;True;3
1621234033000;11566939;154.036;154.056;154.046;2;T;True;3
1621234034000;11566941;154.035;154.055;154.045;1;T;True;3
1621234035000;11566942;154.035;154.055;154.045;0;T;True;3
1621234036000;11566944;154.033;154.053;154.043;1;T;True;3
1621234037000;11566945;154.033;154.053;154.043;0;T;True;3
1621234038000;11566946;154.033;154.053;154.043;0;T;True;3
1621234039000;11566947;154.033;154.053;154.043;0;T;True;3
1621234040000;11566948;154.033;154.053;154.043;0;T;True;3
1621234041000;11566949;154.033;154.053;154.043;0;T;True;3
1621234042000;11566950;154.033;154.053;154.043;0;T;True;3
1621234043000;11566951;154.033;154.053;154.043;0;T;True;3
1621234044000;11566952;154.033;154.053;154.043;0;T;True;3
1621234045000;11566953;154.033;154.053;154.043;0;T;True;3
1621234046000;11566954;154.033;154.053;154.043;0;T;True;3
1621234047000;11566955;154.033;154.053;154.043;0;T;True;3
1621234048000;11566956;154.033;154.053;154.043;0;T;True;3
1621234049000;11566957;154.033;154.053;154.043;0;T;True;3
1621234050000;11566958;154.033;154.053;154.043;0;T;True;3
1621234051000;11566959;154.033;154.053;154.043;0;T;True;3
1621234052000;11566962;154.037;154.057;154.047;2;T;True;3
1621234053000;11566963;154.037;154.057;154.047;0;T;True;3
1621234054000;11566964;154.037;154.057;154.047;0;T;True;3
1621234055000;11566970;154.045;154.065;154.055;5;T;True;3
1621234056000;11566973;154.047;154.067;154.057;2;T;True;3
1621234057000;11566974;154.047;154.067;154.057;0;T;True;3
1621234058000;11566975;154.047;154.067;154.057;0;T;True;3
1621234059000;11566976;154.047;154.067;154.057;0;T;True;3
1621234060000;11566977;154.047;154.067;154.057;0;T;True;3
1621234061000;11566978;154.047;154.067;154.057;0;T;True;3
1621234062000;11566979;154.047;154.067;154.057;0;T;True;3
1621234063000;11566981;154.048;154.068;154.058;1;T;True;3
1621234064000;11566986;154.043;154.063;154.053;4;T;True;3
1621234065000;11566987;154.043;154.063;154.053;0;T;True;3
1621234066000;11566990;154.039;154.059;154.049;2;T;True;3
1621234067000;11566991;154.039;154.059;154.049;0;T;True;3
1621234068000;11566992;154.039;154.059;154.049;0;T;True;3
1621234069000;11566993;154.039;154.059;154.049;0;T;True;3
1621234070000;11566994;154.039;154.059;154.049;0;T;True;3
1621234071000;11566995;154.039;154.059;154.049;0;T;True;3
1621234072000;11566996;154.039;154.059;154.049;0;T;True;3
1621234073000;11566997;154.039;154.059;154.049;0;T;True;3
1621234074000;11566999;154.04;154.06;154.05;1;T;True;3
1621234075000;11567003;154.044;154.064;154.054;3;T;True;3
1621234076000;11567004;154.044;154.064;154.054;0;T;True;3
1621234077000;11567005;154.044;154.064;154.054;0;T;True;3
1621234078000;11567007;154.043;154.063;154.053;1;T;True;3
1621234079000;11567008;154.043;154.063;154.053;0;T;True;3
1621234080000;11567009;154.043;154.063;154.053;0;T;True;3
1621234081000;11567010;154.043;154.063;154.053;0;T;True;3
1621234082000;11567011;154.043;154.063;154.053;0;T;True;3
1621234083000;11567012;154.043;154.063;154.053;0;T;True;3
1621234084000;11567013;154.043;154.063;154.053;0;T;True;3
1621234085000;11567015;154.042;154.062;154.052;1;T;True;3
1621234086000;11567016;154.042;154.062;154.052;0;T;True;3
1621234087000;11567018;154.043;154.063;154.053;1;T;True;3
1621234088000;11567019;154.043;154.063;154.053;0;T;True;3
1621234089000;11567020;154.043;154.063;154.053;0;T;True;3
1621234090000;11567021;154.043;154.063;154.053;0;T;True;3
1621234091000;11567023;154.044;154.064;154.054;1;T;True;3
1621234092000;11567024;154.044;154.064;154.054;0;T;True;3
1621234093000;11567026;154.045;154.065;154.055;1;T;True;3
1621234094000;11567027;154.045;154.065;154.055;0;T;True;3
1621234095000;11567028;154.045;154.065;154.055;0;T;True;3
1621234096000;11567029;154.045;154.065;154.055;0;T;True;3
1621234097000;11567031;154.047;154.067;154.057;1;T;True;3
1621234098000;11567032;154.047;154.067;154.057;0;T;True;3
1621234099000;11567033;154.047;154.067;154.057;0;T;True;3
1621234100000;11567037;154.051;154.071;154.061;3;T;True;3
1621234101000;11567040;154.047;154.067;154.057;2;T;True;3
1621234102000;11567042;154.049;154.069;154.059;1;T;True;3
1621234103000;11567043;154.049;154.069;154.059;0;T;True;3
1621234104000;11567044;154.049;154.069;154.059;0;T;True;3
1621234105000;11567045;154.049;154.069;154.059;0;T;True;3
1621234106000;11567046;154.049;154.069;154.059;0;T;True;3
1621234107000;11567047;154.049;154.069;154.059;0;T;True;3
1621234108000;11567049;154.05;154.07;154.06;1;T;True;3
1621234109000;11567050;154.05;154.07;154.06;0;T;True;3
1621234110000;11567052;154.049;154.069;154.059;1;T;True;3
1621234111000;11567053;154.049;154.069;154.059;0;T;True;3
1621234112000;11567054;154.049;154.069;154.059;0;T;True;3
1621234113000;11567055;154.049;154.069;154.059;0;T;True;3
1621234114000;11567059;154.059;154.079;154.069;3;T;True;3
1621234115000;11567060;154.059;154.079;154.069;0;T;True;3
1621234116000;11567061;154.059;154.079;154.069;0;T;True;3
1621234117000;11567062;154.059;154.079;154.069;0;T;True;3
1621234118000;11567063;154.059;154.079;154.069;0;T;True;3
1621234119000;11567064;154.059;154.079;154.069;0;T;True;3
1621234120000;11567065;154.059;154.079;154.069;0;T;True;3
1621234121000;11567066;154.059;154.079;154.069;0;T;True;3
1621234122000;11567067;154.059;154.079;154.069;0;T;True;3
1621234123000;11567068;154.059;154.079;154.069;0;T;True;3
1621234124000;11567069;154.059;154.079;154.069;0;T;True;3
1621234125000;11567070;154.059;154.079;154.069;0;T;True;3
1621234126000;11567071;154.059;154.079;154.069;0;T;True;3
1621234127000;11567072;154.059;154.079;154.069;0;T;True;3
1621234128000;11567073;154.059;154.079;154.069;0;T;True;3
1621234129000;11567074;154.059;154.079;154.069;0;T;True;3
1621234130000;11567077;154.057;154.077;154.067;2;T;True;3
1621234131000;11567078;154.057;154.077;154.067;0;T;True;3
1621234132000;11567079;154.057;154.077;154.067;0;T;True;3
1621234133000;11567085;154.051;154.071;154.061;5;T;True;3
1621234134000;11567087;154.052;154.072;154.062;1;T;True;3
1621234135000;11567089;154.051;154.071;154.061;1;T;True;3
1621234136000;11567090;154.051;154.071;154.061;0;T;True;3
1621234137000;11567091;154.051;154.071;154.061;0;T;True;3
1621234138000;11567092;154.051;154.071;154.061;0;T;True;3
1621234139000;11567093;154.051;154.071;154.061;0;T;True;3
1621234140000;11567095;154.05;154.07;154.06;1;T;True;3
1621234141000;11567096;154.05;154.07;154.06;0;T;True;3
1621234142000;11567097;154.05;154.07;154.06;0;T;True;3
1621234143000;11567103;154.037;154.057;154.047;5;T;True;3
1621234144000;11567105;154.031;154.051;154.041;1;T;True;3
1621234145000;11567106;154.031;154.051;154.041;0;T;True;3
1621234146000;11567107;154.031;154.051;154.041;0;T;True;3
1621234147000;11567108;154.031;154.051;154.041;0;T;True;3
1621234148000;11567109;154.031;154.051;154.041;0;T;True;3
1621234149000;11567110;154.031;154.051;154.041;0;T;True;3
1621234150000;11567111;154.031;154.051;154.041;0;T;True;3
1621234151000;11567112;154.031;154.051;154.041;0;T;True;3
1621234152000;11567113;154.031;154.051;154.041;0;T;True;3
1621234153000;11567114;154.031;154.051;154.041;0;T;True;3
1621234154000;11567115;154.031;154.051;154.041;0;T;True;3
1621234155000;11567116;154.031;154.051;154.041;0;T;True;3
1621234156000;11567117;154.031;154.051;154.041;0;T;True;3
1621234157000;11567118;154.031;154.051;154.041;0;T;True;3
1621234158000;11567119;154.031;154.051;154.041;0;T;True;3
1621234159000;11567120;154.031;154.051;154.041;0;T;True;3
1621234160000;11567122;154.029;154.049;154.039;1;T;True;3
1621234161000;11567123;154.029;154.049;154.039;0;T;True;3
1621234162000;11567124;154.029;154.049;154.039;0;T;True;3
1621234163000;11567125;154.029;154.049;154.039;0;T;True;3
1621234164000;11567126;154.029;154.049;154.039;0;T;True;3
1621234165000;11567132;154.036;154.056;154.046;5;T;True;3
1621234166000;11567134;154.037;154.057;154.047;1;T;True;3
1621234167000;11567135;154.037;154.057;154.047;0;T;True;3
1621234168000;11567136;154.037;154.057;154.047;0;T;True;3
1621234169000;11567137;154.037;154.057;154.047;0;T;True;3
1621234170000;11567138;154.037;154.057;154.047;0;T;True;3
1621234171000;11567140;154.039;154.059;154.049;1;T;True;3
1621234172000;11567145;154.033;154.053;154.043;4;T;True;3
1621234173000;11567146;154.033;154.053;154.043;0;T;True;3
1621234174000;11567147;154.033;154.053;154.043;0;T;True;3
1621234175000;11567148;154.033;154.053;154.043;0;T;True;3
1621234176000;11567149;154.033;154.053;154.043;0;T;True;3
1621234177000;11567150;154.033;154.053;154.043;0;T;True;3
1621234178000;11567151;154.033;154.053;154.043;0;T;True;3
1621234179000;11567152;154.033;154.053;154.043;0;T;True;3
1621234180000;11567153;154.033;154.053;154.043;0;T;True;3
1621234181000;11567154;154.033;154.053;154.043;0;T;True;3
1621234182000;11567156;154.031;154.051;154.041;1;T;True;3
1621234183000;11567157;154.031;154.051;154.041;0;T;True;3
1621234184000;11567158;154.031;154.051;154.041;0;T;True;3
1621234185000;11567162;154.037;154.057;154.047;3;T;True;3
1621234186000;11567165;154.037;154.057;154.047;2;T;True;3
1621234187000;11567168;154.035;154.055;154.045;2;T;True;3
1621234188000;11567169;154.035;154.055;154.045;0;T;True;3
1621234189000;11567170;154.035;154.055;154.045;0;T;True;3
1621234190000;11567171;154.035;154.055;154.045;0;T;True;3
1621234191000;11567172;154.035;154.055;154.045;0;T;True;3
1621234192000;11567173;154.035;154.055;154.045;0;T;True;3
1621234193000;11567177;154.027;154.047;154.037;3;T;True;3
1621234194000;11567182;154.024;154.044;154.034;4;T;True;3
1621234195000;11567183;154.024;154.044;154.034;0;T;True;3
1621234196000;11567184;154.024;154.044;154.034;0;T;True;3
1621234197000;11567185;154.024;154.044;154.034;0;T;True;3
1621234198000;11567187;154.023;154.043;154.033;1;T;True;3
1621234199000;11567188;154.023;154.043;154.033;0;T;True;3
1621234200000;11567189;154.023;154.043;154.033;0;T;True;3
1621234201000;11567190;154.023;154.043;154.033;0;T;True;3
1621234202000;11567191;154.023;154.043;154.033;0;T;True;3
1621234203000;11567192;154.023;154.043;154.033;0;T;True;3
1621234204000;11567193;154.023;154.043;154.033;0;T;True;3
1621234205000;11567195;154.021;154.041;154.031;1;T;True;3
1621234206000;11567197;154.022;154.042;154.032;1;T;True;3
1621234207000;11567198;154.022;154.042;154.032;0;T;True;3
1621234208000;11567202;154.029;154.049;154.039;3;T;True;3
1621234209000;11567205;154.035;154.055;154.045;2;T;True;3
1621234210000;11567206;154.035;154.055;154.045;0;T;True;3
1621234211000;11567207;154.035;154.055;154.045;0;T;True;3
1621234212000;11567215;154.047;154.067;154.057;7;T;True;3
1621234213000;11567218;154.047;154.067;154.057;2;T;True;3
1621234214000;11567220;154.044;154.064;154.054;1;T;True;3
1621234215000;11567223;154.047;154.067;154.057;2;T;True;3
1621234216000;11567225;154.048;154.068;154.058;1;T;True;3
1621234217000;11567227;154.049;154.069;154.059;1;T;True;3
1621234218000;11567228;154.049;154.069;154.059;0;T;True;3
1621234219000;11567229;154.049;154.069;154.059;0;T;True;3
1621234220000;11567230;154.049;154.069;154.059;0;T;True;3
1621234221000;11567234;154.047;154.067;154.057;3;T;True;3
1621234222000;11567235;154.047;154.067;154.057;0;T;True;3
1621234223000;11567236;154.047;154.067;154.057;0;T;True;3
1621234224000;11567237;154.047;154.067;154.057;0;T;True;3
1621234225000;11567238;154.047;154.067;154.057;0;T;True;3
1621234226000;11567239;154.047;154.067;154.057;0;T;True;3
1621234227000;11567240;154.047;154.067;154.057;0;T;True;3
1621234228000;11567241;154.047;154.067;154.057;0;T;True;3
1621234229000;11567242;154.047;154.067;154.057;0;T;True;3
1621234230000;11567245;154.048;154.068;154.058;2;T;True;3
1621234231000;11567246;154.048;154.068;154.058;0;T;True;3
1621234232000;11567249;154.048;154.068;154.058;2;T;True;3
1621234233000;11567251;154.049;154.069;154.059;1;T;True;3
1621234234000;11567254;154.049;154.069;154.059;2;T;True;3
1621234235000;11567255;154.049;154.069;154.059;0;T;True;3
1621234236000;11567256;154.049;154.069;154.059;0;T;True;3
1621234237000;11567257;154.049;154.069;154.059;0;T;True;3
1621234238000;11567260;154.051;154.071;154.061;2;T;True;3
1621234239000;11567263;154.054;154.074;154.064;2;T;True;3
1621234240000;11567264;154.054;154.074;154.064;0;T;True;3
1621234241000;11567265;154.054;154.074;154.064;0;T;True;3
1621234242000;11567266;154.054;154.074;154.064;0;T;True;3
1621234243000;11567267;154.054;154.074;154.064;0;T;True;3
1621234244000;11567268;154.054;154.074;154.064;0;T;True;3
1621234245000;11567269;154.054;154.074;154.064;0;T;True;3
1621234246000;11567270;154.054;154.074;154.064;0;T;True;3
1621234247000;11567271;154.054;154.074;154.064;0;T;True;3
1621234248000;11567272;154.054;154.074;154.064;0;T;True;3
1621234249000;11567273;154.054;154.074;154.064;0;T;True;3
1621234250000;11567274;154.054;154.074;154.064;0;T;True;3
1621234251000;11567276;154.053;154.073;154.063;1;T;True;3
1621234252000;11567280;154.049;154.069;154.059;3;T;True;3
1621234253000;11567281;154.049;154.069;154.059;0;T;True;3
1621234254000;11567282;154.049;154.069;154.059;0;T;True;3
1621234255000;11567283;154.049;154.069;154.059;0;T;True;3
1621234256000;11567286;154.053;154.073;154.063;2;T;True;3
1621234257000;11567287;154.053;154.073;154.063;0;T;True;3
1621234258000;11567288;154.053;154.073;154.063;0;T;True;3
1621234259000;11567289;154.053;154.073;154.063;0;T;True;3
1621234260000;11567290;154.053;154.073;154.063;0;T;True;3
1621234261000;11567291;154.053;154.073;154.063;0;T;True;3
1621234262000;11567294;154.045;154.065;154.055;2;T;True;3
1621234263000;11567295;154.045;154.065;154.055;0;T;True;3
1621234264000;11567296;154.045;154.065;154.055;0;T;True;3
1621234265000;11567297;154.045;154.065;154.055;0;T;True;3
1621234266000;11567301;154.039;154.059;154.049;3;T;True;3
1621234267000;11567303;154.036;154.056;154.046;1;T;True;3
1621234268000;11567304;154.036;154.056;154.046;0;T;True;3
1621234269000;11567305;154.036;154.056;154.046;0;T;True;3
1621234270000;11567306;154.036;154.056;154.046;0;T;True;3
1621234271000;11567307;154.036;154.056;154.046;0;T;True;3
1621234272000;11567308;154.036;154.056;154.046;0;T;True;3
1621234273000;11567311;154.034;154.054;154.044;2;T;True;3
1621234274000;11567312;154.034;154.054;154.044;0;T;True;3
1621234275000;11567313;154.034;154.054;154.044;0;T;True;3
1621234276000;11567314;154.034;154.054;154.044;0;T;True;3
1621234277000;11567316;154.033;154.053;154.043;1;T;True;3
1621234278000;11567318;154.031;154.051;154.041;1;T;True;3
1621234279000;11567319;154.031;154.051;154.041;0;T;True;3
1621234280000;11567320;154.031;154.051;154.041;0;T;True;3
1621234281000;11567321;154.031;154.051;154.041;0;T;True;3
1621234282000;11567322;154.031;154.051;154.041;0;T;True;3
1621234283000;11567323;154.031;154.051;154.041;0;T;True;3
1621234284000;11567324;154.031;154.051;154.041;0;T;True;3
1621234285000;11567329;154.02;154.04;154.03;4;T;True;3
1621234286000;11567330;154.02;154.04;154.03;0;T;True;3
1621234287000;11567331;154.02;154.04;154.03;0;T;True;3
1621234288000;11567332;154.02;154.04;154.03;0;T;True;3
1621234289000;11567333;154.02;154.04;154.03;0;T;True;3
1621234290000;11567337;154.027;154.047;154.037;3;T;True;3
1621234291000;11567338;154.027;154.047;154.037;0;T;True;3
1621234292000;11567340;154.025;154.045;154.035;1;T;True;3
1621234293000;11567344;154.017;154.037;154.027;3;T;True;3
1621234294000;11567346;154.016;154.036;154.026;1;T;True;3
1621234295000;11567347;154.016;154.036;154.026;0;T;True;3
1621234296000;11567348;154.016;154.036;154.026;0;T;True;3
1621234297000;11567349;154.016;154.036;154.026;0;T;True;3
1621234298000;11567350;154.016;154.036;154.026;0;T;True;3
1621234299000;11567354;154.013;154.033;154.023;3;T;True;3
1621234300000;11567359;154.023;154.043;154.033;4;T;True;3
1621234301000;11567360;154.023;154.043;154.033;0;T;True;3
1621234302000;11567361;154.023;154.043;154.033;0;T;True;3
1621234303000;11567362;154.023;154.043;154.033;0;T;True;3
1621234304000;11567365;154.019;154.039;154.029;2;T;True;3
1621234305000;11567367;154.021;154.041;154.031;1;T;True;3
1621234306000;11567368;154.021;154.041;154.031;0;T;True;3
1621234307000;11567369;154.021;154.041;154.031;0;T;True;3
1621234308000;11567370;154.021;154.041;154.031;0;T;True;3
1621234309000;11567371;154.021;154.041;154.031;0;T;True;3
1621234310000;11567372;154.021;154.041;154.031;0;T;True;3
1621234311000;11567373;154.021;154.041;154.031;0;T;True;3
1621234312000;11567374;154.021;154.041;154.031;0;T;True;3
1621234313000;11567375;154.021;154.041;154.031;0;T;True;3
1621234314000;11567376;154.021;154.041;154.031;0;T;True;3
1621234315000;11567377;154.021;154.041;154.031;0;T;True;3
1621234316000;11567380;154.017;154.037;154.027;2;T;True;3
1621234317000;11567382;154.016;154.036;154.026;1;T;True;3
1621234318000;11567383;154.016;154.036;154.026;0;T;True;3
1621234319000;11567384;154.016;154.036;154.026;0;T;True;3
1621234320000;11567385;154.016;154.036;154.026;0;T;True;3
1621234321000;11567386;154.016;154.036;154.026;0;T;True;3
1621234322000;11567387;154.016;154.036;154.026;0;T;True;3
1621234323000;11567389;154.015;154.035;154.025;1;T;True;3
1621234324000;11567390;154.015;154.035;154.025;0;T;True;3
1621234325000;11567392;154.017;154.037;154.027;1;T;True;3
1621234326000;11567394;154.019;154.039;154.029;1;T;True;3
1621234327000;11567397;154.024;154.044;154.034;2;T;True;3
1621234328000;11567398;154.024;154.044;154.034;0;T;True;3
1621234329000;11567399;154.024;154.044;154.034;0;T;True;3
1621234330000;11567404;154.031;154.051;154.041;4;T;True;3
1621234331000;11567405;154.031;154.051;154.041;0;T;True;3
1621234332000;11567407;154.032;154.052;154.042;1;T;True;3
1621234333000;11567409;154.031;154.051;154.041;1;T;True;3
1621234334000;11567415;154.031;154.051;154.041;5;T;True;3
1621234335000;11567416;154.031;154.051;154.041;0;T;True;3
1621234336000;11567417;154.031;154.051;154.041;0;T;True;3
1621234337000;11567422;154.033;154.053;154.043;4;T;True;3
1621234338000;11567423;154.033;154.053;154.043;0;T;True;3
1621234339000;11567424;154.033;154.053;154.043;0;T;True;3
1621234340000;11567426;154.03;154.05;154.04;1;T;True;3
1621234341000;11567427;154.03;154.05;154.04;0;T;True;3
1621234342000;11567428;154.03;154.05;154.04;0;T;True;3
1621234343000;11567429;154.03;154.05;154.04;0;T;True;3
1621234344000;11567434;154.037;154.057;154.047;4;T;True;3
1621234345000;11567435;154.037;154.057;154.047;0;T;True;3
1621234346000;11567436;154.037;154.057;154.047;0;T;True;3
1621234347000;11567437;154.037;154.057;154.047;0;T;True;3
1621234348000;11567439;154.035;154.055;154.045;1;T;True;3
1621234349000;11567440;154.035;154.055;154.045;0;T;True;3
1621234350000;11567442;154.037;154.057;154.047;1;T;True;3
1621234351000;11567443;154.037;154.057;154.047;0;T;True;3
1621234352000;11567444;154.037;154.057;154.047;0;T;True;3
1621234353000;11567448;154.039;154.059;154.049;3;T;True;3
1621234354000;11567449;154.039;154.059;154.049;0;T;True;3
1621234355000;11567452;154.041;154.061;154.051;2;T;True;3
1621234356000;11567456;154.042;154.062;154.052;3;T;True;3
1621234357000;11567459;154.039;154.059;154.049;2;T;True;3
1621234358000;11567462;154.041;154.061;154.051;2;T;True;3
1621234359000;11567464;154.04;154.06;154.05;1;T;True;3
1621234360000;11567466;154.039;154.059;154.049;1;T;True;3
1621234361000;11567467;154.039;154.059;154.049;0;T;True;3
1621234362000;11567468;154.039;154.059;154.049;0;T;True;3
1621234363000;11567470;154.04;154.06;154.05;1;T;True;3
1621234364000;11567472;154.041;154.061;154.051;1;T;True;3
1621234365000;11567474;154.046;154.066;154.056;1;T;True;3
1621234366000;11567475;154.046;154.066;154.056;0;T;True;3
1621234367000;11567476;154.046;154.066;154.056;0;T;True;3
1621234368000;11567477;154.046;154.066;154.056;0;T;True;3
1621234369000;11567478;154.046;154.066;154.056;0;T;True;3
1621234370000;11567479;154.046;154.066;154.056;0;T;True;3
1621234371000;11567480;154.046;154.066;154.056;0;T;True;3
1621234372000;11567482;154.045;154.065;154.055;1;T;True;3
1621234373000;11567484;154.047;154.067;154.057;1;T;True;3
1621234374000;11567486;154.045;154.065;154.055;1;T;True;3
1621234375000;11567488;154.046;154.066;154.056;1;T;True;3
1621234376000;11567489;154.046;154.066;154.056;0;T;True;3
1621234377000;11567490;154.046;154.066;154.056;0;T;True;3
1621234378000;11567491;154.046;154.066;154.056;0;T;True;3
1621234379000;11567493;154.047;154.067;154.057;1;T;True;3
1621234380000;11567494;154.047;154.067;154.057;0;T;True;3
1621234381000;11567496;154.046;154.066;154.056;1;T;True;3
1621234382000;11567497;154.046;154.066;154.056;0;T;True;3
1621234383000;11567502;154.048;154.068;154.058;4;T;True;3
1621234384000;11567504;154.047;154.067;154.057;1;T;True;3
1621234385000;11567506;154.045;154.065;154.055;1;T;True;3
1621234386000;11567508;154.046;154.066;154.056;1;T;True;3
1621234387000;11567509;154.046;154.066;154.056;0;T;True;3
1621234388000;11567511;154.047;154.067;154.057;1;T;True;3
1621234389000;11567512;154.047;154.067;154.057;0;T;True;3
1621234390000;11567513;154.047;154.067;154.057;0;T;True;3
1621234391000;11567515;154.048;154.068;154.058;1;T;True;3
1621234392000;11567516;154.048;154.068;154.058;0;T;True;3
1621234393000;11567517;154.048;154.068;154.058;0;T;True;3
1621234394000;11567518;154.048;154.068;154.058;0;T;True;3
1621234395000;11567519;154.048;154.068;154.058;0;T;True;3
1621234396000;11567520;154.048;154.068;154.058;0;T;True;3
1621234397000;11567521;154.048;154.068;154.058;0;T;True;3
1621234398000;11567522;154.048;154.068;154.058;0;T;True;3
1621234399000;11567523;154.048;154.068;154.058;0;T;True;3
1621234400000;11567524;154.048;154.068;154.058;0;T;True;3
1621234401000;11567527;154.056;154.076;154.066;2;T;True;3
1621234402000;11567528;154.056;154.076;154.066;0;T;True;3
1621234403000;11567529;154.056;154.076;154.066;0;T;True;3
1621234404000;11567530;154.056;154.076;154.066;0;T;True;3
1621234405000;11567532;154.059;154.079;154.069;1;T;True;3
1621234406000;11567533;154.059;154.079;154.069;0;T;True;3
1621234407000;11567535;154.061;154.081;154.071;1;T;True;3
1621234408000;11567536;154.061;154.081;154.071;0;T;True;3
1621234409000;11567537;154.061;154.081;154.071;0;T;True;3
1621234410000;11567538;154.061;154.081;154.071;0;T;True;3
1621234411000;11567542;154.066;154.086;154.076;3;T;True;3
1621234412000;11567543;154.066;154.086;154.076;0;T;True;3
1621234413000;11567544;154.066;154.086;154.076;0;T;True;3
1621234414000;11567548;154.071;154.091;154.081;3;T;True;3
1621234415000;11567549;154.071;154.091;154.081;0;T;True;3
1621234416000;11567551;154.072;154.092;154.082;1;T;True;3
1621234417000;11567552;154.072;154.092;154.082;0;T;True;3
1621234418000;11567553;154.072;154.092;154.082;0;T;True;3
1621234419000;11567554;154.072;154.092;154.082;0;T;True;3
1621234420000;11567555;154.072;154.092;154.082;0;T;True;3
1621234421000;11567558;154.068;154.088;154.078;2;T;True;3
1621234422000;11567560;154.069;154.089;154.079;1;T;True;3
1621234423000;11567563;154.073;154.093;154.083;2;T;True;3
1621234424000;11567565;154.072;154.092;154.082;1;T;True;3
1621234425000;11567568;154.075;154.095;154.085;2;T;True;3
1621234426000;11567571;154.079;154.099;154.089;2;T;True;3
1621234427000;11567572;154.079;154.099;154.089;0;T;True;3
1621234428000;11567573;154.079;154.099;154.089;0;T;True;3
1621234429000;11567577;154.075;154.095;154.085;3;T;True;3
1621234430000;11567580;154.078;154.098;154.088;2;T;True;3
1621234431000;11567589;154.08;154.1;154.09;8;T;True;3
1621234432000;11567592;154.08;154.1;154.09;2;T;True;3
1621234433000;11567593;154.08;154.1;154.09;0;T;True;3
1621234434000;11567596;154.077;154.097;154.087;2;T;True;3
1621234435000;11567598;154.079;154.099;154.089;1;T;True;3
1621234436000;11567600;154.078;154.098;154.088;1;T;True;3
1621234437000;11567604;154.083;154.103;154.093;3;T;True;3
1621234438000;11567607;154.085;154.105;154.095;2;T;True;3
1621234439000;11567608;154.085;154.105;154.095;0;T;True;3
1621234440000;11567612;154.081;154.101;154.091;3;T;True;3
1621234441000;11567614;154.082;154.102;154.092;1;T;True;3
1621234442000;11567619;154.082;154.102;154.092;4;T;True;3
1621234443000;11567623;154.083;154.103;154.093;3;T;True;3
1621234444000;11567626;154.082;154.102;154.092;2;T;True;3
1621234445000;11567627;154.082;154.102;154.092;0;T;True;3
1621234446000;11567628;154.082;154.102;154.092;0;T;True;3
1621234447000;11567631;154.087;154.107;154.097;2;T;True;3
1621234448000;11567632;154.087;154.107;154.097;0;T;True;3
1621234449000;11567634;154.085;154.105;154.095;1;T;True;3
1621234450000;11567636;154.086;154.106;154.096;1;T;True;3
1621234451000;11567638;154.087;154.107;154.097;1;T;True;3
1621234452000;11567641;154.09;154.11;154.1;2;T;True;3
1621234453000;11567642;154.09;154.11;154.1;0;T;True;3
1621234454000;11567643;154.09;154.11;154.1;0;T;True;3
1621234455000;11567647;154.092;154.112;154.102;3;T;True;3
1621234456000;11567648;154.092;154.112;154.102;0;T;True;3
1621234457000;11567650;154.091;154.111;154.101;1;T;True;3
1621234458000;11567652;154.092;154.112;154.102;1;T;True;3
1621234459000;11567654;154.093;154.113;154.103;1;T;True;3
1621234460000;11567655;154.093;154.113;154.103;0;T;True;3
1621234461000;11567657;154.089;154.109;154.099;1;T;True;3
1621234462000;11567659;154.09;154.11;154.1;1;T;True;3
1621234463000;11567662;154.087;154.107;154.097;2;T;True;3
1621234464000;11567663;154.087;154.107;154.097;0;T;True;3
1621234465000;11567664;154.087;154.107;154.097;0;T;True;3
1621234466000;11567665;154.087;154.107;154.097;0;T;True;3
1621234467000;11567666;154.087;154.107;154.097;0;T;True;3
1621234468000;11567667;154.087;154.107;154.097;0;T;True;3
1621234469000;11567668;154.087;154.107;154.097;0;T;True;3
1621234470000;11567669;154.087;154.107;154.097;0;T;True;3
1621234471000;11567670;154.087;154.107;154.097;0;T;True;3
1621234472000;11567671;154.087;154.107;154.097;0;T;True;3
1621234473000;11567672;154.087;154.107;154.097;0;T;True;3
1621234474000;11567673;154.087;154.107;154.097;0;T;True;3
1621234475000;11567675;154.088;154.108;154.098;1;T;True;3
1621234476000;11567677;154.089;154.109;154.099;1;T;True;3
1621234477000;11567678;154.089;154.109;154.099;0;T;True;3
1621234478000;11567681;154.091;154.111;154.101;2;T;True;3
1621234479000;11567684;154.094;154.114;154.104;2;T;True;3
1621234480000;11567685;154.094;154.114;154.104;0;T;True;3
1621234481000;11567686;154.094;154.114;154.104;0;T;True;3
1621234482000;11567687;154.094;154.114;154.104;0;T;True;3
1621234483000;11567689;154.095;154.115;154.105;1;T;True;3
1621234484000;11567690;154.095;154.115;154.105;0;T;True;3
1621234485000;11567691;154.095;154.115;154.105;0;T;True;3
1621234486000;11567692;154.095;154.115;154.105;0;T;True;3
1621234487000;11567693;154.095;154.115;154.105;0;T;True;3
1621234488000;11567695;154.094;154.114;154.104;1;T;True;3
1621234489000;11567698;154.091;154.111;154.101;2;T;True;3
1621234490000;11567699;154.091;154.111;154.101;0;T;True;3
1621234491000;11567700;154.091;154.111;154.101;0;T;True;3
1621234492000;11567701;154.091;154.111;154.101;0;T;True;3
1621234493000;11567702;154.091;154.111;154.101;0;T;True;3
1621234494000;11567703;154.091;154.111;154.101;0;T;True;3
1621234495000;11567704;154.091;154.111;154.101;0;T;True;3
1621234496000;11567705;154.091;154.111;154.101;0;T;True;3
1621234497000;11567706;154.091;154.111;154.101;0;T;True;3
1621234498000;11567707;154.091;154.111;154.101;0;T;True;3
1621234499000;11567708;154.091;154.111;154.101;0;T;True;3
1621234500000;11567711;154.092;154.112;154.102;2;T;True;3
1621234501000;11567713;154.091;154.111;154.101;1;T;True;3
1621234502000;11567715;154.09;154.11;154.1;1;T;True;3
1621234503000;11567717;154.089;154.109;154.099;1;T;True;3
1621234504000;11567719;154.088;154.108;154.098;1;T;True;3
1621234505000;11567720;154.088;154.108;154.098;0;T;True;3
1621234506000;11567721;154.088;154.108;154.098;0;T;True;3
1621234507000;11567724;154.079;154.099;154.089;2;T;True;3
1621234508000;11567727;154.083;154.103;154.093;2;T;True;3
1621234509000;11567728;154.083;154.103;154.093;0;T;True;3
1621234510000;11567729;154.083;154.103;154.093;0;T;True;3
1621234511000;11567730;154.083;154.103;154.093;0;T;True;3
1621234512000;11567731;154.083;154.103;154.093;0;T;True;3
1621234513000;11567732;154.083;154.103;154.093;0;T;True;3
1621234514000;11567733;154.083;154.103;154.093;0;T;True;3
1621234515000;11567734;154.083;154.103;154.093;0;T;True;3
1621234516000;11567735;154.083;154.103;154.093;0;T;True;3
1621234517000;11567736;154.083;154.103;154.093;0;T;True;3
1621234518000;11567737;154.083;154.103;154.093;0;T;True;3
1621234519000;11567740;154.083;154.103;154.093;2;T;True;3
1621234520000;11567741;154.083;154.103;154.093;0;T;True;3
1621234521000;11567743;154.082;154.102;154.092;1;T;True;3
1621234522000;11567745;154.083;154.103;154.093;1;T;True;3
1621234523000;11567748;154.09;154.11;154.1;2;T;True;3
1621234524000;11567751;154.09;154.11;154.1;2;T;True;3
1621234525000;11567752;154.09;154.11;154.1;0;T;True;3
1621234526000;11567753;154.09;154.11;154.1;0;T;True;3
1621234527000;11567754;154.09;154.11;154.1;0;T;True;3
1621234528000;11567755;154.09;154.11;154.1;0;T;True;3
1621234529000;11567756;154.09;154.11;154.1;0;T;True;3
1621234530000;11567758;154.093;154.113;154.103;1;T;True;3
1621234531000;11567760;154.091;154.111;154.101;1;T;True;3
1621234532000;11567761;154.091;154.111;154.101;0;T;True;3
1621234533000;11567762;154.091;154.111;154.101;0;T;True;3
1621234534000;11567763;154.091;154.111;154.101;0;T;True;3
1621234535000;11567764;154.091;154.111;154.101;0;T;True;3
1621234536000;11567770;154.079;154.099;154.089;5;T;True;3
1621234537000;11567771;154.079;154.099;154.089;0;T;True;3
1621234538000;11567772;154.079;154.099;154.089;0;T;True;3
1621234539000;11567773;154.079;154.099;154.089;0;T;True;3
1621234540000;11567775;154.082;154.102;154.092;1;T;True;3
1621234541000;11567778;154.083;154.103;154.093;2;T;True;3
1621234542000;11567779;154.083;154.103;154.093;0;T;True;3
1621234543000;11567781;154.084;154.104;154.094;1;T;True;3
1621234544000;11567788;154.096;154.116;154.106;6;T;True;3
1621234545000;11567789;154.096;154.116;154.106;0;T;True;3
1621234546000;11567794;154.1;154.12;154.11;4;T;True;3
1621234547000;11567795;154.1;154.12;154.11;0;T;True;3
1621234548000;11567796;154.1;154.12;154.11;0;T;True;3
1621234549000;11567801;154.093;154.113;154.103;4;T;True;3
1621234550000;11567805;154.09;154.11;154.1;3;T;True;3
1621234551000;11567810;154.095;154.115;154.105;4;T;True;3
1621234552000;11567812;154.093;154.113;154.103;1;T;True;3
1621234553000;11567813;154.093;154.113;154.103;0;T;True;3
1621234554000;11567814;154.093;154.113;154.103;0;T;True;3
1621234555000;11567815;154.093;154.113;154.103;0;T;True;3
1621234556000;11567816;154.093;154.113;154.103;0;T;True;3
1621234557000;11567817;154.093;154.113;154.103;0;T;True;3
1621234558000;11567819;154.091;154.111;154.101;1;T;True;3
1621234559000;11567820;154.091;154.111;154.101;0;T;True;3
1621234560000;11567821;154.091;154.111;154.101;0;T;True;3
1621234561000;11567822;154.091;154.111;154.101;0;T;True;3
1621234562000;11567823;154.091;154.111;154.101;0;T;True;3
1621234563000;11567824;154.091;154.111;154.101;0;T;True;3
1621234564000;11567825;154.091;154.111;154.101;0;T;True;3
1621234565000;11567826;154.091;154.111;154.101;0;T;True;3
1621234566000;11567827;154.091;154.111;154.101;0;T;True;3
1621234567000;11567828;154.091;154.111;154.101;0;T;True;3
1621234568000;11567830;154.09;154.11;154.1;1;T;True;3
1621234569000;11567834;154.079;154.099;154.089;3;T;True;3
1621234570000;11567837;154.075;154.095;154.085;2;T;True;3
1621234571000;11567838;154.075;154.095;154.085;0;T;True;3
1621234572000;11567839;154.075;154.095;154.085;0;T;True;3
1621234573000;11567840;154.075;154.095;154.085;0;T;True;3
1621234574000;11567841;154.075;154.095;154.085;0;T;True;3
1621234575000;11567842;154.075;154.095;154.085;0;T;True;3
1621234576000;11567846;154.069;154.089;154.079;3;T;True;3
1621234577000;11567848;154.067;154.087;154.077;1;T;True;3
1621234578000;11567850;154.065;154.085;154.075;1;T;True;3
1621234579000;11567852;154.064;154.084;154.074;1;T;True;3
1621234580000;11567855;154.063;154.083;154.073;2;T;True;3
1621234581000;11567856;154.063;154.083;154.073;0;T;True;3
1621234582000;11567858;154.062;154.082;154.072;1;T;True;3
1621234583000;11567859;154.062;154.082;154.072;0;T;True;3
1621234584000;11567860;154.062;154.082;154.072;0;T;True;3
1621234585000;11567863;154.059;154.079;154.069;2;T;True;3
1621234586000;11567864;154.059;154.079;154.069;0;T;True;3
1621234587000;11567865;154.059;154.079;154.069;0;T;True;3
1621234588000;11567866;154.059;154.079;154.069;0;T;True;3
1621234589000;11567867;154.059;154.079;154.069;0;T;True;3
1621234590000;11567868;154.059;154.079;154.069;0;T;True;3
