ts;n;bid;ask;value;volume;phase;round;active_id
1621261662000;11617106;153.992;154.012;154.002;0;T;True;3
1621261663000;11617107;153.992;154.012;154.002;0;T;True;3
1621261664000;11617108;153.992;154.012;154.002;0;T;True;3
1621261665000;11617110;153.993;154.013;154.003;1;T;True;3
1621261666000;11617111;153.993;154.013;154.003;0;T;True;3
1621261667000;11617113;153.992;154.012;154.002;1;T;True;3
1621261668000;11617114;153.992;154.012;154.002;0;T;True;3
1621261669000;11617117;153.995;154.015;154.005;2;T;True;3
1621261670000;11617118;153.995;154.015;154.005;0;T;True;3
1621261671000;11617120;153.994;154.014;154.004;1;T;True;3
1621261672000;11617124;154.001;154.021;154.011;3;T;True;3
1621261673000;11617126;153.999;154.019;154.009;1;T;True;3
1621261674000;11617128;153.997;154.017;154.007;1;T;True;3
1621261675000;11617129;153.997;154.017;154.007;0;T;True;3
1621261676000;11617132;153.997;154.017;154.007;2;T;True;3
1621261677000;11617136;154.007;154.027;154.017;3;T;True;3
1621261678000;11617137;154.007;154.027;154.017;0;T;True;3
1621261679000;11617138;154.007;154.027;154.017;0;T;True;3
1621261680000;11617140;154.008;154.028;154.018;1;T;True;3
1621261681000;11617146;154.02;154.04;154.03;5;T;True;3
1621261682000;11617148;154.021;154.041;154.031;1;T;True;3
1621261683000;11617150;154.022;154.042;154.032;1;T;True;3
1621261684000;11617155;154.03;154.05;154.04;4;T;True;3
1621261685000;11617157;154.031;154.051;154.041;1;T;True;3
1621261686000;11617158;154.031;154.051;154.041;0;T;True;3
1621261687000;11617161;154.031;154.051;154.041;2;T;True;3
1621261688000;11617162;154.031;154.051;154.041;0;T;True;3
1621261689000;11617163;154.031;154.051;154.041;0;T;True;3
1621261690000;11617164;154.031;154.051;154.041;0;T;True;3
1621261691000;11617165;154.031;154.051;154.041;0;T;True;3
1621261692000;11617166;154.031;154.051;154.041;0;T;True;3
1621261693000;11617168;154.029;154.049;154.039;1;T;True;3
1621261694000;11617170;154.019;154.039;154.029;1;T;True;3
1621261695000;11617171;154.019;154.039;154.029;0;T;True;3
1621261696000;11617174;154.011;154.031;154.021;2;T;True;3
1621261697000;11617175;154.011;154.031;154.021;0;T;True;3
1621261698000;11617179;154.013;154.033;154.023;3;T;True;3
1621261699000;11617180;154.013;154.033;154.023;0;T;True;3
1621261700000;11617182;154.014;154.034;154.024;1;T;True;3
1621261701000;11617183;154.014;154.034;154.024;0;T;True;3
1621261702000;11617186;154.009;154.029;154.019;2;T;True;3
1621261703000;11617188;154.008;154.028;154.018;1;T;True;3
1621261704000;11617190;154.007;154.027;154.017;1;T;True;3
1621261705000;11617193;154.005;154.025;154.015;2;T;True;3
1621261706000;11617195;154.007;154.027;154.017;1;T;True;3
1621261707000;11617196;154.007;154.027;154.017;0;T;True;3
1621261708000;11617198;154.005;154.025;154.015;1;T;True;3
1621261709000;11617201;154.006;154.026;154.016;2;T;True;3
1621261710000;11617204;154.006;154.026;154.016;2;T;True;3
1621261711000;11617206;154.007;154.027;154.017;1;T;True;3
1621261712000;11617207;154.007;154.027;154.017;0;T;True;3
1621261713000;11617208;154.007;154.027;154.017;0;T;True;3
1621261714000;11617210;154.005;154.025;154.015;1;T;True;3
1621261715000;11617215;154.003;154.023;154.013;4;T;True;3
1621261716000;11617218;154.003;154.023;154.013;2;T;True;3
1621261717000;11617221;154.007;154.027;154.017;2;T;True;3
1621261718000;11617223;154.009;154.029;154.019;1;T;True;3
1621261719000;11617225;154.006;154.026;154.016;1;T;True;3
1621261720000;11617226;154.006;154.026;154.016;0;T;True;3
1621261721000;11617228;154.005;154.025;154.015;1;T;True;3
1621261722000;11617231;154.005;154.025;154.015;2;T;True;3
1621261723000;11617233;154.007;154.027;154.017;1;T;True;3
1621261724000;11617234;154.007;154.027;154.017;0;T;True;3
1621261725000;11617237;154.005;154.025;154.015;2;T;True;3
1621261726000;11617238;154.005;154.025;154.015;0;T;True;3
1621261727000;11617239;154.005;154.025;154.015;0;T;True;3
1621261728000;11617240;154.005;154.025;154.015;0;T;True;3
1621261729000;11617241;154.005;154.025;154.015;0;T;True;3
1621261730000;11617242;154.005;154.025;154.015;0;T;True;3
1621261731000;11617245;154.005;154.025;154.015;2;T;True;3
1621261732000;11617246;154.005;154.025;154.015;0;T;True;3
1621261733000;11617247;154.005;154.025;154.015;0;T;True;3
1621261734000;11617251;154.01;154.03;154.02;3;T;True;3
1621261735000;11617252;154.01;154.03;154.02;0;T;True;3
1621261736000;11617253;154.01;154.03;154.02;0;T;True;3
1621261737000;11617255;154.009;154.029;154.019;1;T;True;3
1621261738000;11617256;154.009;154.029;154.019;0;T;True;3
1621261739000;11617258;154.007;154.027;154.017;1;T;True;3
1621261740000;11617259;154.007;154.027;154.017;0;T;True;3
1621261741000;11617264;154.009;154.029;154.019;4;T;True;3
1621261742000;11617266;154.011;154.031;154.021;1;T;True;3
1621261743000;11617268;154.009;154.029;154.019;1;T;True;3
1621261744000;11617270;154.011;154.031;154.021;1;T;True;3
1621261745000;11617273;154.011;154.031;154.021;2;T;True;3
1621261746000;11617278;154.015;154.035;154.025;4;T;True;3
1621261747000;11617281;154.021;154.041;154.031;2;T;True;3
1621261748000;11617282;154.021;154.041;154.031;0;T;True;3
1621261749000;11617286;154.033;154.053;154.043;3;T;True;3
1621261750000;11617292;154.037;154.057;154.047;5;T;True;3
1621261751000;11617293;154.037;154.057;154.047;0;T;True;3
1621261752000;11617299;154.039;154.059;154.049;5;T;True;3
1621261753000;11617302;154.042;154.062;154.052;2;T;True;3
1621261754000;11617304;154.041;154.061;154.051;1;T;True;3
1621261755000;11617305;154.041;154.061;154.051;0;T;True;3
1621261756000;11617306;154.041;154.061;154.051;0;T;True;3
1621261757000;11617311;154.035;154.055;154.045;4;T;True;3
1621261758000;11617315;154.033;154.053;154.043;3;T;True;3
1621261759000;11617318;154.038;154.058;154.048;2;T;True;3
1621261760000;11617321;154.034;154.054;154.044;2;T;True;3
1621261761000;11617323;154.035;154.055;154.045;1;T;True;3
1621261762000;11617326;154.036;154.056;154.046;2;T;True;3
1621261763000;11617327;154.036;154.056;154.046;0;T;True;3
1621261764000;11617330;154.037;154.057;154.047;2;T;True;3
1621261765000;11617335;154.027;154.047;154.037;4;T;True;3
1621261766000;11617339;154.026;154.046;154.036;3;T;True;3
1621261767000;11617346;154.02;154.04;154.03;6;T;True;3
1621261768000;11617349;154.018;154.038;154.028;2;T;True;3
1621261769000;11617351;154.019;154.039;154.029;1;T;True;3
1621261770000;11617354;154.015;154.035;154.025;2;T;True;3
1621261771000;11617356;154.014;154.034;154.024;1;T;True;3
1621261772000;11617357;154.014;154.034;154.024;0;T;True;3
1621261773000;11617360;154.014;154.034;154.024;2;T;True;3
1621261774000;11617362;154.015;154.035;154.025;1;T;True;3
1621261775000;11617369;154.007;154.027;154.017;6;T;True;3
1621261776000;11617370;154.007;154.027;154.017;0;T;True;3
1621261777000;11617372;154.005;154.025;154.015;1;T;True;3
1621261778000;11617376;154.002;154.022;154.012;3;T;True;3
1621261779000;11617377;154.002;154.022;154.012;0;T;True;3
1621261780000;11617381;154.001;154.021;154.011;3;T;True;3
1621261781000;11617382;154.001;154.021;154.011;0;T;True;3
1621261782000;11617389;154.001;154.021;154.011;6;T;True;3
1621261783000;11617391;154.003;154.023;154.013;1;T;True;3
1621261784000;11617392;154.003;154.023;154.013;0;T;True;3
1621261785000;11617395;154.001;154.021;154.011;2;T;True;3
1621261786000;11617396;154.001;154.021;154.011;0;T;True;3
1621261787000;11617401;154.01;154.03;154.02;4;T;True;3
1621261788000;11617402;154.01;154.03;154.02;0;T;True;3
1621261789000;11617404;154.011;154.031;154.021;1;T;True;3
1621261790000;11617409;154.005;154.025;154.015;4;T;True;3
1621261791000;11617413;154.003;154.023;154.013;3;T;True;3
1621261792000;11617416;154.001;154.021;154.011;2;T;True;3
1621261793000;11617421;154.004;154.024;154.014;4;T;True;3
1621261794000;11617424;154.003;154.023;154.013;2;T;True;3
1621261795000;11617429;154.001;154.021;154.011;4;T;True;3
1621261796000;11617432;154.008;154.028;154.018;2;T;True;3
1621261797000;11617435;154.008;154.028;154.018;2;T;True;3
1621261798000;11617438;154.008;154.028;154.018;2;T;True;3
1621261799000;11617445;153.998;154.018;154.008;6;T;True;3
1621261800000;11617448;153.999;154.019;154.009;2;T;True;3
1621261801000;11617451;153.999;154.019;154.009;2;T;True;3
1621261802000;11617456;154.003;154.023;154.013;4;T;True;3
1621261803000;11617460;154.003;154.023;154.013;3;T;True;3
1621261804000;11617466;154.01;154.03;154.02;5;T;True;3
1621261805000;11617468;154.011;154.031;154.021;1;T;True;3
1621261806000;11617469;154.011;154.031;154.021;0;T;True;3
1621261807000;11617470;154.011;154.031;154.021;0;T;True;3
1621261808000;11617472;154.013;154.033;154.023;1;T;True;3
1621261809000;11617479;154.011;154.031;154.021;6;T;True;3
1621261810000;11617480;154.011;154.031;154.021;0;T;True;3
1621261811000;11617481;154.011;154.031;154.021;0;T;True;3
1621261812000;11617486;154.01;154.03;154.02;4;T;True;3
1621261813000;11617489;154.001;154.021;154.011;2;T;True;3
1621261814000;11617492;154.005;154.025;154.015;2;T;True;3
1621261815000;11617497;154.007;154.027;154.017;4;T;True;3
1621261816000;11617501;154.009;154.029;154.019;3;T;True;3
1621261817000;11617505;154.014;154.034;154.024;3;T;True;3
1621261818000;11617509;154.012;154.032;154.022;3;T;True;3
1621261819000;11617511;154.011;154.031;154.021;1;T;True;3
1621261820000;11617513;154.008;154.028;154.018;1;T;True;3
1621261821000;11617517;154.009;154.029;154.019;3;T;True;3
1621261822000;11617520;154.007;154.027;154.017;2;T;True;3
1621261823000;11617525;154.015;154.035;154.025;4;T;True;3
1621261824000;11617528;154.011;154.031;154.021;2;T;True;3
1621261825000;11617529;154.011;154.031;154.021;0;T;True;3
1621261826000;11617533;154.011;154.031;154.021;3;T;True;3
1621261827000;11617537;154.014;154.034;154.024;3;T;True;3
1621261828000;11617540;154.019;154.039;154.029;2;T;True;3
1621261829000;11617543;154.017;154.037;154.027;2;T;True;3
1621261830000;11617544;154.017;154.037;154.027;0;T;True;3
1621261831000;11617548;154.021;154.041;154.031;3;T;True;3
1621261832000;11617551;154.021;154.041;154.031;2;T;True;3
1621261833000;11617553;154.019;154.039;154.029;1;T;True;3
1621261834000;11617556;154.018;154.038;154.028;2;T;True;3
1621261835000;11617559;154.02;154.04;154.03;2;T;True;3
1621261836000;11617561;154.019;154.039;154.029;1;T;True;3
1621261837000;11617566;154.019;154.039;154.029;4;T;True;3
1621261838000;11617571;154.022;154.042;154.032;4;T;True;3
1621261839000;11617573;154.021;154.041;154.031;1;T;True;3
1621261840000;11617574;154.021;154.041;154.031;0;T;True;3
1621261841000;11617578;154.025;154.045;154.035;3;T;True;3
1621261842000;11617579;154.025;154.045;154.035;0;T;True;3
1621261843000;11617582;154.023;154.043;154.033;2;T;True;3
1621261844000;11617585;154.021;154.041;154.031;2;T;True;3
1621261845000;11617588;154.021;154.041;154.031;2;T;True;3
1621261846000;11617591;154.019;154.039;154.029;2;T;True;3
1621261847000;11617596;154.021;154.041;154.031;4;T;True;3
1621261848000;11617599;154.019;154.039;154.029;2;T;True;3
1621261849000;11617603;154.022;154.042;154.032;3;T;True;3
1621261850000;11617606;154.019;154.039;154.029;2;T;True;3
1621261851000;11617607;154.019;154.039;154.029;0;T;True;3
1621261852000;11617610;154.019;154.039;154.029;2;T;True;3
1621261853000;11617611;154.019;154.039;154.029;0;T;True;3
1621261854000;11617612;154.019;154.039;154.029;0;T;True;3
1621261855000;11617613;154.019;154.039;154.029;0;T;True;3
1621261856000;11617614;154.019;154.039;154.029;0;T;True;3
1621261857000;11617615;154.019;154.039;154.029;0;T;True;3
1621261858000;11617616;154.019;154.039;154.029;0;T;True;3
1621261859000;11617620;154.025;154.045;154.035;3;T;True;3
1621261860000;11617621;154.025;154.045;154.035;0;T;True;3
1621261861000;11617623;154.027;154.047;154.037;1;T;True;3
1621261862000;11617624;154.027;154.047;154.037;0;T;True;3
1621261863000;11617626;154.029;154.049;154.039;1;T;True;3
1621261864000;11617627;154.029;154.049;154.039;0;T;True;3
1621261865000;11617628;154.029;154.049;154.039;0;T;True;3
1621261866000;11617631;154.029;154.049;154.039;2;T;True;3
1621261867000;11617632;154.029;154.049;154.039;0;T;True;3
1621261868000;11617633;154.029;154.049;154.039;0;T;True;3
1621261869000;11617636;154.031;154.051;154.041;2;T;True;3
1621261870000;11617639;154.033;154.053;154.043;2;T;True;3
1621261871000;11617640;154.033;154.053;154.043;0;T;True;3
1621261872000;11617643;154.028;154.048;154.038;2;T;True;3
1621261873000;11617647;154.035;154.055;154.045;3;T;True;3
1621261874000;11617648;154.035;154.055;154.045;0;T;True;3
1621261875000;11617650;154.032;154.052;154.042;1;T;True;3
1621261876000;11617651;154.032;154.052;154.042;0;T;True;3
1621261877000;11617653;154.033;154.053;154.043;1;T;True;3
1621261878000;11617657;154.038;154.058;154.048;3;T;True;3
1621261879000;11617658;154.038;154.058;154.048;0;T;True;3
1621261880000;11617659;154.038;154.058;154.048;0;T;True;3
1621261881000;11617664;154.029;154.049;154.039;4;T;True;3
1621261882000;11617666;154.028;154.048;154.038;1;T;True;3
1621261883000;11617670;154.031;154.051;154.041;3;T;True;3
1621261884000;11617672;154.03;154.05;154.04;1;T;True;3
1621261885000;11617673;154.03;154.05;154.04;0;T;True;3
1621261886000;11617677;154.031;154.051;154.041;3;T;True;3
1621261887000;11617678;154.031;154.051;154.041;0;T;True;3
1621261888000;11617679;154.031;154.051;154.041;0;T;True;3
1621261889000;11617681;154.033;154.053;154.043;1;T;True;3
1621261890000;11617684;154.031;154.051;154.041;2;T;True;3
1621261891000;11617687;154.028;154.048;154.038;2;T;True;3
1621261892000;11617689;154.025;154.045;154.035;1;T;True;3
1621261893000;11617694;154.029;154.049;154.039;4;T;True;3
1621261894000;11617698;154.027;154.047;154.037;3;T;True;3
1621261895000;11617701;154.025;154.045;154.035;2;T;True;3
1621261896000;11617702;154.025;154.045;154.035;0;T;True;3
1621261897000;11617706;154.024;154.044;154.034;3;T;True;3
1621261898000;11617708;154.025;154.045;154.035;1;T;True;3
1621261899000;11617711;154.029;154.049;154.039;2;T;True;3
1621261900000;11617714;154.029;154.049;154.039;2;T;True;3
1621261901000;11617720;154.031;154.051;154.041;5;T;True;3
1621261902000;11617726;154.035;154.055;154.045;5;T;True;3
1621261903000;11617729;154.035;154.055;154.045;2;T;True;3
1621261904000;11617730;154.035;154.055;154.045;0;T;True;3
1621261905000;11617732;154.033;154.053;154.043;1;T;True;3
1621261906000;11617735;154.035;154.055;154.045;2;T;True;3
1621261907000;11617737;154.036;154.056;154.046;1;T;True;3
1621261908000;11617740;154.033;154.053;154.043;2;T;True;3
1621261909000;11617742;154.032;154.052;154.042;1;T;True;3
1621261910000;11617743;154.032;154.052;154.042;0;T;True;3
1621261911000;11617744;154.032;154.052;154.042;0;T;True;3
1621261912000;11617747;154.039;154.059;154.049;2;T;True;3
1621261913000;11617748;154.039;154.059;154.049;0;T;True;3
1621261914000;11617749;154.039;154.059;154.049;0;T;True;3
1621261915000;11617750;154.039;154.059;154.049;0;T;True;3
1621261916000;11617756;154.039;154.059;154.049;5;T;True;3
1621261917000;11617759;154.045;154.065;154.055;2;T;True;3
1621261918000;11617763;154.043;154.063;154.053;3;T;True;3
1621261919000;11617765;154.044;154.064;154.054;1;T;True;3
1621261920000;11617769;154.042;154.062;154.052;3;T;True;3
1621261921000;11617770;154.042;154.062;154.052;0;T;True;3
1621261922000;11617772;154.045;154.065;154.055;1;T;True;3
1621261923000;11617774;154.042;154.062;154.052;1;T;True;3
1621261924000;11617775;154.042;154.062;154.052;0;T;True;3
1621261925000;11617778;154.042;154.062;154.052;2;T;True;3
1621261926000;11617780;154.044;154.064;154.054;1;T;True;3
1621261927000;11617781;154.044;154.064;154.054;0;T;True;3
1621261928000;11617782;154.044;154.064;154.054;0;T;True;3
1621261929000;11617784;154.043;154.063;154.053;1;T;True;3
1621261930000;11617787;154.045;154.065;154.055;2;T;True;3
1621261931000;11617790;154.041;154.061;154.051;2;T;True;3
1621261932000;11617791;154.041;154.061;154.051;0;T;True;3
1621261933000;11617794;154.041;154.061;154.051;2;T;True;3
1621261934000;11617796;154.043;154.063;154.053;1;T;True;3
1621261935000;11617797;154.043;154.063;154.053;0;T;True;3
1621261936000;11617798;154.043;154.063;154.053;0;T;True;3
1621261937000;11617799;154.043;154.063;154.053;0;T;True;3
1621261938000;11617806;154.03;154.05;154.04;6;T;True;3
1621261939000;11617809;154.034;154.054;154.044;2;T;True;3
1621261940000;11617811;154.035;154.055;154.045;1;T;True;3
1621261941000;11617812;154.035;154.055;154.045;0;T;True;3
1621261942000;11617814;154.034;154.054;154.044;1;T;True;3
1621261943000;11617818;154.021;154.041;154.031;3;T;True;3
1621261944000;11617820;154.026;154.046;154.036;1;T;True;3
1621261945000;11617823;154.019;154.039;154.029;2;T;True;3
1621261946000;11617827;154.021;154.041;154.031;3;T;True;3
1621261947000;11617829;154.023;154.043;154.033;1;T;True;3
1621261948000;11617830;154.023;154.043;154.033;0;T;True;3
1621261949000;11617832;154.021;154.041;154.031;1;T;True;3
1621261950000;11617836;154.019;154.039;154.029;3;T;True;3
1621261951000;11617838;154.021;154.041;154.031;1;T;True;3
1621261952000;11617839;154.021;154.041;154.031;0;T;True;3
1621261953000;11617840;154.021;154.041;154.031;0;T;True;3
1621261954000;11617844;154.019;154.039;154.029;3;T;True;3
1621261955000;11617847;154.019;154.039;154.029;2;T;True;3
1621261956000;11617849;154.021;154.041;154.031;1;T;True;3
1621261957000;11617855;154.019;154.039;154.029;5;T;True;3
1621261958000;11617856;154.019;154.039;154.029;0;T;True;3
1621261959000;11617857;154.019;154.039;154.029;0;T;True;3
1621261960000;11617859;154.017;154.037;154.027;1;T;True;3
1621261961000;11617860;154.017;154.037;154.027;0;T;True;3
1621261962000;11617863;154.021;154.041;154.031;2;T;True;3
1621261963000;11617864;154.021;154.041;154.031;0;T;True;3
1621261964000;11617868;154.016;154.036;154.026;3;T;True;3
1621261965000;11617871;154.013;154.033;154.023;2;T;True;3
1621261966000;11617872;154.013;154.033;154.023;0;T;True;3
1621261967000;11617874;154.015;154.035;154.025;1;T;True;3
1621261968000;11617876;154.014;154.034;154.024;1;T;True;3
1621261969000;11617878;154.015;154.035;154.025;1;T;True;3
1621261970000;11617881;154.019;154.039;154.029;2;T;True;3
1621261971000;11617883;154.022;154.042;154.032;1;T;True;3
1621261972000;11617884;154.022;154.042;154.032;0;T;True;3
1621261973000;11617886;154.024;154.044;154.034;1;T;True;3
1621261974000;11617887;154.024;154.044;154.034;0;T;True;3
1621261975000;11617889;154.025;154.045;154.035;1;T;True;3
1621261976000;11617890;154.025;154.045;154.035;0;T;True;3
1621261977000;11617891;154.025;154.045;154.035;0;T;True;3
1621261978000;11617894;154.025;154.045;154.035;2;T;True;3
1621261979000;11617897;154.027;154.047;154.037;2;T;True;3
1621261980000;11617898;154.027;154.047;154.037;0;T;True;3
1621261981000;11617900;154.029;154.049;154.039;1;T;True;3
1621261982000;11617901;154.029;154.049;154.039;0;T;True;3
1621261983000;11617904;154.027;154.047;154.037;2;T;True;3
1621261984000;11617906;154.025;154.045;154.035;1;T;True;3
1621261985000;11617909;154.021;154.041;154.031;2;T;True;3
1621261986000;11617914;154.025;154.045;154.035;4;T;True;3
1621261987000;11617916;154.027;154.047;154.037;1;T;True;3
1621261988000;11617918;154.025;154.045;154.035;1;T;True;3
1621261989000;11617920;154.023;154.043;154.033;1;T;True;3
1621261990000;11617921;154.023;154.043;154.033;0;T;True;3
1621261991000;11617927;154.025;154.045;154.035;5;T;True;3
1621261992000;11617929;154.024;154.044;154.034;1;T;True;3
1621261993000;11617930;154.024;154.044;154.034;0;T;True;3
1621261994000;11617931;154.024;154.044;154.034;0;T;True;3
1621261995000;11617934;154.026;154.046;154.036;2;T;True;3
1621261996000;11617935;154.026;154.046;154.036;0;T;True;3
1621261997000;11617937;154.027;154.047;154.037;1;T;True;3
1621261998000;11617939;154.025;154.045;154.035;1;T;True;3
1621261999000;11617940;154.025;154.045;154.035;0;T;True;3
1621262000000;11617941;154.025;154.045;154.035;0;T;True;3
1621262001000;11617943;154.027;154.047;154.037;1;T;True;3
1621262002000;11617944;154.027;154.047;154.037;0;T;True;3
1621262003000;11617945;154.027;154.047;154.037;0;T;True;3
1621262004000;11617947;154.025;154.045;154.035;1;T;True;3
1621262005000;11617948;154.025;154.045;154.035;0;T;True;3
1621262006000;11617950;154.027;154.047;154.037;1;T;True;3
1621262007000;11617952;154.028;154.048;154.038;1;T;True;3
1621262008000;11617954;154.029;154.049;154.039;1;T;True;3
1621262009000;11617957;154.032;154.052;154.042;2;T;True;3
1621262010000;11617959;154.031;154.051;154.041;1;T;True;3
1621262011000;11617960;154.031;154.051;154.041;0;T;True;3
1621262012000;11617961;154.031;154.051;154.041;0;T;True;3
1621262013000;11617964;154.039;154.059;154.049;2;T;True;3
1621262014000;11617966;154.04;154.06;154.05;1;T;True;3
1621262015000;11617968;154.042;154.062;154.052;1;T;True;3
1621262016000;11617970;154.044;154.064;154.054;1;T;True;3
1621262017000;11617971;154.044;154.064;154.054;0;T;True;3
1621262018000;11617973;154.042;154.062;154.052;1;T;True;3
1621262019000;11617975;154.04;154.06;154.05;1;T;True;3
1621262020000;11617979;154.043;154.063;154.053;3;T;True;3
1621262021000;11617983;154.043;154.063;154.053;3;T;True;3
1621262022000;11617984;154.043;154.063;154.053;0;T;True;3
1621262023000;11617989;154.037;154.057;154.047;4;T;True;3
1621262024000;11617991;154.038;154.058;154.048;1;T;True;3
1621262025000;11617992;154.038;154.058;154.048;0;T;True;3
1621262026000;11617994;154.039;154.059;154.049;1;T;True;3
1621262027000;11617995;154.039;154.059;154.049;0;T;True;3
1621262028000;11617998;154.045;154.065;154.055;2;T;True;3
1621262029000;11618001;154.046;154.066;154.056;2;T;True;3
1621262030000;11618002;154.046;154.066;154.056;0;T;True;3
1621262031000;11618003;154.046;154.066;154.056;0;T;True;3
1621262032000;11618004;154.046;154.066;154.056;0;T;True;3
1621262033000;11618005;154.046;154.066;154.056;0;T;True;3
1621262034000;11618006;154.046;154.066;154.056;0;T;True;3
1621262035000;11618009;154.043;154.063;154.053;2;T;True;3
1621262036000;11618012;154.045;154.065;154.055;2;T;True;3
1621262037000;11618013;154.045;154.065;154.055;0;T;True;3
1621262038000;11618014;154.045;154.065;154.055;0;T;True;3
1621262039000;11618015;154.045;154.065;154.055;0;T;True;3
1621262040000;11618016;154.045;154.065;154.055;0;T;True;3
1621262041000;11618018;154.046;154.066;154.056;1;T;True;3
1621262042000;11618021;154.042;154.062;154.052;2;T;True;3
1621262043000;11618025;154.043;154.063;154.053;3;T;True;3
1621262044000;11618028;154.043;154.063;154.053;2;T;True;3
1621262045000;11618030;154.042;154.062;154.052;1;T;True;3
1621262046000;11618031;154.042;154.062;154.052;0;T;True;3
1621262047000;11618035;154.043;154.063;154.053;3;T;True;3
1621262048000;11618036;154.043;154.063;154.053;0;T;True;3
1621262049000;11618038;154.041;154.061;154.051;1;T;True;3
1621262050000;11618044;154.035;154.055;154.045;5;T;True;3
1621262051000;11618047;154.035;154.055;154.045;2;T;True;3
1621262052000;11618048;154.035;154.055;154.045;0;T;True;3
1621262053000;11618053;154.029;154.049;154.039;4;T;True;3
1621262054000;11618054;154.029;154.049;154.039;0;T;True;3
1621262055000;11618056;154.031;154.051;154.041;1;T;True;3
1621262056000;11618059;154.034;154.054;154.044;2;T;True;3
1621262057000;11618060;154.034;154.054;154.044;0;T;True;3
1621262058000;11618063;154.037;154.057;154.047;2;T;True;3
1621262059000;11618064;154.037;154.057;154.047;0;T;True;3
1621262060000;11618066;154.035;154.055;154.045;1;T;True;3
1621262061000;11618068;154.034;154.054;154.044;1;T;True;3
1621262062000;11618070;154.035;154.055;154.045;1;T;True;3
1621262063000;11618071;154.035;154.055;154.045;0;T;True;3
1621262064000;11618076;154.043;154.063;154.053;4;T;True;3
1621262065000;11618078;154.044;154.064;154.054;1;T;True;3
1621262066000;11618082;154.051;154.071;154.061;3;T;True;3
1621262067000;11618084;154.05;154.07;154.06;1;T;True;3
1621262068000;11618085;154.05;154.07;154.06;0;T;True;3
1621262069000;11618087;154.052;154.072;154.062;1;T;True;3
1621262070000;11618091;154.047;154.067;154.057;3;T;True;3
1621262071000;11618094;154.045;154.065;154.055;2;T;True;3
1621262072000;11618096;154.044;154.064;154.054;1;T;True;3
1621262073000;11618097;154.044;154.064;154.054;0;T;True;3
1621262074000;11618098;154.044;154.064;154.054;0;T;True;3
1621262075000;11618100;154.043;154.063;154.053;1;T;True;3
1621262076000;11618101;154.043;154.063;154.053;0;T;True;3
1621262077000;11618104;154.045;154.065;154.055;2;T;True;3
1621262078000;11618106;154.043;154.063;154.053;1;T;True;3
1621262079000;11618107;154.043;154.063;154.053;0;T;True;3
1621262080000;11618111;154.041;154.061;154.051;3;T;True;3
1621262081000;11618113;154.044;154.064;154.054;1;T;True;3
1621262082000;11618117;154.044;154.064;154.054;3;T;True;3
1621262083000;11618118;154.044;154.064;154.054;0;T;True;3
1621262084000;11618120;154.043;154.063;154.053;1;T;True;3
1621262085000;11618121;154.043;154.063;154.053;0;T;True;3
1621262086000;11618122;154.043;154.063;154.053;0;T;True;3
1621262087000;11618123;154.043;154.063;154.053;0;T;True;3
1621262088000;11618132;154.025;154.045;154.035;8;T;True;3
1621262089000;11618133;154.025;154.045;154.035;0;T;True;3
1621262090000;11618136;154.025;154.045;154.035;2;T;True;3
1621262091000;11618137;154.025;154.045;154.035;0;T;True;3
1621262092000;11618139;154.027;154.047;154.037;1;T;True;3
1621262093000;11618140;154.027;154.047;154.037;0;T;True;3
1621262094000;11618141;154.027;154.047;154.037;0;T;True;3
1621262095000;11618143;154.029;154.049;154.039;1;T;True;3
1621262096000;11618144;154.029;154.049;154.039;0;T;True;3
1621262097000;11618145;154.029;154.049;154.039;0;T;True;3
1621262098000;11618146;154.029;154.049;154.039;0;T;True;3
1621262099000;11618149;154.034;154.054;154.044;2;T;True;3
1621262100000;11618151;154.033;154.053;154.043;1;T;True;3
1621262101000;11618156;154.031;154.051;154.041;4;T;True;3
1621262102000;11618162;154.032;154.052;154.042;5;T;True;3
1621262103000;11618163;154.032;154.052;154.042;0;T;True;3
1621262104000;11618166;154.028;154.048;154.038;2;T;True;3
1621262105000;11618167;154.028;154.048;154.038;0;T;True;3
1621262106000;11618169;154.027;154.047;154.037;1;T;True;3
1621262107000;11618170;154.027;154.047;154.037;0;T;True;3
1621262108000;11618174;154.032;154.052;154.042;3;T;True;3
1621262109000;11618177;154.029;154.049;154.039;2;T;True;3
1621262110000;11618178;154.029;154.049;154.039;0;T;True;3
1621262111000;11618183;154.031;154.051;154.041;4;T;True;3
1621262112000;11618184;154.031;154.051;154.041;0;T;True;3
1621262113000;11618185;154.031;154.051;154.041;0;T;True;3
1621262114000;11618186;154.031;154.051;154.041;0;T;True;3
1621262115000;11618187;154.031;154.051;154.041;0;T;True;3
1621262116000;11618188;154.031;154.051;154.041;0;T;True;3
1621262117000;11618190;154.035;154.055;154.045;1;T;True;3
1621262118000;11618193;154.036;154.056;154.046;2;T;True;3
1621262119000;11618194;154.036;154.056;154.046;0;T;True;3
1621262120000;11618197;154.036;154.056;154.046;2;T;True;3
1621262121000;11618200;154.037;154.057;154.047;2;T;True;3
1621262122000;11618201;154.037;154.057;154.047;0;T;True;3
1621262123000;11618203;154.038;154.058;154.048;1;T;True;3
1621262124000;11618205;154.042;154.062;154.052;1;T;True;3
1621262125000;11618207;154.043;154.063;154.053;1;T;True;3
1621262126000;11618210;154.037;154.057;154.047;2;T;True;3
1621262127000;11618214;154.027;154.047;154.037;3;T;True;3
1621262128000;11618217;154.031;154.051;154.041;2;T;True;3
1621262129000;11618220;154.027;154.047;154.037;2;T;True;3
1621262130000;11618224;154.024;154.044;154.034;3;T;True;3
1621262131000;11618228;154.019;154.039;154.029;3;T;True;3
1621262132000;11618230;154.02;154.04;154.03;1;T;True;3
1621262133000;11618231;154.02;154.04;154.03;0;T;True;3
1621262134000;11618232;154.02;154.04;154.03;0;T;True;3
1621262135000;11618233;154.02;154.04;154.03;0;T;True;3
1621262136000;11618234;154.02;154.04;154.03;0;T;True;3
1621262137000;11618235;154.02;154.04;154.03;0;T;True;3
1621262138000;11618236;154.02;154.04;154.03;0;T;True;3
1621262139000;11618238;154.019;154.039;154.029;1;T;True;3
1621262140000;11618241;154.022;154.042;154.032;2;T;True;3
1621262141000;11618243;154.023;154.043;154.033;1;T;True;3
1621262142000;11618245;154.022;154.042;154.032;1;T;True;3
1621262143000;11618247;154.021;154.041;154.031;1;T;True;3
1621262144000;11618251;154.024;154.044;154.034;3;T;True;3
1621262145000;11618255;154.025;154.045;154.035;3;T;True;3
1621262146000;11618258;154.024;154.044;154.034;2;T;True;3
1621262147000;11618260;154.023;154.043;154.033;1;T;True;3
1621262148000;11618261;154.023;154.043;154.033;0;T;True;3
1621262149000;11618262;154.023;154.043;154.033;0;T;True;3
1621262150000;11618263;154.023;154.043;154.033;0;T;True;3
1621262151000;11618264;154.023;154.043;154.033;0;T;True;3
1621262152000;11618265;154.023;154.043;154.033;0;T;True;3
1621262153000;11618266;154.023;154.043;154.033;0;T;True;3
1621262154000;11618267;154.023;154.043;154.033;0;T;True;3
1621262155000;11618270;154.019;154.039;154.029;2;T;True;3
1621262156000;11618272;154.021;154.041;154.031;1;T;True;3
1621262157000;11618273;154.021;154.041;154.031;0;T;True;3
1621262158000;11618276;154.021;154.041;154.031;2;T;True;3
1621262159000;11618277;154.021;154.041;154.031;0;T;True;3
1621262160000;11618280;154.021;154.041;154.031;2;T;True;3
1621262161000;11618283;154.021;154.041;154.031;2;T;True;3
1621262162000;11618284;154.021;154.041;154.031;0;T;True;3
1621262163000;11618287;154.031;154.051;154.041;2;T;True;3
1621262164000;11618289;154.032;154.052;154.042;1;T;True;3
1621262165000;11618291;154.031;154.051;154.041;1;T;True;3
1621262166000;11618294;154.034;154.054;154.044;2;T;True;3
1621262167000;11618295;154.034;154.054;154.044;0;T;True;3
1621262168000;11618298;154.032;154.052;154.042;2;T;True;3
1621262169000;11618299;154.032;154.052;154.042;0;T;True;3
1621262170000;11618302;154.037;154.057;154.047;2;T;True;3
1621262171000;11618308;154.033;154.053;154.043;5;T;True;3
1621262172000;11618313;154.027;154.047;154.037;4;T;True;3
1621262173000;11618315;154.029;154.049;154.039;1;T;True;3
1621262174000;11618317;154.03;154.05;154.04;1;T;True;3
1621262175000;11618320;154.029;154.049;154.039;2;T;True;3
1621262176000;11618321;154.029;154.049;154.039;0;T;True;3
1621262177000;11618324;154.029;154.049;154.039;2;T;True;3
1621262178000;11618326;154.028;154.048;154.038;1;T;True;3
1621262179000;11618327;154.028;154.048;154.038;0;T;True;3
1621262180000;11618329;154.03;154.05;154.04;1;T;True;3
1621262181000;11618331;154.031;154.051;154.041;1;T;True;3
1621262182000;11618333;154.029;154.049;154.039;1;T;True;3
1621262183000;11618334;154.029;154.049;154.039;0;T;True;3
1621262184000;11618335;154.029;154.049;154.039;0;T;True;3
1621262185000;11618336;154.029;154.049;154.039;0;T;True;3
1621262186000;11618339;154.03;154.05;154.04;2;T;True;3
1621262187000;11618342;154.033;154.053;154.043;2;T;True;3
1621262188000;11618345;154.036;154.056;154.046;2;T;True;3
1621262189000;11618346;154.036;154.056;154.046;0;T;True;3
1621262190000;11618347;154.036;154.056;154.046;0;T;True;3
1621262191000;11618348;154.036;154.056;154.046;0;T;True;3
1621262192000;11618349;154.036;154.056;154.046;0;T;True;3
1621262193000;11618354;154.036;154.056;154.046;4;T;True;3
1621262194000;11618358;154.043;154.063;154.053;3;T;True;3
1621262195000;11618360;154.045;154.065;154.055;1;T;True;3
1621262196000;11618363;154.045;154.065;154.055;2;T;True;3
1621262197000;11618365;154.047;154.067;154.057;1;T;True;3
1621262198000;11618366;154.047;154.067;154.057;0;T;True;3
1621262199000;11618369;154.055;154.075;154.065;2;T;True;3
1621262200000;11618371;154.053;154.073;154.063;1;T;True;3
1621262201000;11618373;154.054;154.074;154.064;1;T;True;3
1621262202000;11618376;154.055;154.075;154.065;2;T;True;3
1621262203000;11618379;154.057;154.077;154.067;2;T;True;3
1621262204000;11618381;154.06;154.08;154.07;1;T;True;3
1621262205000;11618384;154.059;154.079;154.069;2;T;True;3
1621262206000;11618385;154.059;154.079;154.069;0;T;True;3
1621262207000;11618387;154.063;154.083;154.073;1;T;True;3
1621262208000;11618388;154.063;154.083;154.073;0;T;True;3
1621262209000;11618391;154.063;154.083;154.073;2;T;True;3
1621262210000;11618392;154.063;154.083;154.073;0;T;True;3
1621262211000;11618393;154.063;154.083;154.073;0;T;True;3
1621262212000;11618395;154.062;154.082;154.072;1;T;True;3
1621262213000;11618400;154.066;154.086;154.076;4;T;True;3
1621262214000;11618403;154.068;154.088;154.078;2;T;True;3
1621262215000;11618405;154.067;154.087;154.077;1;T;True;3
1621262216000;11618406;154.067;154.087;154.077;0;T;True;3
1621262217000;11618408;154.066;154.086;154.076;1;T;True;3
1621262218000;11618410;154.063;154.083;154.073;1;T;True;3
1621262219000;11618413;154.069;154.089;154.079;2;T;True;3
1621262220000;11618416;154.072;154.092;154.082;2;T;True;3
1621262221000;11618419;154.072;154.092;154.082;2;T;True;3
1621262222000;11618420;154.072;154.092;154.082;0;T;True;3
1621262223000;11618423;154.072;154.092;154.082;2;T;True;3
1621262224000;11618425;154.073;154.093;154.083;1;T;True;3
1621262225000;11618426;154.073;154.093;154.083;0;T;True;3
1621262226000;11618429;154.072;154.092;154.082;2;T;True;3
1621262227000;11618430;154.072;154.092;154.082;0;T;True;3
1621262228000;11618432;154.073;154.093;154.083;1;T;True;3
1621262229000;11618433;154.073;154.093;154.083;0;T;True;3
1621262230000;11618436;154.059;154.079;154.069;2;T;True;3
1621262231000;11618439;154.057;154.077;154.067;2;T;True;3
1621262232000;11618444;154.047;154.067;154.057;4;T;True;3
1621262233000;11618446;154.051;154.071;154.061;1;T;True;3
1621262234000;11618450;154.046;154.066;154.056;3;T;True;3
1621262235000;11618454;154.047;154.067;154.057;3;T;True;3
1621262236000;11618456;154.045;154.065;154.055;1;T;True;3
1621262237000;11618457;154.045;154.065;154.055;0;T;True;3
1621262238000;11618459;154.044;154.064;154.054;1;T;True;3
1621262239000;11618463;154.047;154.067;154.057;3;T;True;3
1621262240000;11618464;154.047;154.067;154.057;0;T;True;3
1621262241000;11618466;154.049;154.069;154.059;1;T;True;3
1621262242000;11618468;154.047;154.067;154.057;1;T;True;3
1621262243000;11618469;154.047;154.067;154.057;0;T;True;3
1621262244000;11618470;154.047;154.067;154.057;0;T;True;3
1621262245000;11618473;154.05;154.07;154.06;2;T;True;3
1621262246000;11618477;154.044;154.064;154.054;3;T;True;3
1621262247000;11618479;154.045;154.065;154.055;1;T;True;3
1621262248000;11618480;154.045;154.065;154.055;0;T;True;3
1621262249000;11618482;154.047;154.067;154.057;1;T;True;3
1621262250000;11618484;154.049;154.069;154.059;1;T;True;3
1621262251000;11618489;154.055;154.075;154.065;4;T;True;3
1621262252000;11618490;154.055;154.075;154.065;0;T;True;3
1621262253000;11618492;154.056;154.076;154.066;1;T;True;3
1621262254000;11618494;154.057;154.077;154.067;1;T;True;3
1621262255000;11618497;154.061;154.081;154.071;2;T;True;3
1621262256000;11618501;154.065;154.085;154.075;3;T;True;3
1621262257000;11618502;154.065;154.085;154.075;0;T;True;3
1621262258000;11618507;154.062;154.082;154.072;4;T;True;3
1621262259000;11618509;154.061;154.081;154.071;1;T;True;3
1621262260000;11618511;154.06;154.08;154.07;1;T;True;3
1621262261000;11618512;154.06;154.08;154.07;0;T;True;3
1621262262000;11618516;154.054;154.074;154.064;3;T;True;3
1621262263000;11618517;154.054;154.074;154.064;0;T;True;3
1621262264000;11618520;154.053;154.073;154.063;2;T;True;3
1621262265000;11618521;154.053;154.073;154.063;0;T;True;3
1621262266000;11618522;154.053;154.073;154.063;0;T;True;3
1621262267000;11618530;154.054;154.074;154.064;7;T;True;3
1621262268000;11618532;154.053;154.073;154.063;1;T;True;3
1621262269000;11618533;154.053;154.073;154.063;0;T;True;3
1621262270000;11618537;154.051;154.071;154.061;3;T;True;3
1621262271000;11618538;154.051;154.071;154.061;0;T;True;3
1621262272000;11618540;154.049;154.069;154.059;1;T;True;3
1621262273000;11618544;154.049;154.069;154.059;3;T;True;3
1621262274000;11618545;154.049;154.069;154.059;0;T;True;3
1621262275000;11618546;154.049;154.069;154.059;0;T;True;3
1621262276000;11618547;154.049;154.069;154.059;0;T;True;3
1621262277000;11618549;154.053;154.073;154.063;1;T;True;3
1621262278000;11618550;154.053;154.073;154.063;0;T;True;3
1621262279000;11618551;154.053;154.073;154.063;0;T;True;3
1621262280000;11618552;154.053;154.073;154.063;0;T;True;3
1621262281000;11618555;154.059;154.079;154.069;2;T;True;3
1621262282000;11618556;154.059;154.079;154.069;0;T;True;3
1621262283000;11618558;154.058;154.078;154.068;1;T;True;3
1621262284000;11618559;154.058;154.078;154.068;0;T;True;3
1621262285000;11618562;154.058;154.078;154.068;2;T;True;3
1621262286000;11618563;154.058;154.078;154.068;0;T;True;3
1621262287000;11618565;154.06;154.08;154.07;1;T;True;3
1621262288000;11618568;154.056;154.076;154.066;2;T;True;3
1621262289000;11618572;154.059;154.079;154.069;3;T;True;3
1621262290000;11618577;154.069;154.089;154.079;4;T;True;3
1621262291000;11618579;154.066;154.086;154.076;1;T;True;3
1621262292000;11618581;154.063;154.083;154.073;1;T;True;3
1621262293000;11618584;154.06;154.08;154.07;2;T;True;3
1621262294000;11618588;154.057;154.077;154.067;3;T;True;3
1621262295000;11618590;154.06;154.08;154.07;1;T;True;3
1621262296000;11618592;154.059;154.079;154.069;1;T;True;3
1621262297000;11618597;154.06;154.08;154.07;4;T;True;3
1621262298000;11618600;154.065;154.085;154.075;2;T;True;3
1621262299000;11618603;154.063;154.083;154.073;2;T;True;3
1621262300000;11618605;154.061;154.081;154.071;1;T;True;3
1621262301000;11618606;154.061;154.081;154.071;0;T;True;3
1621262302000;11618609;154.057;154.077;154.067;2;T;True;3
1621262303000;11618613;154.063;154.083;154.073;3;T;True;3
1621262304000;11618614;154.063;154.083;154.073;0;T;True;3
1621262305000;11618618;154.067;154.087;154.077;3;T;True;3
1621262306000;11618622;154.068;154.088;154.078;3;T;True;3
1621262307000;11618624;154.069;154.089;154.079;1;T;True;3
1621262308000;11618628;154.07;154.09;154.08;3;T;True;3
1621262309000;11618632;154.075;154.095;154.085;3;T;True;3
1621262310000;11618636;154.077;154.097;154.087;3;T;True;3
1621262311000;11618637;154.077;154.097;154.087;0;T;True;3
1621262312000;11618640;154.072;154.092;154.082;2;T;True;3
1621262313000;11618644;154.076;154.096;154.086;3;T;True;3
1621262314000;11618645;154.076;154.096;154.086;0;T;True;3
1621262315000;11618647;154.08;154.1;154.09;1;T;True;3
1621262316000;11618651;154.075;154.095;154.085;3;T;True;3
1621262317000;11618654;154.073;154.093;154.083;2;T;True;3
1621262318000;11618655;154.073;154.093;154.083;0;T;True;3
1621262319000;11618657;154.07;154.09;154.08;1;T;True;3
1621262320000;11618658;154.07;154.09;154.08;0;T;True;3
1621262321000;11618660;154.067;154.087;154.077;1;T;True;3
1621262322000;11618661;154.067;154.087;154.077;0;T;True;3
1621262323000;11618664;154.064;154.084;154.074;2;T;True;3
1621262324000;11618666;154.063;154.083;154.073;1;T;True;3
1621262325000;11618667;154.063;154.083;154.073;0;T;True;3
1621262326000;11618669;154.065;154.085;154.075;1;T;True;3
1621262327000;11618672;154.063;154.083;154.073;2;T;True;3
1621262328000;11618673;154.063;154.083;154.073;0;T;True;3
1621262329000;11618681;154.049;154.069;154.059;7;T;True;3
1621262330000;11618683;154.047;154.067;154.057;1;T;True;3
1621262331000;11618686;154.047;154.067;154.057;2;T;True;3
1621262332000;11618688;154.048;154.068;154.058;1;T;True;3
1621262333000;11618692;154.056;154.076;154.066;3;T;True;3
1621262334000;11618694;154.057;154.077;154.067;1;T;True;3
1621262335000;11618695;154.057;154.077;154.067;0;T;True;3
1621262336000;11618696;154.057;154.077;154.067;0;T;True;3
1621262337000;11618699;154.059;154.079;154.069;2;T;True;3
1621262338000;11618702;154.057;154.077;154.067;2;T;True;3
1621262339000;11618703;154.057;154.077;154.067;0;T;True;3
1621262340000;11618706;154.063;154.083;154.073;2;T;True;3
1621262341000;11618708;154.061;154.081;154.071;1;T;True;3
1621262342000;11618709;154.061;154.081;154.071;0;T;True;3
1621262343000;11618710;154.061;154.081;154.071;0;T;True;3
1621262344000;11618715;154.071;154.091;154.081;4;T;True;3
1621262345000;11618717;154.069;154.089;154.079;1;T;True;3
1621262346000;11618719;154.068;154.088;154.078;1;T;True;3
1621262347000;11618722;154.061;154.081;154.071;2;T;True;3
1621262348000;11618726;154.063;154.083;154.073;3;T;True;3
1621262349000;11618728;154.058;154.078;154.068;1;T;True;3
1621262350000;11618732;154.055;154.075;154.065;3;T;True;3
1621262351000;11618736;154.051;154.071;154.061;3;T;True;3
1621262352000;11618737;154.051;154.071;154.061;0;T;True;3
1621262353000;11618740;154.045;154.065;154.055;2;T;True;3
1621262354000;11618743;154.041;154.061;154.051;2;T;True;3
1621262355000;11618745;154.044;154.064;154.054;1;T;True;3
1621262356000;11618747;154.042;154.062;154.052;1;T;True;3
1621262357000;11618752;154.035;154.055;154.045;4;T;True;3
1621262358000;11618756;154.033;154.053;154.043;3;T;True;3
1621262359000;11618760;154.032;154.052;154.042;3;T;True;3
1621262360000;11618762;154.031;154.051;154.041;1;T;True;3
1621262361000;11618765;154.034;154.054;154.044;2;T;True;3
1621262362000;11618766;154.034;154.054;154.044;0;T;True;3
1621262363000;11618768;154.033;154.053;154.043;1;T;True;3
1621262364000;11618771;154.042;154.062;154.052;2;T;True;3
1621262365000;11618772;154.042;154.062;154.052;0;T;True;3
1621262366000;11618775;154.051;154.071;154.061;2;T;True;3
1621262367000;11618776;154.051;154.071;154.061;0;T;True;3
1621262368000;11618779;154.05;154.07;154.06;2;T;True;3
1621262369000;11618781;154.049;154.069;154.059;1;T;True;3
1621262370000;11618784;154.049;154.069;154.059;2;T;True;3
1621262371000;11618785;154.049;154.069;154.059;0;T;True;3
1621262372000;11618786;154.049;154.069;154.059;0;T;True;3
1621262373000;11618789;154.053;154.073;154.063;2;T;True;3
1621262374000;11618791;154.055;154.075;154.065;1;T;True;3
1621262375000;11618795;154.055;154.075;154.065;3;T;True;3
1621262376000;11618797;154.056;154.076;154.066;1;T;True;3
1621262377000;11618799;154.057;154.077;154.067;1;T;True;3
1621262378000;11618800;154.057;154.077;154.067;0;T;True;3
1621262379000;11618801;154.057;154.077;154.067;0;T;True;3
1621262380000;11618803;154.056;154.076;154.066;1;T;True;3
1621262381000;11618804;154.056;154.076;154.066;0;T;True;3
1621262382000;11618806;154.058;154.078;154.068;1;T;True;3
1621262383000;11618808;154.057;154.077;154.067;1;T;True;3
1621262384000;11618809;154.057;154.077;154.067;0;T;True;3
1621262385000;11618810;154.057;154.077;154.067;0;T;True;3
1621262386000;11618811;154.057;154.077;154.067;0;T;True;3
1621262387000;11618812;154.057;154.077;154.067;0;T;True;3
1621262388000;11618813;154.057;154.077;154.067;0;T;True;3
1621262389000;11618814;154.057;154.077;154.067;0;T;True;3
1621262390000;11618815;154.057;154.077;154.067;0;T;True;3
1621262391000;11618817;154.055;154.075;154.065;1;T;True;3
1621262392000;11618819;154.053;154.073;154.063;1;T;True;3
1621262393000;11618822;154.053;154.073;154.063;2;T;True;3
1621262394000;11618825;154.053;154.073;154.063;2;T;True;3
1621262395000;11618828;154.058;154.078;154.068;2;T;True;3
1621262396000;11618830;154.06;154.08;154.07;1;T;True;3
1621262397000;11618831;154.06;154.08;154.07;0;T;True;3
1621262398000;11618832;154.06;154.08;154.07;0;T;True;3
1621262399000;11618835;154.063;154.083;154.073;2;T;True;3
1621262400000;11618837;154.061;154.081;154.071;1;T;True;3
1621262401000;11618838;154.061;154.081;154.071;0;T;True;3
1621262402000;11618842;154.061;154.081;154.071;3;T;True;3
1621262403000;11618844;154.063;154.083;154.073;1;T;True;3
1621262404000;11618848;154.067;154.087;154.077;3;T;True;3
1621262405000;11618851;154.063;154.083;154.073;2;T;True;3
1621262406000;11618852;154.063;154.083;154.073;0;T;True;3
1621262407000;11618854;154.064;154.084;154.074;1;T;True;3
1621262408000;11618856;154.067;154.087;154.077;1;T;True;3
1621262409000;11618857;154.067;154.087;154.077;0;T;True;3
1621262410000;11618858;154.067;154.087;154.077;0;T;True;3
1621262411000;11618859;154.067;154.087;154.077;0;T;True;3
1621262412000;11618861;154.069;154.089;154.079;1;T;True;3
1621262413000;11618862;154.069;154.089;154.079;0;T;True;3
1621262414000;11618863;154.069;154.089;154.079;0;T;True;3
1621262415000;11618865;154.071;154.091;154.081;1;T;True;3
1621262416000;11618866;154.071;154.091;154.081;0;T;True;3
1621262417000;11618869;154.069;154.089;154.079;2;T;True;3
1621262418000;11618870;154.069;154.089;154.079;0;T;True;3
1621262419000;11618873;154.072;154.092;154.082;2;T;True;3
1621262420000;11618877;154.071;154.091;154.081;3;T;True;3
1621262421000;11618879;154.069;154.089;154.079;1;T;True;3
1621262422000;11618882;154.066;154.086;154.076;2;T;True;3
1621262423000;11618886;154.069;154.089;154.079;3;T;True;3
1621262424000;11618892;154.081;154.101;154.091;5;T;True;3
1621262425000;11618895;154.083;154.103;154.093;2;T;True;3
1621262426000;11618898;154.087;154.107;154.097;2;T;True;3
1621262427000;11618900;154.084;154.104;154.094;1;T;True;3
1621262428000;11618902;154.085;154.105;154.095;1;T;True;3
1621262429000;11618904;154.087;154.107;154.097;1;T;True;3
1621262430000;11618905;154.087;154.107;154.097;0;T;True;3
1621262431000;11618906;154.087;154.107;154.097;0;T;True;3
1621262432000;11618908;154.085;154.105;154.095;1;T;True;3
1621262433000;11618910;154.087;154.107;154.097;1;T;True;3
1621262434000;11618913;154.097;154.117;154.107;2;T;True;3
1621262435000;11618914;154.097;154.117;154.107;0;T;True;3
1621262436000;11618918;154.089;154.109;154.099;3;T;True;3
1621262437000;11618920;154.091;154.111;154.101;1;T;True;3
1621262438000;11618921;154.091;154.111;154.101;0;T;True;3
1621262439000;11618922;154.091;154.111;154.101;0;T;True;3
1621262440000;11618924;154.089;154.109;154.099;1;T;True;3
1621262441000;11618929;154.083;154.103;154.093;4;T;True;3
1621262442000;11618930;154.083;154.103;154.093;0;T;True;3
1621262443000;11618935;154.075;154.095;154.085;4;T;True;3
1621262444000;11618937;154.077;154.097;154.087;1;T;True;3
1621262445000;11618938;154.077;154.097;154.087;0;T;True;3
1621262446000;11618941;154.077;154.097;154.087;2;T;True;3
1621262447000;11618942;154.077;154.097;154.087;0;T;True;3
1621262448000;11618943;154.077;154.097;154.087;0;T;True;3
1621262449000;11618948;154.076;154.096;154.086;4;T;True;3
1621262450000;11618954;154.066;154.086;154.076;5;T;True;3
1621262451000;11618956;154.062;154.082;154.072;1;T;True;3
1621262452000;11618957;154.062;154.082;154.072;0;T;True;3
1621262453000;11618960;154.062;154.082;154.072;2;T;True;3
1621262454000;11618964;154.053;154.073;154.063;3;T;True;3
1621262455000;11618967;154.051;154.071;154.061;2;T;True;3
1621262456000;11618970;154.051;154.071;154.061;2;T;True;3
1621262457000;11618973;154.051;154.071;154.061;2;T;True;3
1621262458000;11618975;154.054;154.074;154.064;1;T;True;3
1621262459000;11618977;154.056;154.076;154.066;1;T;True;3
1621262460000;11618979;154.057;154.077;154.067;1;T;True;3
1621262461000;11618982;154.059;154.079;154.069;2;T;True;3
1621262462000;11618983;154.059;154.079;154.069;0;T;True;3
1621262463000;11618984;154.059;154.079;154.069;0;T;True;3
1621262464000;11618986;154.061;154.081;154.071;1;T;True;3
1621262465000;11618990;154.07;154.09;154.08;3;T;True;3
1621262466000;11618995;154.076;154.096;154.086;4;T;True;3
1621262467000;11618998;154.075;154.095;154.085;2;T;True;3
1621262468000;11618999;154.075;154.095;154.085;0;T;True;3
1621262469000;11619000;154.075;154.095;154.085;0;T;True;3
1621262470000;11619001;154.075;154.095;154.085;0;T;True;3
1621262471000;11619002;154.075;154.095;154.085;0;T;True;3
1621262472000;11619005;154.077;154.097;154.087;2;T;True;3
1621262473000;11619008;154.079;154.099;154.089;2;T;True;3
1621262474000;11619009;154.079;154.099;154.089;0;T;True;3
1621262475000;11619010;154.079;154.099;154.089;0;T;True;3
1621262476000;11619011;154.079;154.099;154.089;0;T;True;3
1621262477000;11619013;154.077;154.097;154.087;1;T;True;3
1621262478000;11619014;154.077;154.097;154.087;0;T;True;3
1621262479000;11619016;154.079;154.099;154.089;1;T;True;3
1621262480000;11619017;154.079;154.099;154.089;0;T;True;3
1621262481000;11619019;154.077;154.097;154.087;1;T;True;3
1621262482000;11619020;154.077;154.097;154.087;0;T;True;3
1621262483000;11619022;154.076;154.096;154.086;1;T;True;3
1621262484000;11619023;154.076;154.096;154.086;0;T;True;3
1621262485000;11619024;154.076;154.096;154.086;0;T;True;3
1621262486000;11619025;154.076;154.096;154.086;0;T;True;3
1621262487000;11619026;154.076;154.096;154.086;0;T;True;3
1621262488000;11619028;154.075;154.095;154.085;1;T;True;3
1621262489000;11619029;154.075;154.095;154.085;0;T;True;3
1621262490000;11619030;154.075;154.095;154.085;0;T;True;3
1621262491000;11619031;154.075;154.095;154.085;0;T;True;3
1621262492000;11619032;154.075;154.095;154.085;0;T;True;3
1621262493000;11619034;154.076;154.096;154.086;1;T;True;3
1621262494000;11619035;154.076;154.096;154.086;0;T;True;3
1621262495000;11619039;154.074;154.094;154.084;3;T;True;3
1621262496000;11619045;154.071;154.091;154.081;5;T;True;3
1621262497000;11619046;154.071;154.091;154.081;0;T;True;3
1621262498000;11619048;154.072;154.092;154.082;1;T;True;3
1621262499000;11619049;154.072;154.092;154.082;0;T;True;3
1621262500000;11619051;154.071;154.091;154.081;1;T;True;3
1621262501000;11619055;154.075;154.095;154.085;3;T;True;3
1621262502000;11619057;154.074;154.094;154.084;1;T;True;3
1621262503000;11619058;154.074;154.094;154.084;0;T;True;3
1621262504000;11619059;154.074;154.094;154.084;0;T;True;3
1621262505000;11619061;154.075;154.095;154.085;1;T;True;3
1621262506000;11619063;154.073;154.093;154.083;1;T;True;3
1621262507000;11619064;154.073;154.093;154.083;0;T;True;3
1621262508000;11619065;154.073;154.093;154.083;0;T;True;3
1621262509000;11619068;154.069;154.089;154.079;2;T;True;3
1621262510000;11619070;154.067;154.087;154.077;1;T;True;3
1621262511000;11619074;154.065;154.085;154.075;3;T;True;3
1621262512000;11619075;154.065;154.085;154.075;0;T;True;3
1621262513000;11619076;154.065;154.085;154.075;0;T;True;3
1621262514000;11619078;154.067;154.087;154.077;1;T;True;3
1621262515000;11619080;154.064;154.084;154.074;1;T;True;3
1621262516000;11619082;154.065;154.085;154.075;1;T;True;3
1621262517000;11619083;154.065;154.085;154.075;0;T;True;3
1621262518000;11619085;154.064;154.084;154.074;1;T;True;3
1621262519000;11619086;154.064;154.084;154.074;0;T;True;3
1621262520000;11619087;154.064;154.084;154.074;0;T;True;3
1621262521000;11619090;154.065;154.085;154.075;2;T;True;3
1621262522000;11619092;154.064;154.084;154.074;1;T;True;3
1621262523000;11619095;154.068;154.088;154.078;2;T;True;3
1621262524000;11619097;154.069;154.089;154.079;1;T;True;3
1621262525000;11619102;154.07;154.09;154.08;4;T;True;3
1621262526000;11619104;154.071;154.091;154.081;1;T;True;3
1621262527000;11619105;154.071;154.091;154.081;0;T;True;3
1621262528000;11619106;154.071;154.091;154.081;0;T;True;3
1621262529000;11619107;154.071;154.091;154.081;0;T;True;3
1621262530000;11619108;154.071;154.091;154.081;0;T;True;3
1621262531000;11619110;154.07;154.09;154.08;1;T;True;3
1621262532000;11619114;154.068;154.088;154.078;3;T;True;3
1621262533000;11619119;154.062;154.082;154.072;4;T;True;3
1621262534000;11619122;154.062;154.082;154.072;2;T;True;3
1621262535000;11619124;154.065;154.085;154.075;1;T;True;3
1621262536000;11619125;154.065;154.085;154.075;0;T;True;3
1621262537000;11619127;154.067;154.087;154.077;1;T;True;3
1621262538000;11619128;154.067;154.087;154.077;0;T;True;3
1621262539000;11619131;154.067;154.087;154.077;2;T;True;3
1621262540000;11619134;154.065;154.085;154.075;2;T;True;3
1621262541000;11619135;154.065;154.085;154.075;0;T;True;3
1621262542000;11619137;154.066;154.086;154.076;1;T;True;3
1621262543000;11619138;154.066;154.086;154.076;0;T;True;3
1621262544000;11619139;154.066;154.086;154.076;0;T;True;3
1621262545000;11619140;154.066;154.086;154.076;0;T;True;3
1621262546000;11619141;154.066;154.086;154.076;0;T;True;3
1621262547000;11619142;154.066;154.086;154.076;0;T;True;3
1621262548000;11619143;154.066;154.086;154.076;0;T;True;3
1621262549000;11619144;154.066;154.086;154.076;0;T;True;3
1621262550000;11619145;154.066;154.086;154.076;0;T;True;3
1621262551000;11619146;154.066;154.086;154.076;0;T;True;3
1621262552000;11619150;154.061;154.081;154.071;3;T;True;3
1621262553000;11619151;154.061;154.081;154.071;0;T;True;3
1621262554000;11619152;154.061;154.081;154.071;0;T;True;3
1621262555000;11619153;154.061;154.081;154.071;0;T;True;3
1621262556000;11619154;154.061;154.081;154.071;0;T;True;3
1621262557000;11619157;154.063;154.083;154.073;2;T;True;3
1621262558000;11619158;154.063;154.083;154.073;0;T;True;3
1621262559000;11619159;154.063;154.083;154.073;0;T;True;3
1621262560000;11619160;154.063;154.083;154.073;0;T;True;3
1621262561000;11619161;154.063;154.083;154.073;0;T;True;3
1621262562000;11619162;154.063;154.083;154.073;0;T;True;3
1621262563000;11619163;154.063;154.083;154.073;0;T;True;3
1621262564000;11619164;154.063;154.083;154.073;0;T;True;3
1621262565000;11619167;154.066;154.086;154.076;2;T;True;3
1621262566000;11619168;154.066;154.086;154.076;0;T;True;3
1621262567000;11619170;154.065;154.085;154.075;1;T;True;3
1621262568000;11619171;154.065;154.085;154.075;0;T;True;3
1621262569000;11619173;154.063;154.083;154.073;1;T;True;3
1621262570000;11619174;154.063;154.083;154.073;0;T;True;3
1621262571000;11619176;154.065;154.085;154.075;1;T;True;3
1621262572000;11619182;154.054;154.074;154.064;5;T;True;3
1621262573000;11619184;154.055;154.075;154.065;1;T;True;3
1621262574000;11619185;154.055;154.075;154.065;0;T;True;3
1621262575000;11619186;154.055;154.075;154.065;0;T;True;3
1621262576000;11619187;154.055;154.075;154.065;0;T;True;3
1621262577000;11619190;154.053;154.073;154.063;2;T;True;3
1621262578000;11619191;154.053;154.073;154.063;0;T;True;3
1621262579000;11619192;154.053;154.073;154.063;0;T;True;3
1621262580000;11619193;154.053;154.073;154.063;0;T;True;3
1621262581000;11619194;154.053;154.073;154.063;0;T;True;3
1621262582000;11619196;154.054;154.074;154.064;1;T;True;3
1621262583000;11619197;154.054;154.074;154.064;0;T;True;3
1621262584000;11619198;154.054;154.074;154.064;0;T;True;3
1621262585000;11619200;154.055;154.075;154.065;1;T;True;3
1621262586000;11619202;154.056;154.076;154.066;1;T;True;3
1621262587000;11619203;154.056;154.076;154.066;0;T;True;3
1621262588000;11619205;154.057;154.077;154.067;1;T;True;3
1621262589000;11619206;154.057;154.077;154.067;0;T;True;3
1621262590000;11619209;154.051;154.071;154.061;2;T;True;3
1621262591000;11619211;154.057;154.077;154.067;1;T;True;3
1621262592000;11619212;154.057;154.077;154.067;0;T;True;3
1621262593000;11619215;154.062;154.082;154.072;2;T;True;3
1621262594000;11619216;154.062;154.082;154.072;0;T;True;3
1621262595000;11619218;154.065;154.085;154.075;1;T;True;3
1621262596000;11619221;154.071;154.091;154.081;2;T;True;3
1621262597000;11619222;154.071;154.091;154.081;0;T;True;3
1621262598000;11619223;154.071;154.091;154.081;0;T;True;3
1621262599000;11619224;154.071;154.091;154.081;0;T;True;3
1621262600000;11619226;154.07;154.09;154.08;1;T;True;3
1621262601000;11619227;154.07;154.09;154.08;0;T;True;3
1621262602000;11619228;154.07;154.09;154.08;0;T;True;3
1621262603000;11619230;154.065;154.085;154.075;1;T;True;3
1621262604000;11619232;154.067;154.087;154.077;1;T;True;3
1621262605000;11619235;154.07;154.09;154.08;2;T;True;3
1621262606000;11619237;154.068;154.088;154.078;1;T;True;3
1621262607000;11619238;154.068;154.088;154.078;0;T;True;3
1621262608000;11619240;154.069;154.089;154.079;1;T;True;3
1621262609000;11619241;154.069;154.089;154.079;0;T;True;3
1621262610000;11619242;154.069;154.089;154.079;0;T;True;3
1621262611000;11619244;154.064;154.084;154.074;1;T;True;3
1621262612000;11619246;154.065;154.085;154.075;1;T;True;3
1621262613000;11619247;154.065;154.085;154.075;0;T;True;3
1621262614000;11619251;154.067;154.087;154.077;3;T;True;3
1621262615000;11619252;154.067;154.087;154.077;0;T;True;3
1621262616000;11619254;154.066;154.086;154.076;1;T;True;3
1621262617000;11619255;154.066;154.086;154.076;0;T;True;3
1621262618000;11619257;154.065;154.085;154.075;1;T;True;3
1621262619000;11619260;154.067;154.087;154.077;2;T;True;3
1621262620000;11619261;154.067;154.087;154.077;0;T;True;3
1621262621000;11619264;154.067;154.087;154.077;2;T;True;3
1621262622000;11619266;154.065;154.085;154.075;1;T;True;3
1621262623000;11619267;154.065;154.085;154.075;0;T;True;3
1621262624000;11619269;154.063;154.083;154.073;1;T;True;3
1621262625000;11619270;154.063;154.083;154.073;0;T;True;3
1621262626000;11619271;154.063;154.083;154.073;0;T;True;3
1621262627000;11619276;154.06;154.08;154.07;4;T;True;3
1621262628000;11619282;154.066;154.086;154.076;5;T;True;3
1621262629000;11619285;154.065;154.085;154.075;2;T;True;3
1621262630000;11619286;154.065;154.085;154.075;0;T;True;3
1621262631000;11619288;154.062;154.082;154.072;1;T;True;3
1621262632000;11619290;154.063;154.083;154.073;1;T;True;3
1621262633000;11619291;154.063;154.083;154.073;0;T;True;3
1621262634000;11619294;154.063;154.083;154.073;2;T;True;3
1621262635000;11619296;154.064;154.084;154.074;1;T;True;3
1621262636000;11619300;154.063;154.083;154.073;3;T;True;3
1621262637000;11619301;154.063;154.083;154.073;0;T;True;3
1621262638000;11619305;154.067;154.087;154.077;3;T;True;3
1621262639000;11619306;154.067;154.087;154.077;0;T;True;3
1621262640000;11619307;154.067;154.087;154.077;0;T;True;3
1621262641000;11619310;154.07;154.09;154.08;2;T;True;3
1621262642000;11619313;154.067;154.087;154.077;2;T;True;3
1621262643000;11619317;154.053;154.073;154.063;3;T;True;3
1621262644000;11619318;154.053;154.073;154.063;0;T;True;3
1621262645000;11619322;154.051;154.071;154.061;3;T;True;3
1621262646000;11619323;154.051;154.071;154.061;0;T;True;3
1621262647000;11619324;154.051;154.071;154.061;0;T;True;3
1621262648000;11619325;154.051;154.071;154.061;0;T;True;3
1621262649000;11619329;154.049;154.069;154.059;3;T;True;3
1621262650000;11619331;154.048;154.068;154.058;1;T;True;3
1621262651000;11619332;154.048;154.068;154.058;0;T;True;3
1621262652000;11619335;154.045;154.065;154.055;2;T;True;3
1621262653000;11619337;154.046;154.066;154.056;1;T;True;3
1621262654000;11619339;154.045;154.065;154.055;1;T;True;3
1621262655000;11619342;154.048;154.068;154.058;2;T;True;3
1621262656000;11619347;154.051;154.071;154.061;4;T;True;3
1621262657000;11619348;154.051;154.071;154.061;0;T;True;3
1621262658000;11619349;154.051;154.071;154.061;0;T;True;3
1621262659000;11619350;154.051;154.071;154.061;0;T;True;3
1621262660000;11619354;154.051;154.071;154.061;3;T;True;3
1621262661000;11619355;154.051;154.071;154.061;0;T;True;3
1621262662000;11619358;154.051;154.071;154.061;2;T;True;3
1621262663000;11619360;154.053;154.073;154.063;1;T;True;3
1621262664000;11619363;154.053;154.073;154.063;2;T;True;3
1621262665000;11619367;154.055;154.075;154.065;3;T;True;3
1621262666000;11619370;154.06;154.08;154.07;2;T;True;3
1621262667000;11619373;154.064;154.084;154.074;2;T;True;3
1621262668000;11619374;154.064;154.084;154.074;0;T;True;3
1621262669000;11619376;154.065;154.085;154.075;1;T;True;3
1621262670000;11619378;154.064;154.084;154.074;1;T;True;3
1621262671000;11619382;154.067;154.087;154.077;3;T;True;3
1621262672000;11619383;154.067;154.087;154.077;0;T;True;3
1621262673000;11619384;154.067;154.087;154.077;0;T;True;3
1621262674000;11619386;154.07;154.09;154.08;1;T;True;3
1621262675000;11619387;154.07;154.09;154.08;0;T;True;3
1621262676000;11619388;154.07;154.09;154.08;0;T;True;3
1621262677000;11619389;154.07;154.09;154.08;0;T;True;3
1621262678000;11619390;154.07;154.09;154.08;0;T;True;3
1621262679000;11619391;154.07;154.09;154.08;0;T;True;3
1621262680000;11619392;154.07;154.09;154.08;0;T;True;3
1621262681000;11619393;154.07;154.09;154.08;0;T;True;3
1621262682000;11619394;154.07;154.09;154.08;0;T;True;3
1621262683000;11619395;154.07;154.09;154.08;0;T;True;3
1621262684000;11619398;154.07;154.09;154.08;2;T;True;3
1621262685000;11619399;154.07;154.09;154.08;0;T;True;3
1621262686000;11619401;154.071;154.091;154.081;1;T;True;3
1621262687000;11619403;154.07;154.09;154.08;1;T;True;3
1621262688000;11619407;154.061;154.081;154.071;3;T;True;3
1621262689000;11619408;154.061;154.081;154.071;0;T;True;3
1621262690000;11619409;154.061;154.081;154.071;0;T;True;3
1621262691000;11619412;154.062;154.082;154.072;2;T;True;3
1621262692000;11619413;154.062;154.082;154.072;0;T;True;3
1621262693000;11619414;154.062;154.082;154.072;0;T;True;3
1621262694000;11619415;154.062;154.082;154.072;0;T;True;3
1621262695000;11619416;154.062;154.082;154.072;0;T;True;3
1621262696000;11619418;154.063;154.083;154.073;1;T;True;3
1621262697000;11619420;154.064;154.084;154.074;1;T;True;3
1621262698000;11619421;154.064;154.084;154.074;0;T;True;3
1621262699000;11619423;154.065;154.085;154.075;1;T;True;3
1621262700000;11619424;154.065;154.085;154.075;0;T;True;3
1621262701000;11619428;154.067;154.087;154.077;3;T;True;3
1621262702000;11619430;154.066;154.086;154.076;1;T;True;3
1621262703000;11619433;154.066;154.086;154.076;2;T;True;3
1621262704000;11619435;154.067;154.087;154.077;1;T;True;3
1621262705000;11619440;154.071;154.091;154.081;4;T;True;3
1621262706000;11619441;154.071;154.091;154.081;0;T;True;3
1621262707000;11619442;154.071;154.091;154.081;0;T;True;3
1621262708000;11619444;154.073;154.093;154.083;1;T;True;3
1621262709000;11619445;154.073;154.093;154.083;0;T;True;3
1621262710000;11619446;154.073;154.093;154.083;0;T;True;3
1621262711000;11619448;154.072;154.092;154.082;1;T;True;3
1621262712000;11619449;154.072;154.092;154.082;0;T;True;3
1621262713000;11619452;154.069;154.089;154.079;2;T;True;3
1621262714000;11619453;154.069;154.089;154.079;0;T;True;3
1621262715000;11619456;154.071;154.091;154.081;2;T;True;3
1621262716000;11619457;154.071;154.091;154.081;0;T;True;3
1621262717000;11619459;154.073;154.093;154.083;1;T;True;3
1621262718000;11619462;154.076;154.096;154.086;2;T;True;3
1621262719000;11619463;154.076;154.096;154.086;0;T;True;3
1621262720000;11619465;154.073;154.093;154.083;1;T;True;3
1621262721000;11619466;154.073;154.093;154.083;0;T;True;3
1621262722000;11619468;154.07;154.09;154.08;1;T;True;3
1621262723000;11619470;154.068;154.088;154.078;1;T;True;3
1621262724000;11619472;154.069;154.089;154.079;1;T;True;3
1621262725000;11619473;154.069;154.089;154.079;0;T;True;3
1621262726000;11619474;154.069;154.089;154.079;0;T;True;3
1621262727000;11619475;154.069;154.089;154.079;0;T;True;3
1621262728000;11619476;154.069;154.089;154.079;0;T;True;3
1621262729000;11619478;154.071;154.091;154.081;1;T;True;3
1621262730000;11619483;154.073;154.093;154.083;4;T;True;3
1621262731000;11619489;154.065;154.085;154.075;5;T;True;3
1621262732000;11619492;154.065;154.085;154.075;2;T;True;3
1621262733000;11619493;154.065;154.085;154.075;0;T;True;3
1621262734000;11619494;154.065;154.085;154.075;0;T;True;3
1621262735000;11619495;154.065;154.085;154.075;0;T;True;3
1621262736000;11619497;154.062;154.082;154.072;1;T;True;3
1621262737000;11619499;154.061;154.081;154.071;1;T;True;3
1621262738000;11619502;154.056;154.076;154.066;2;T;True;3
1621262739000;11619503;154.056;154.076;154.066;0;T;True;3
1621262740000;11619506;154.049;154.069;154.059;2;T;True;3
1621262741000;11619512;154.036;154.056;154.046;5;T;True;3
1621262742000;11619514;154.037;154.057;154.047;1;T;True;3
1621262743000;11619516;154.039;154.059;154.049;1;T;True;3
1621262744000;11619522;154.045;154.065;154.055;5;T;True;3
1621262745000;11619523;154.045;154.065;154.055;0;T;True;3
1621262746000;11619526;154.045;154.065;154.055;2;T;True;3
1621262747000;11619527;154.045;154.065;154.055;0;T;True;3
1621262748000;11619530;154.041;154.061;154.051;2;T;True;3
1621262749000;11619533;154.045;154.065;154.055;2;T;True;3
1621262750000;11619537;154.046;154.066;154.056;3;T;True;3
1621262751000;11619540;154.049;154.069;154.059;2;T;True;3
1621262752000;11619541;154.049;154.069;154.059;0;T;True;3
1621262753000;11619545;154.055;154.075;154.065;3;T;True;3
1621262754000;11619547;154.053;154.073;154.063;1;T;True;3
1621262755000;11619550;154.052;154.072;154.062;2;T;True;3
1621262756000;11619558;154.06;154.08;154.07;7;T;True;3
1621262757000;11619563;154.061;154.081;154.071;4;T;True;3
1621262758000;11619564;154.061;154.081;154.071;0;T;True;3
1621262759000;11619565;154.061;154.081;154.071;0;T;True;3
1621262760000;11619567;154.062;154.082;154.072;1;T;True;3
1621262761000;11619573;154.071;154.091;154.081;5;T;True;3
1621262762000;11619574;154.071;154.091;154.081;0;T;True;3
1621262763000;11619575;154.071;154.091;154.081;0;T;True;3
1621262764000;11619577;154.073;154.093;154.083;1;T;True;3
1621262765000;11619582;154.085;154.105;154.095;4;T;True;3
1621262766000;11619584;154.088;154.108;154.098;1;T;True;3
1621262767000;11619587;154.087;154.107;154.097;2;T;True;3
1621262768000;11619591;154.08;154.1;154.09;3;T;True;3
1621262769000;11619592;154.08;154.1;154.09;0;T;True;3
1621262770000;11619595;154.079;154.099;154.089;2;T;True;3
1621262771000;11619596;154.079;154.099;154.089;0;T;True;3
1621262772000;11619598;154.077;154.097;154.087;1;T;True;3
1621262773000;11619599;154.077;154.097;154.087;0;T;True;3
1621262774000;11619602;154.073;154.093;154.083;2;T;True;3
1621262775000;11619603;154.073;154.093;154.083;0;T;True;3
1621262776000;11619604;154.073;154.093;154.083;0;T;True;3
1621262777000;11619606;154.069;154.089;154.079;1;T;True;3
1621262778000;11619607;154.069;154.089;154.079;0;T;True;3
1621262779000;11619608;154.069;154.089;154.079;0;T;True;3
1621262780000;11619609;154.069;154.089;154.079;0;T;True;3
1621262781000;11619610;154.069;154.089;154.079;0;T;True;3
1621262782000;11619611;154.069;154.089;154.079;0;T;True;3
1621262783000;11619615;154.069;154.089;154.079;3;T;True;3
1621262784000;11619617;154.067;154.087;154.077;1;T;True;3
1621262785000;11619618;154.067;154.087;154.077;0;T;True;3
1621262786000;11619619;154.067;154.087;154.077;0;T;True;3
1621262787000;11619620;154.067;154.087;154.077;0;T;True;3
1621262788000;11619621;154.067;154.087;154.077;0;T;True;3
1621262789000;11619622;154.067;154.087;154.077;0;T;True;3
1621262790000;11619623;154.067;154.087;154.077;0;T;True;3
1621262791000;11619624;154.067;154.087;154.077;0;T;True;3
1621262792000;11619625;154.067;154.087;154.077;0;T;True;3
1621262793000;11619626;154.067;154.087;154.077;0;T;True;3
1621262794000;11619627;154.067;154.087;154.077;0;T;True;3
1621262795000;11619629;154.064;154.084;154.074;1;T;True;3
1621262796000;11619631;154.063;154.083;154.073;1;T;True;3
1621262797000;11619632;154.063;154.083;154.073;0;T;True;3
1621262798000;11619633;154.063;154.083;154.073;0;T;True;3
1621262799000;11619634;154.063;154.083;154.073;0;T;True;3
1621262800000;11619638;154.059;154.079;154.069;3;T;True;3
1621262801000;11619639;154.059;154.079;154.069;0;T;True;3
1621262802000;11619640;154.059;154.079;154.069;0;T;True;3
1621262803000;11619641;154.059;154.079;154.069;0;T;True;3
1621262804000;11619642;154.059;154.079;154.069;0;T;True;3
1621262805000;11619643;154.059;154.079;154.069;0;T;True;3
1621262806000;11619644;154.059;154.079;154.069;0;T;True;3
1621262807000;11619649;154.049;154.069;154.059;4;T;True;3
1621262808000;11619650;154.049;154.069;154.059;0;T;True;3
1621262809000;11619652;154.047;154.067;154.057;1;T;True;3
1621262810000;11619655;154.041;154.061;154.051;2;T;True;3
1621262811000;11619658;154.041;154.061;154.051;2;T;True;3
1621262812000;11619659;154.041;154.061;154.051;0;T;True;3
1621262813000;11619660;154.041;154.061;154.051;0;T;True;3
1621262814000;11619661;154.041;154.061;154.051;0;T;True;3
1621262815000;11619663;154.043;154.063;154.053;1;T;True;3
1621262816000;11619664;154.043;154.063;154.053;0;T;True;3
1621262817000;11619665;154.043;154.063;154.053;0;T;True;3
1621262818000;11619666;154.043;154.063;154.053;0;T;True;3
1621262819000;11619668;154.041;154.061;154.051;1;T;True;3
1621262820000;11619672;154.051;154.071;154.061;3;T;True;3
1621262821000;11619679;154.06;154.08;154.07;6;T;True;3
1621262822000;11619681;154.062;154.082;154.072;1;T;True;3
1621262823000;11619683;154.063;154.083;154.073;1;T;True;3
1621262824000;11619684;154.063;154.083;154.073;0;T;True;3
1621262825000;11619686;154.061;154.081;154.071;1;T;True;3
1621262826000;11619687;154.061;154.081;154.071;0;T;True;3
1621262827000;11619688;154.061;154.081;154.071;0;T;True;3
1621262828000;11619690;154.06;154.08;154.07;1;T;True;3
1621262829000;11619691;154.06;154.08;154.07;0;T;True;3
1621262830000;11619693;154.059;154.079;154.069;1;T;True;3
1621262831000;11619694;154.059;154.079;154.069;0;T;True;3
1621262832000;11619695;154.059;154.079;154.069;0;T;True;3
1621262833000;11619696;154.059;154.079;154.069;0;T;True;3
1621262834000;11619697;154.059;154.079;154.069;0;T;True;3
1621262835000;11619700;154.052;154.072;154.062;2;T;True;3
1621262836000;11619702;154.051;154.071;154.061;1;T;True;3
1621262837000;11619703;154.051;154.071;154.061;0;T;True;3
1621262838000;11619704;154.051;154.071;154.061;0;T;True;3
1621262839000;11619708;154.047;154.067;154.057;3;T;True;3
1621262840000;11619713;154.036;154.056;154.046;4;T;True;3
1621262841000;11619714;154.036;154.056;154.046;0;T;True;3
1621262842000;11619715;154.036;154.056;154.046;0;T;True;3
1621262843000;11619716;154.036;154.056;154.046;0;T;True;3
1621262844000;11619717;154.036;154.056;154.046;0;T;True;3
1621262845000;11619719;154.035;154.055;154.045;1;T;True;3
1621262846000;11619723;154.039;154.059;154.049;3;T;True;3
1621262847000;11619725;154.038;154.058;154.048;1;T;True;3
1621262848000;11619727;154.036;154.056;154.046;1;T;True;3
1621262849000;11619733;154.043;154.063;154.053;5;T;True;3
1621262850000;11619737;154.047;154.067;154.057;3;T;True;3
1621262851000;11619742;154.056;154.076;154.066;4;T;True;3
1621262852000;11619743;154.056;154.076;154.066;0;T;True;3
1621262853000;11619746;154.057;154.077;154.067;2;T;True;3
1621262854000;11619747;154.057;154.077;154.067;0;T;True;3
1621262855000;11619748;154.057;154.077;154.067;0;T;True;3
1621262856000;11619751;154.057;154.077;154.067;2;T;True;3
1621262857000;11619753;154.058;154.078;154.068;1;T;True;3
1621262858000;11619756;154.06;154.08;154.07;2;T;True;3
1621262859000;11619759;154.056;154.076;154.066;2;T;True;3
1621262860000;11619761;154.055;154.075;154.065;1;T;True;3
1621262861000;11619763;154.052;154.072;154.062;1;T;True;3
1621262862000;11619765;154.053;154.073;154.063;1;T;True;3
1621262863000;11619766;154.053;154.073;154.063;0;T;True;3
1621262864000;11619769;154.053;154.073;154.063;2;T;True;3
1621262865000;11619771;154.052;154.072;154.062;1;T;True;3
1621262866000;11619773;154.049;154.069;154.059;1;T;True;3
1621262867000;11619776;154.047;154.067;154.057;2;T;True;3
1621262868000;11619777;154.047;154.067;154.057;0;T;True;3
1621262869000;11619782;154.057;154.077;154.067;4;T;True;3
1621262870000;11619783;154.057;154.077;154.067;0;T;True;3
1621262871000;11619786;154.053;154.073;154.063;2;T;True;3
1621262872000;11619790;154.043;154.063;154.053;3;T;True;3
1621262873000;11619791;154.043;154.063;154.053;0;T;True;3
1621262874000;11619793;154.042;154.062;154.052;1;T;True;3
1621262875000;11619796;154.042;154.062;154.052;2;T;True;3
1621262876000;11619799;154.045;154.065;154.055;2;T;True;3
1621262877000;11619800;154.045;154.065;154.055;0;T;True;3
1621262878000;11619801;154.045;154.065;154.055;0;T;True;3
1621262879000;11619802;154.045;154.065;154.055;0;T;True;3
1621262880000;11619804;154.043;154.063;154.053;1;T;True;3
1621262881000;11619805;154.043;154.063;154.053;0;T;True;3
1621262882000;11619808;154.044;154.064;154.054;2;T;True;3
1621262883000;11619812;154.043;154.063;154.053;3;T;True;3
1621262884000;11619815;154.045;154.065;154.055;2;T;True;3
1621262885000;11619817;154.042;154.062;154.052;1;T;True;3
1621262886000;11619819;154.041;154.061;154.051;1;T;True;3
1621262887000;11619820;154.041;154.061;154.051;0;T;True;3
1621262888000;11619821;154.041;154.061;154.051;0;T;True;3
1621262889000;11619822;154.041;154.061;154.051;0;T;True;3
1621262890000;11619827;154.025;154.045;154.035;4;T;True;3
1621262891000;11619834;154.029;154.049;154.039;6;T;True;3
1621262892000;11619836;154.03;154.05;154.04;1;T;True;3
1621262893000;11619837;154.03;154.05;154.04;0;T;True;3
1621262894000;11619841;154.029;154.049;154.039;3;T;True;3
1621262895000;11619844;154.029;154.049;154.039;2;T;True;3
1621262896000;11619845;154.029;154.049;154.039;0;T;True;3
1621262897000;11619846;154.029;154.049;154.039;0;T;True;3
1621262898000;11619849;154.027;154.047;154.037;2;T;True;3
1621262899000;11619850;154.027;154.047;154.037;0;T;True;3
1621262900000;11619853;154.036;154.056;154.046;2;T;True;3
1621262901000;11619854;154.036;154.056;154.046;0;T;True;3
1621262902000;11619856;154.039;154.059;154.049;1;T;True;3
1621262903000;11619857;154.039;154.059;154.049;0;T;True;3
1621262904000;11619858;154.039;154.059;154.049;0;T;True;3
1621262905000;11619859;154.039;154.059;154.049;0;T;True;3
1621262906000;11619861;154.035;154.055;154.045;1;T;True;3
1621262907000;11619864;154.035;154.055;154.045;2;T;True;3
1621262908000;11619865;154.035;154.055;154.045;0;T;True;3
1621262909000;11619869;154.037;154.057;154.047;3;T;True;3
1621262910000;11619870;154.037;154.057;154.047;0;T;True;3
1621262911000;11619871;154.037;154.057;154.047;0;T;True;3
1621262912000;11619873;154.035;154.055;154.045;1;T;True;3
1621262913000;11619875;154.037;154.057;154.047;1;T;True;3
1621262914000;11619877;154.041;154.061;154.051;1;T;True;3
1621262915000;11619878;154.041;154.061;154.051;0;T;True;3
1621262916000;11619883;154.047;154.067;154.057;4;T;True;3
1621262917000;11619886;154.048;154.068;154.058;2;T;True;3
1621262918000;11619889;154.051;154.071;154.061;2;T;True;3
1621262919000;11619892;154.052;154.072;154.062;2;T;True;3
1621262920000;11619893;154.052;154.072;154.062;0;T;True;3
1621262921000;11619900;154.072;154.092;154.082;6;T;True;3
1621262922000;11619902;154.073;154.093;154.083;1;T;True;3
1621262923000;11619903;154.073;154.093;154.083;0;T;True;3
1621262924000;11619910;154.079;154.099;154.089;6;T;True;3
1621262925000;11619911;154.079;154.099;154.089;0;T;True;3
1621262926000;11619915;154.074;154.094;154.084;3;T;True;3
1621262927000;11619918;154.077;154.097;154.087;2;T;True;3
1621262928000;11619919;154.077;154.097;154.087;0;T;True;3
1621262929000;11619920;154.077;154.097;154.087;0;T;True;3
1621262930000;11619923;154.071;154.091;154.081;2;T;True;3
1621262931000;11619927;154.069;154.089;154.079;3;T;True;3
1621262932000;11619933;154.053;154.073;154.063;5;T;True;3
1621262933000;11619934;154.053;154.073;154.063;0;T;True;3
1621262934000;11619935;154.053;154.073;154.063;0;T;True;3
1621262935000;11619936;154.053;154.073;154.063;0;T;True;3
1621262936000;11619937;154.053;154.073;154.063;0;T;True;3
1621262937000;11619938;154.053;154.073;154.063;0;T;True;3
1621262938000;11619940;154.055;154.075;154.065;1;T;True;3
1621262939000;11619941;154.055;154.075;154.065;0;T;True;3
1621262940000;11619943;154.057;154.077;154.067;1;T;True;3
1621262941000;11619947;154.059;154.079;154.069;3;T;True;3
1621262942000;11619950;154.059;154.079;154.069;2;T;True;3
1621262943000;11619954;154.044;154.064;154.054;3;T;True;3
1621262944000;11619958;154.046;154.066;154.056;3;T;True;3
1621262945000;11619961;154.053;154.073;154.063;2;T;True;3
1621262946000;11619965;154.049;154.069;154.059;3;T;True;3
1621262947000;11619967;154.051;154.071;154.061;1;T;True;3
1621262948000;11619968;154.051;154.071;154.061;0;T;True;3
1621262949000;11619973;154.054;154.074;154.064;4;T;True;3
1621262950000;11619976;154.06;154.08;154.07;2;T;True;3
1621262951000;11619978;154.061;154.081;154.071;1;T;True;3
1621262952000;11619980;154.062;154.082;154.072;1;T;True;3
1621262953000;11619981;154.062;154.082;154.072;0;T;True;3
1621262954000;11619983;154.064;154.084;154.074;1;T;True;3
1621262955000;11619985;154.065;154.085;154.075;1;T;True;3
1621262956000;11619987;154.066;154.086;154.076;1;T;True;3
1621262957000;11619988;154.066;154.086;154.076;0;T;True;3
1621262958000;11619989;154.066;154.086;154.076;0;T;True;3
1621262959000;11619991;154.067;154.087;154.077;1;T;True;3
1621262960000;11619992;154.067;154.087;154.077;0;T;True;3
1621262961000;11619993;154.067;154.087;154.077;0;T;True;3
1621262962000;11620000;154.077;154.097;154.087;6;T;True;3
1621262963000;11620003;154.081;154.101;154.091;2;T;True;3
1621262964000;11620005;154.079;154.099;154.089;1;T;True;3
1621262965000;11620008;154.085;154.105;154.095;2;T;True;3
1621262966000;11620010;154.084;154.104;154.094;1;T;True;3
1621262967000;11620013;154.086;154.106;154.096;2;T;True;3
1621262968000;11620014;154.086;154.106;154.096;0;T;True;3
1621262969000;11620015;154.086;154.106;154.096;0;T;True;3
1621262970000;11620016;154.086;154.106;154.096;0;T;True;3
1621262971000;11620020;154.087;154.107;154.097;3;T;True;3
1621262972000;11620021;154.087;154.107;154.097;0;T;True;3
1621262973000;11620022;154.087;154.107;154.097;0;T;True;3
1621262974000;11620026;154.081;154.101;154.091;3;T;True;3
1621262975000;11620027;154.081;154.101;154.091;0;T;True;3
1621262976000;11620028;154.081;154.101;154.091;0;T;True;3
1621262977000;11620029;154.081;154.101;154.091;0;T;True;3
1621262978000;11620030;154.081;154.101;154.091;0;T;True;3
1621262979000;11620033;154.077;154.097;154.087;2;T;True;3
1621262980000;11620036;154.071;154.091;154.081;2;T;True;3
1621262981000;11620038;154.067;154.087;154.077;1;T;True;3
1621262982000;11620042;154.061;154.081;154.071;3;T;True;3
1621262983000;11620043;154.061;154.081;154.071;0;T;True;3
1621262984000;11620046;154.056;154.076;154.066;2;T;True;3
1621262985000;11620047;154.056;154.076;154.066;0;T;True;3
1621262986000;11620049;154.057;154.077;154.067;1;T;True;3
1621262987000;11620050;154.057;154.077;154.067;0;T;True;3
1621262988000;11620053;154.057;154.077;154.067;2;T;True;3
1621262989000;11620055;154.058;154.078;154.068;1;T;True;3
1621262990000;11620059;154.062;154.082;154.072;3;T;True;3
1621262991000;11620064;154.069;154.089;154.079;4;T;True;3
1621262992000;11620067;154.073;154.093;154.083;2;T;True;3
1621262993000;11620068;154.073;154.093;154.083;0;T;True;3
1621262994000;11620069;154.073;154.093;154.083;0;T;True;3
1621262995000;11620070;154.073;154.093;154.083;0;T;True;3
1621262996000;11620076;154.081;154.101;154.091;5;T;True;3
1621262997000;11620080;154.079;154.099;154.089;3;T;True;3
1621262998000;11620082;154.075;154.095;154.085;1;T;True;3
1621262999000;11620084;154.074;154.094;154.084;1;T;True;3
1621263000000;11620087;154.078;154.098;154.088;2;T;True;3
1621263001000;11620089;154.079;154.099;154.089;1;T;True;3
1621263002000;11620090;154.079;154.099;154.089;0;T;True;3
1621263003000;11620091;154.079;154.099;154.089;0;T;True;3
1621263004000;11620093;154.077;154.097;154.087;1;T;True;3
1621263005000;11620100;154.085;154.105;154.095;6;T;True;3
1621263006000;11620103;154.083;154.103;154.093;2;T;True;3
1621263007000;11620104;154.083;154.103;154.093;0;T;True;3
1621263008000;11620107;154.085;154.105;154.095;2;T;True;3
1621263009000;11620111;154.076;154.096;154.086;3;T;True;3
1621263010000;11620112;154.076;154.096;154.086;0;T;True;3
1621263011000;11620113;154.076;154.096;154.086;0;T;True;3
1621263012000;11620117;154.073;154.093;154.083;3;T;True;3
1621263013000;11620118;154.073;154.093;154.083;0;T;True;3
1621263014000;11620119;154.073;154.093;154.083;0;T;True;3
1621263015000;11620120;154.073;154.093;154.083;0;T;True;3
1621263016000;11620124;154.071;154.091;154.081;3;T;True;3
1621263017000;11620125;154.071;154.091;154.081;0;T;True;3
1621263018000;11620129;154.068;154.088;154.078;3;T;True;3
1621263019000;11620132;154.069;154.089;154.079;2;T;True;3
1621263020000;11620137;154.087;154.107;154.097;4;T;True;3
1621263021000;11620146;154.098;154.118;154.108;8;T;True;3
1621263022000;11620147;154.098;154.118;154.108;0;T;True;3
1621263023000;11620151;154.101;154.121;154.111;3;T;True;3
1621263024000;11620159;154.089;154.109;154.099;7;T;True;3
1621263025000;11620163;154.089;154.109;154.099;3;T;True;3
1621263026000;11620166;154.082;154.102;154.092;2;T;True;3
1621263027000;11620167;154.082;154.102;154.092;0;T;True;3
1621263028000;11620168;154.082;154.102;154.092;0;T;True;3
1621263029000;11620169;154.082;154.102;154.092;0;T;True;3
1621263030000;11620171;154.081;154.101;154.091;1;T;True;3
1621263031000;11620175;154.082;154.102;154.092;3;T;True;3
1621263032000;11620178;154.082;154.102;154.092;2;T;True;3
1621263033000;11620180;154.081;154.101;154.091;1;T;True;3
1621263034000;11620183;154.077;154.097;154.087;2;T;True;3
1621263035000;11620185;154.078;154.098;154.088;1;T;True;3
1621263036000;11620187;154.079;154.099;154.089;1;T;True;3
1621263037000;11620190;154.083;154.103;154.093;2;T;True;3
1621263038000;11620191;154.083;154.103;154.093;0;T;True;3
1621263039000;11620192;154.083;154.103;154.093;0;T;True;3
1621263040000;11620194;154.082;154.102;154.092;1;T;True;3
1621263041000;11620195;154.082;154.102;154.092;0;T;True;3
1621263042000;11620197;154.083;154.103;154.093;1;T;True;3
1621263043000;11620198;154.083;154.103;154.093;0;T;True;3
1621263044000;11620200;154.082;154.102;154.092;1;T;True;3
1621263045000;11620203;154.082;154.102;154.092;2;T;True;3
1621263046000;11620206;154.084;154.104;154.094;2;T;True;3
1621263047000;11620211;154.084;154.104;154.094;4;T;True;3
1621263048000;11620213;154.085;154.105;154.095;1;T;True;3
1621263049000;11620215;154.086;154.106;154.096;1;T;True;3
1621263050000;11620219;154.085;154.105;154.095;3;T;True;3
1621263051000;11620222;154.082;154.102;154.092;2;T;True;3
1621263052000;11620224;154.085;154.105;154.095;1;T;True;3
1621263053000;11620226;154.083;154.103;154.093;1;T;True;3
1621263054000;11620227;154.083;154.103;154.093;0;T;True;3
1621263055000;11620230;154.085;154.105;154.095;2;T;True;3
1621263056000;11620231;154.085;154.105;154.095;0;T;True;3
1621263057000;11620232;154.085;154.105;154.095;0;T;True;3
1621263058000;11620234;154.081;154.101;154.091;1;T;True;3
1621263059000;11620235;154.081;154.101;154.091;0;T;True;3
1621263060000;11620236;154.081;154.101;154.091;0;T;True;3
1621263061000;11620238;154.082;154.102;154.092;1;T;True;3
1621263062000;11620241;154.082;154.102;154.092;2;T;True;3
1621263063000;11620244;154.084;154.104;154.094;2;T;True;3
1621263064000;11620247;154.084;154.104;154.094;2;T;True;3
1621263065000;11620248;154.084;154.104;154.094;0;T;True;3
1621263066000;11620250;154.085;154.105;154.095;1;T;True;3
1621263067000;11620252;154.086;154.106;154.096;1;T;True;3
1621263068000;11620253;154.086;154.106;154.096;0;T;True;3
1621263069000;11620254;154.086;154.106;154.096;0;T;True;3
1621263070000;11620259;154.085;154.105;154.095;4;T;True;3
1621263071000;11620262;154.085;154.105;154.095;2;T;True;3
1621263072000;11620263;154.085;154.105;154.095;0;T;True;3
1621263073000;11620269;154.089;154.109;154.099;5;T;True;3
1621263074000;11620270;154.089;154.109;154.099;0;T;True;3
1621263075000;11620273;154.084;154.104;154.094;2;T;True;3
1621263076000;11620275;154.083;154.103;154.093;1;T;True;3
1621263077000;11620277;154.082;154.102;154.092;1;T;True;3
1621263078000;11620278;154.082;154.102;154.092;0;T;True;3
1621263079000;11620283;154.073;154.093;154.083;4;T;True;3
1621263080000;11620287;154.075;154.095;154.085;3;T;True;3
1621263081000;11620291;154.07;154.09;154.08;3;T;True;3
1621263082000;11620294;154.067;154.087;154.077;2;T;True;3
1621263083000;11620295;154.067;154.087;154.077;0;T;True;3
1621263084000;11620297;154.072;154.092;154.082;1;T;True;3
1621263085000;11620299;154.071;154.091;154.081;1;T;True;3
1621263086000;11620300;154.071;154.091;154.081;0;T;True;3
1621263087000;11620303;154.068;154.088;154.078;2;T;True;3
1621263088000;11620305;154.067;154.087;154.077;1;T;True;3
1621263089000;11620306;154.067;154.087;154.077;0;T;True;3
1621263090000;11620310;154.079;154.099;154.089;3;T;True;3
1621263091000;11620312;154.077;154.097;154.087;1;T;True;3
1621263092000;11620314;154.079;154.099;154.089;1;T;True;3
1621263093000;11620319;154.083;154.103;154.093;4;T;True;3
1621263094000;11620320;154.083;154.103;154.093;0;T;True;3
1621263095000;11620321;154.083;154.103;154.093;0;T;True;3
1621263096000;11620322;154.083;154.103;154.093;0;T;True;3
1621263097000;11620325;154.084;154.104;154.094;2;T;True;3
1621263098000;11620329;154.087;154.107;154.097;3;T;True;3
1621263099000;11620330;154.087;154.107;154.097;0;T;True;3
1621263100000;11620331;154.087;154.107;154.097;0;T;True;3
1621263101000;11620333;154.088;154.108;154.098;1;T;True;3
1621263102000;11620336;154.084;154.104;154.094;2;T;True;3
1621263103000;11620339;154.082;154.102;154.092;2;T;True;3
1621263104000;11620340;154.082;154.102;154.092;0;T;True;3
1621263105000;11620343;154.083;154.103;154.093;2;T;True;3
1621263106000;11620345;154.085;154.105;154.095;1;T;True;3
1621263107000;11620346;154.085;154.105;154.095;0;T;True;3
1621263108000;11620347;154.085;154.105;154.095;0;T;True;3
1621263109000;11620348;154.085;154.105;154.095;0;T;True;3
1621263110000;11620351;154.092;154.112;154.102;2;T;True;3
1621263111000;11620354;154.095;154.115;154.105;2;T;True;3
1621263112000;11620358;154.099;154.119;154.109;3;T;True;3
1621263113000;11620361;154.095;154.115;154.105;2;T;True;3
1621263114000;11620362;154.095;154.115;154.105;0;T;True;3
1621263115000;11620366;154.095;154.115;154.105;3;T;True;3
1621263116000;11620368;154.091;154.111;154.101;1;T;True;3
1621263117000;11620370;154.089;154.109;154.099;1;T;True;3
1621263118000;11620372;154.085;154.105;154.095;1;T;True;3
1621263119000;11620374;154.083;154.103;154.093;1;T;True;3
1621263120000;11620377;154.08;154.1;154.09;2;T;True;3
1621263121000;11620382;154.075;154.095;154.085;4;T;True;3
1621263122000;11620386;154.073;154.093;154.083;3;T;True;3
1621263123000;11620387;154.073;154.093;154.083;0;T;True;3
1621263124000;11620393;154.066;154.086;154.076;5;T;True;3
1621263125000;11620396;154.061;154.081;154.071;2;T;True;3
1621263126000;11620401;154.066;154.086;154.076;4;T;True;3
1621263127000;11620405;154.07;154.09;154.08;3;T;True;3
1621263128000;11620410;154.076;154.096;154.086;4;T;True;3
1621263129000;11620416;154.079;154.099;154.089;5;T;True;3
1621263130000;11620418;154.077;154.097;154.087;1;T;True;3
1621263131000;11620420;154.079;154.099;154.089;1;T;True;3
1621263132000;11620422;154.075;154.095;154.085;1;T;True;3
1621263133000;11620423;154.075;154.095;154.085;0;T;True;3
1621263134000;11620427;154.076;154.096;154.086;3;T;True;3
1621263135000;11620429;154.074;154.094;154.084;1;T;True;3
1621263136000;11620432;154.076;154.096;154.086;2;T;True;3
1621263137000;11620434;154.077;154.097;154.087;1;T;True;3
1621263138000;11620438;154.08;154.1;154.09;3;T;True;3
1621263139000;11620440;154.079;154.099;154.089;1;T;True;3
1621263140000;11620445;154.075;154.095;154.085;4;T;True;3
1621263141000;11620446;154.075;154.095;154.085;0;T;True;3
1621263142000;11620447;154.075;154.095;154.085;0;T;True;3
1621263143000;11620452;154.061;154.081;154.071;4;T;True;3
1621263144000;11620457;154.063;154.083;154.073;4;T;True;3
1621263145000;11620461;154.059;154.079;154.069;3;T;True;3
1621263146000;11620464;154.057;154.077;154.067;2;T;True;3
1621263147000;11620469;154.053;154.073;154.063;4;T;True;3
1621263148000;11620470;154.053;154.073;154.063;0;T;True;3
1621263149000;11620476;154.056;154.076;154.066;5;T;True;3
1621263150000;11620479;154.055;154.075;154.065;2;T;True;3
1621263151000;11620483;154.05;154.07;154.06;3;T;True;3
1621263152000;11620485;154.049;154.069;154.059;1;T;True;3
1621263153000;11620489;154.053;154.073;154.063;3;T;True;3
1621263154000;11620493;154.053;154.073;154.063;3;T;True;3
1621263155000;11620494;154.053;154.073;154.063;0;T;True;3
1621263156000;11620495;154.053;154.073;154.063;0;T;True;3
1621263157000;11620497;154.055;154.075;154.065;1;T;True;3
1621263158000;11620498;154.055;154.075;154.065;0;T;True;3
1621263159000;11620500;154.054;154.074;154.064;1;T;True;3
1621263160000;11620501;154.054;154.074;154.064;0;T;True;3
1621263161000;11620502;154.054;154.074;154.064;0;T;True;3
1621263162000;11620504;154.052;154.072;154.062;1;T;True;3
1621263163000;11620506;154.053;154.073;154.063;1;T;True;3
1621263164000;11620507;154.053;154.073;154.063;0;T;True;3
1621263165000;11620508;154.053;154.073;154.063;0;T;True;3
1621263166000;11620509;154.053;154.073;154.063;0;T;True;3
1621263167000;11620511;154.049;154.069;154.059;1;T;True;3
1621263168000;11620515;154.05;154.07;154.06;3;T;True;3
1621263169000;11620519;154.043;154.063;154.053;3;T;True;3
1621263170000;11620522;154.037;154.057;154.047;2;T;True;3
1621263171000;11620525;154.032;154.052;154.042;2;T;True;3
1621263172000;11620526;154.032;154.052;154.042;0;T;True;3
1621263173000;11620528;154.033;154.053;154.043;1;T;True;3
1621263174000;11620529;154.033;154.053;154.043;0;T;True;3
1621263175000;11620530;154.033;154.053;154.043;0;T;True;3
1621263176000;11620532;154.035;154.055;154.045;1;T;True;3
1621263177000;11620536;154.037;154.057;154.047;3;T;True;3
1621263178000;11620539;154.043;154.063;154.053;2;T;True;3
1621263179000;11620544;154.053;154.073;154.063;4;T;True;3
1621263180000;11620550;154.056;154.076;154.066;5;T;True;3
1621263181000;11620553;154.059;154.079;154.069;2;T;True;3
1621263182000;11620556;154.056;154.076;154.066;2;T;True;3
1621263183000;11620560;154.062;154.082;154.072;3;T;True;3
1621263184000;11620564;154.058;154.078;154.068;3;T;True;3
1621263185000;11620567;154.058;154.078;154.068;2;T;True;3
1621263186000;11620572;154.056;154.076;154.066;4;T;True;3
1621263187000;11620575;154.056;154.076;154.066;2;T;True;3
1621263188000;11620577;154.055;154.075;154.065;1;T;True;3
1621263189000;11620578;154.055;154.075;154.065;0;T;True;3
1621263190000;11620580;154.057;154.077;154.067;1;T;True;3
1621263191000;11620581;154.057;154.077;154.067;0;T;True;3
1621263192000;11620582;154.057;154.077;154.067;0;T;True;3
1621263193000;11620583;154.057;154.077;154.067;0;T;True;3
1621263194000;11620584;154.057;154.077;154.067;0;T;True;3
1621263195000;11620586;154.055;154.075;154.065;1;T;True;3
1621263196000;11620588;154.053;154.073;154.063;1;T;True;3
1621263197000;11620589;154.053;154.073;154.063;0;T;True;3
1621263198000;11620591;154.055;154.075;154.065;1;T;True;3
1621263199000;11620593;154.061;154.081;154.071;1;T;True;3
1621263200000;11620594;154.061;154.081;154.071;0;T;True;3
1621263201000;11620598;154.065;154.085;154.075;3;T;True;3
1621263202000;11620601;154.067;154.087;154.077;2;T;True;3
1621263203000;11620603;154.068;154.088;154.078;1;T;True;3
1621263204000;11620604;154.068;154.088;154.078;0;T;True;3
1621263205000;11620608;154.066;154.086;154.076;3;T;True;3
1621263206000;11620614;154.061;154.081;154.071;5;T;True;3
1621263207000;11620615;154.061;154.081;154.071;0;T;True;3
1621263208000;11620616;154.061;154.081;154.071;0;T;True;3
1621263209000;11620617;154.061;154.081;154.071;0;T;True;3
1621263210000;11620618;154.061;154.081;154.071;0;T;True;3
1621263211000;11620622;154.061;154.081;154.071;3;T;True;3
1621263212000;11620626;154.059;154.079;154.069;3;T;True;3
1621263213000;11620628;154.058;154.078;154.068;1;T;True;3
1621263214000;11620631;154.058;154.078;154.068;2;T;True;3
1621263215000;11620632;154.058;154.078;154.068;0;T;True;3
1621263216000;11620633;154.058;154.078;154.068;0;T;True;3
1621263217000;11620634;154.058;154.078;154.068;0;T;True;3
1621263218000;11620635;154.058;154.078;154.068;0;T;True;3
1621263219000;11620637;154.057;154.077;154.067;1;T;True;3
1621263220000;11620641;154.059;154.079;154.069;3;T;True;3
1621263221000;11620644;154.056;154.076;154.066;2;T;True;3
1621263222000;11620646;154.054;154.074;154.064;1;T;True;3
1621263223000;11620648;154.057;154.077;154.067;1;T;True;3
1621263224000;11620649;154.057;154.077;154.067;0;T;True;3
1621263225000;11620652;154.057;154.077;154.067;2;T;True;3
1621263226000;11620655;154.061;154.081;154.071;2;T;True;3
1621263227000;11620659;154.057;154.077;154.067;3;T;True;3
1621263228000;11620665;154.051;154.071;154.061;5;T;True;3
1621263229000;11620669;154.049;154.069;154.059;3;T;True;3
1621263230000;11620671;154.047;154.067;154.057;1;T;True;3
1621263231000;11620672;154.047;154.067;154.057;0;T;True;3
1621263232000;11620673;154.047;154.067;154.057;0;T;True;3
1621263233000;11620674;154.047;154.067;154.057;0;T;True;3
1621263234000;11620677;154.051;154.071;154.061;2;T;True;3
1621263235000;11620679;154.05;154.07;154.06;1;T;True;3
1621263236000;11620681;154.051;154.071;154.061;1;T;True;3
1621263237000;11620684;154.053;154.073;154.063;2;T;True;3
1621263238000;11620690;154.062;154.082;154.072;5;T;True;3
1621263239000;11620692;154.061;154.081;154.071;1;T;True;3
1621263240000;11620696;154.058;154.078;154.068;3;T;True;3
1621263241000;11620699;154.056;154.076;154.066;2;T;True;3
1621263242000;11620702;154.056;154.076;154.066;2;T;True;3
1621263243000;11620704;154.055;154.075;154.065;1;T;True;3
1621263244000;11620709;154.061;154.081;154.071;4;T;True;3
1621263245000;11620710;154.061;154.081;154.071;0;T;True;3
1621263246000;11620715;154.057;154.077;154.067;4;T;True;3
1621263247000;11620721;154.055;154.075;154.065;5;T;True;3
1621263248000;11620723;154.052;154.072;154.062;1;T;True;3
1621263249000;11620726;154.049;154.069;154.059;2;T;True;3
1621263250000;11620729;154.049;154.069;154.059;2;T;True;3
1621263251000;11620737;154.051;154.071;154.061;7;T;True;3
1621263252000;11620739;154.053;154.073;154.063;1;T;True;3
1621263253000;11620743;154.057;154.077;154.067;3;T;True;3
1621263254000;11620745;154.059;154.079;154.069;1;T;True;3
1621263255000;11620746;154.059;154.079;154.069;0;T;True;3
1621263256000;11620748;154.06;154.08;154.07;1;T;True;3
1621263257000;11620749;154.06;154.08;154.07;0;T;True;3
1621263258000;11620751;154.059;154.079;154.069;1;T;True;3
1621263259000;11620753;154.056;154.076;154.066;1;T;True;3
1621263260000;11620757;154.059;154.079;154.069;3;T;True;3
1621263261000;11620760;154.063;154.083;154.073;2;T;True;3
1621263262000;11620764;154.068;154.088;154.078;3;T;True;3
1621263263000;11620768;154.064;154.084;154.074;3;T;True;3
1621263264000;11620771;154.069;154.089;154.079;2;T;True;3
1621263265000;11620774;154.071;154.091;154.081;2;T;True;3
1621263266000;11620775;154.071;154.091;154.081;0;T;True;3
1621263267000;11620779;154.065;154.085;154.075;3;T;True;3
1621263268000;11620782;154.062;154.082;154.072;2;T;True;3
1621263269000;11620784;154.059;154.079;154.069;1;T;True;3
1621263270000;11620785;154.059;154.079;154.069;0;T;True;3
1621263271000;11620786;154.059;154.079;154.069;0;T;True;3
1621263272000;11620790;154.059;154.079;154.069;3;T;True;3
1621263273000;11620793;154.055;154.075;154.065;2;T;True;3
1621263274000;11620794;154.055;154.075;154.065;0;T;True;3
1621263275000;11620796;154.057;154.077;154.067;1;T;True;3
1621263276000;11620803;154.048;154.068;154.058;6;T;True;3
1621263277000;11620806;154.045;154.065;154.055;2;T;True;3
1621263278000;11620807;154.045;154.065;154.055;0;T;True;3
1621263279000;11620808;154.045;154.065;154.055;0;T;True;3
1621263280000;11620809;154.045;154.065;154.055;0;T;True;3
1621263281000;11620815;154.029;154.049;154.039;5;T;True;3
1621263282000;11620819;154.025;154.045;154.035;3;T;True;3
1621263283000;11620826;154.025;154.045;154.035;6;T;True;3
1621263284000;11620830;154.027;154.047;154.037;3;T;True;3
1621263285000;11620834;154.033;154.053;154.043;3;T;True;3
1621263286000;11620838;154.037;154.057;154.047;3;T;True;3
1621263287000;11620840;154.036;154.056;154.046;1;T;True;3
1621263288000;11620847;154.025;154.045;154.035;6;T;True;3
1621263289000;11620849;154.024;154.044;154.034;1;T;True;3
1621263290000;11620850;154.024;154.044;154.034;0;T;True;3
1621263291000;11620852;154.025;154.045;154.035;1;T;True;3
1621263292000;11620853;154.025;154.045;154.035;0;T;True;3
1621263293000;11620855;154.023;154.043;154.033;1;T;True;3
1621263294000;11620856;154.023;154.043;154.033;0;T;True;3
1621263295000;11620857;154.023;154.043;154.033;0;T;True;3
1621263296000;11620861;154.031;154.051;154.041;3;T;True;3
1621263297000;11620865;154.037;154.057;154.047;3;T;True;3
1621263298000;11620868;154.042;154.062;154.052;2;T;True;3
1621263299000;11620869;154.042;154.062;154.052;0;T;True;3
1621263300000;11620871;154.043;154.063;154.053;1;T;True;3
1621263301000;11620873;154.041;154.061;154.051;1;T;True;3
1621263302000;11620876;154.037;154.057;154.047;2;T;True;3
1621263303000;11620881;154.037;154.057;154.047;4;T;True;3
1621263304000;11620883;154.039;154.059;154.049;1;T;True;3
1621263305000;11620884;154.039;154.059;154.049;0;T;True;3
1621263306000;11620885;154.039;154.059;154.049;0;T;True;3
1621263307000;11620887;154.037;154.057;154.047;1;T;True;3
1621263308000;11620888;154.037;154.057;154.047;0;T;True;3
1621263309000;11620889;154.037;154.057;154.047;0;T;True;3
1621263310000;11620890;154.037;154.057;154.047;0;T;True;3
1621263311000;11620891;154.037;154.057;154.047;0;T;True;3
1621263312000;11620892;154.037;154.057;154.047;0;T;True;3
1621263313000;11620895;154.037;154.057;154.047;2;T;True;3
1621263314000;11620900;154.045;154.065;154.055;4;T;True;3
1621263315000;11620904;154.052;154.072;154.062;3;T;True;3
1621263316000;11620905;154.052;154.072;154.062;0;T;True;3
1621263317000;11620907;154.053;154.073;154.063;1;T;True;3
1621263318000;11620910;154.056;154.076;154.066;2;T;True;3
1621263319000;11620913;154.057;154.077;154.067;2;T;True;3
1621263320000;11620915;154.058;154.078;154.068;1;T;True;3
1621263321000;11620917;154.059;154.079;154.069;1;T;True;3
1621263322000;11620919;154.058;154.078;154.068;1;T;True;3
1621263323000;11620921;154.059;154.079;154.069;1;T;True;3
1621263324000;11620922;154.059;154.079;154.069;0;T;True;3
1621263325000;11620924;154.058;154.078;154.068;1;T;True;3
1621263326000;11620928;154.061;154.081;154.071;3;T;True;3
1621263327000;11620932;154.064;154.084;154.074;3;T;True;3
1621263328000;11620935;154.065;154.085;154.075;2;T;True;3
1621263329000;11620938;154.069;154.089;154.079;2;T;True;3
1621263330000;11620939;154.069;154.089;154.079;0;T;True;3
1621263331000;11620941;154.073;154.093;154.083;1;T;True;3
1621263332000;11620942;154.073;154.093;154.083;0;T;True;3
1621263333000;11620946;154.069;154.089;154.079;3;T;True;3
1621263334000;11620947;154.069;154.089;154.079;0;T;True;3
1621263335000;11620949;154.07;154.09;154.08;1;T;True;3
1621263336000;11620954;154.07;154.09;154.08;4;T;True;3
1621263337000;11620959;154.069;154.089;154.079;4;T;True;3
1621263338000;11620965;154.08;154.1;154.09;5;T;True;3
1621263339000;11620966;154.08;154.1;154.09;0;T;True;3
1621263340000;11620968;154.081;154.101;154.091;1;T;True;3
1621263341000;11620971;154.075;154.095;154.085;2;T;True;3
1621263342000;11620975;154.077;154.097;154.087;3;T;True;3
1621263343000;11620976;154.077;154.097;154.087;0;T;True;3
1621263344000;11620979;154.077;154.097;154.087;2;T;True;3
1621263345000;11620983;154.077;154.097;154.087;3;T;True;3
1621263346000;11620985;154.076;154.096;154.086;1;T;True;3
1621263347000;11620990;154.077;154.097;154.087;4;T;True;3
1621263348000;11620994;154.081;154.101;154.091;3;T;True;3
1621263349000;11620995;154.081;154.101;154.091;0;T;True;3
1621263350000;11620996;154.081;154.101;154.091;0;T;True;3
1621263351000;11620999;154.078;154.098;154.088;2;T;True;3
1621263352000;11621002;154.081;154.101;154.091;2;T;True;3
1621263353000;11621004;154.083;154.103;154.093;1;T;True;3
1621263354000;11621009;154.094;154.114;154.104;4;T;True;3
1621263355000;11621012;154.091;154.111;154.101;2;T;True;3
1621263356000;11621013;154.091;154.111;154.101;0;T;True;3
1621263357000;11621016;154.09;154.11;154.1;2;T;True;3
1621263358000;11621019;154.092;154.112;154.102;2;T;True;3
1621263359000;11621022;154.089;154.109;154.099;2;T;True;3
1621263360000;11621023;154.089;154.109;154.099;0;T;True;3
1621263361000;11621024;154.089;154.109;154.099;0;T;True;3
1621263362000;11621026;154.09;154.11;154.1;1;T;True;3
1621263363000;11621029;154.085;154.105;154.095;2;T;True;3
1621263364000;11621032;154.083;154.103;154.093;2;T;True;3
1621263365000;11621033;154.083;154.103;154.093;0;T;True;3
1621263366000;11621034;154.083;154.103;154.093;0;T;True;3
1621263367000;11621036;154.085;154.105;154.095;1;T;True;3
1621263368000;11621038;154.083;154.103;154.093;1;T;True;3
1621263369000;11621039;154.083;154.103;154.093;0;T;True;3
1621263370000;11621041;154.084;154.104;154.094;1;T;True;3
1621263371000;11621044;154.089;154.109;154.099;2;T;True;3
1621263372000;11621045;154.089;154.109;154.099;0;T;True;3
1621263373000;11621046;154.089;154.109;154.099;0;T;True;3
1621263374000;11621049;154.097;154.117;154.107;2;T;True;3
1621263375000;11621050;154.097;154.117;154.107;0;T;True;3
1621263376000;11621051;154.097;154.117;154.107;0;T;True;3
1621263377000;11621056;154.109;154.129;154.119;4;T;True;3
1621263378000;11621058;154.107;154.127;154.117;1;T;True;3
1621263379000;11621065;154.098;154.118;154.108;6;T;True;3
1621263380000;11621068;154.093;154.113;154.103;2;T;True;3
1621263381000;11621073;154.091;154.111;154.101;4;T;True;3
1621263382000;11621077;154.097;154.117;154.107;3;T;True;3
1621263383000;11621078;154.097;154.117;154.107;0;T;True;3
1621263384000;11621079;154.097;154.117;154.107;0;T;True;3
1621263385000;11621082;154.093;154.113;154.103;2;T;True;3
1621263386000;11621083;154.093;154.113;154.103;0;T;True;3
1621263387000;11621084;154.093;154.113;154.103;0;T;True;3
1621263388000;11621085;154.093;154.113;154.103;0;T;True;3
1621263389000;11621087;154.092;154.112;154.102;1;T;True;3
