ts;n;bid;ask;value;volume;phase;round;active_id
1621227462000;11556185;154.067;154.087;154.077;0;T;True;3
1621227463000;11556186;154.067;154.087;154.077;0;T;True;3
1621227464000;11556187;154.067;154.087;154.077;0;T;True;3
1621227465000;11556188;154.067;154.087;154.077;0;T;True;3
1621227466000;11556189;154.067;154.087;154.077;0;T;True;3
1621227467000;11556190;154.067;154.087;154.077;0;T;True;3
1621227468000;11556191;154.067;154.087;154.077;0;T;True;3
1621227469000;11556192;154.067;154.087;154.077;0;T;True;3
1621227470000;11556193;154.067;154.087;154.077;0;T;True;3
1621227471000;11556194;154.067;154.087;154.077;0;T;True;3
1621227472000;11556195;154.067;154.087;154.077;0;T;True;3
1621227473000;11556196;154.067;154.087;154.077;0;T;True;3
1621227474000;11556198;154.065;154.085;154.075;1;T;True;3
1621227475000;11556199;154.065;154.085;154.075;0;T;True;3
1621227476000;11556200;154.065;154.085;154.075;0;T;True;3
1621227477000;11556201;154.065;154.085;154.075;0;T;True;3
1621227478000;11556202;154.065;154.085;154.075;0;T;True;3
1621227479000;11556204;154.064;154.084;154.074;1;T;True;3
1621227480000;11556206;154.065;154.085;154.075;1;T;True;3
1621227481000;11556207;154.065;154.085;154.075;0;T;True;3
1621227482000;11556208;154.065;154.085;154.075;0;T;True;3
1621227483000;11556209;154.065;154.085;154.075;0;T;True;3
1621227484000;11556210;154.065;154.085;154.075;0;T;True;3
1621227485000;11556211;154.065;154.085;154.075;0;T;True;3
1621227486000;11556212;154.065;154.085;154.075;0;T;True;3
1621227487000;11556213;154.065;154.085;154.075;0;T;True;3
1621227488000;11556214;154.065;154.085;154.075;0;T;True;3
1621227489000;11556215;154.065;154.085;154.075;0;T;True;3
1621227490000;11556216;154.065;154.085;154.075;0;T;True;3
1621227491000;11556217;154.065;154.085;154.075;0;T;True;3
1621227492000;11556220;154.067;154.087;154.077;2;T;True;3
1621227493000;11556221;154.067;154.087;154.077;0;T;True;3
1621227494000;11556223;154.069;154.089;154.079;1;T;True;3
1621227495000;11556227;154.07;154.09;154.08;3;T;True;3
1621227496000;11556229;154.069;154.089;154.079;1;T;True;3
1621227497000;11556230;154.069;154.089;154.079;0;T;True;3
1621227498000;11556231;154.069;154.089;154.079;0;T;True;3
1621227499000;11556233;154.075;154.095;154.085;1;T;True;3
1621227500000;11556237;154.069;154.089;154.079;3;T;True;3
1621227501000;11556238;154.069;154.089;154.079;0;T;True;3
1621227502000;11556241;154.075;154.095;154.085;2;T;True;3
1621227503000;11556243;154.074;154.094;154.084;1;T;True;3
1621227504000;11556246;154.079;154.099;154.089;2;T;True;3
1621227505000;11556247;154.079;154.099;154.089;0;T;True;3
1621227506000;11556249;154.078;154.098;154.088;1;T;True;3
1621227507000;11556250;154.078;154.098;154.088;0;T;True;3
1621227508000;11556252;154.079;154.099;154.089;1;T;True;3
1621227509000;11556253;154.079;154.099;154.089;0;T;True;3
1621227510000;11556255;154.078;154.098;154.088;1;T;True;3
1621227511000;11556256;154.078;154.098;154.088;0;T;True;3
1621227512000;11556257;154.078;154.098;154.088;0;T;True;3
1621227513000;11556258;154.078;154.098;154.088;0;T;True;3
1621227514000;11556259;154.078;154.098;154.088;0;T;True;3
1621227515000;11556262;154.076;154.096;154.086;2;T;True;3
1621227516000;11556263;154.076;154.096;154.086;0;T;True;3
1621227517000;11556264;154.076;154.096;154.086;0;T;True;3
1621227518000;11556265;154.076;154.096;154.086;0;T;True;3
1621227519000;11556266;154.076;154.096;154.086;0;T;True;3
1621227520000;11556269;154.073;154.093;154.083;2;T;True;3
1621227521000;11556272;154.065;154.085;154.075;2;T;True;3
1621227522000;11556274;154.064;154.084;154.074;1;T;True;3
1621227523000;11556275;154.064;154.084;154.074;0;T;True;3
1621227524000;11556276;154.064;154.084;154.074;0;T;True;3
1621227525000;11556280;154.059;154.079;154.069;3;T;True;3
1621227526000;11556282;154.058;154.078;154.068;1;T;True;3
1621227527000;11556285;154.062;154.082;154.072;2;T;True;3
1621227528000;11556286;154.062;154.082;154.072;0;T;True;3
1621227529000;11556287;154.062;154.082;154.072;0;T;True;3
1621227530000;11556288;154.062;154.082;154.072;0;T;True;3
1621227531000;11556289;154.062;154.082;154.072;0;T;True;3
1621227532000;11556290;154.062;154.082;154.072;0;T;True;3
1621227533000;11556291;154.062;154.082;154.072;0;T;True;3
1621227534000;11556294;154.062;154.082;154.072;2;T;True;3
1621227535000;11556295;154.062;154.082;154.072;0;T;True;3
1621227536000;11556297;154.061;154.081;154.071;1;T;True;3
1621227537000;11556298;154.061;154.081;154.071;0;T;True;3
1621227538000;11556299;154.061;154.081;154.071;0;T;True;3
1621227539000;11556300;154.061;154.081;154.071;0;T;True;3
1621227540000;11556301;154.061;154.081;154.071;0;T;True;3
1621227541000;11556302;154.061;154.081;154.071;0;T;True;3
1621227542000;11556303;154.061;154.081;154.071;0;T;True;3
1621227543000;11556305;154.055;154.075;154.065;1;T;True;3
1621227544000;11556306;154.055;154.075;154.065;0;T;True;3
1621227545000;11556307;154.055;154.075;154.065;0;T;True;3
1621227546000;11556308;154.055;154.075;154.065;0;T;True;3
1621227547000;11556309;154.055;154.075;154.065;0;T;True;3
1621227548000;11556310;154.055;154.075;154.065;0;T;True;3
1621227549000;11556311;154.055;154.075;154.065;0;T;True;3
1621227550000;11556314;154.061;154.081;154.071;2;T;True;3
1621227551000;11556315;154.061;154.081;154.071;0;T;True;3
1621227552000;11556316;154.061;154.081;154.071;0;T;True;3
1621227553000;11556318;154.063;154.083;154.073;1;T;True;3
1621227554000;11556319;154.063;154.083;154.073;0;T;True;3
1621227555000;11556320;154.063;154.083;154.073;0;T;True;3
1621227556000;11556322;154.061;154.081;154.071;1;T;True;3
1621227557000;11556323;154.061;154.081;154.071;0;T;True;3
1621227558000;11556324;154.061;154.081;154.071;0;T;True;3
1621227559000;11556325;154.061;154.081;154.071;0;T;True;3
1621227560000;11556326;154.061;154.081;154.071;0;T;True;3
1621227561000;11556327;154.061;154.081;154.071;0;T;True;3
1621227562000;11556328;154.061;154.081;154.071;0;T;True;3
1621227563000;11556329;154.061;154.081;154.071;0;T;True;3
1621227564000;11556330;154.061;154.081;154.071;0;T;True;3
1621227565000;11556331;154.061;154.081;154.071;0;T;True;3
1621227566000;11556332;154.061;154.081;154.071;0;T;True;3
1621227567000;11556333;154.061;154.081;154.071;0;T;True;3
1621227568000;11556334;154.061;154.081;154.071;0;T;True;3
1621227569000;11556335;154.061;154.081;154.071;0;T;True;3
1621227570000;11556336;154.061;154.081;154.071;0;T;True;3
1621227571000;11556337;154.061;154.081;154.071;0;T;True;3
1621227572000;11556338;154.061;154.081;154.071;0;T;True;3
1621227573000;11556341;154.061;154.081;154.071;2;T;True;3
1621227574000;11556342;154.061;154.081;154.071;0;T;True;3
1621227575000;11556343;154.061;154.081;154.071;0;T;True;3
1621227576000;11556344;154.061;154.081;154.071;0;T;True;3
1621227577000;11556345;154.061;154.081;154.071;0;T;True;3
1621227578000;11556346;154.061;154.081;154.071;0;T;True;3
1621227579000;11556347;154.061;154.081;154.071;0;T;True;3
1621227580000;11556348;154.061;154.081;154.071;0;T;True;3
1621227581000;11556349;154.061;154.081;154.071;0;T;True;3
1621227582000;11556350;154.061;154.081;154.071;0;T;True;3
1621227583000;11556355;154.065;154.085;154.075;4;T;True;3
1621227584000;11556358;154.063;154.083;154.073;2;T;True;3
1621227585000;11556360;154.061;154.081;154.071;1;T;True;3
1621227586000;11556361;154.061;154.081;154.071;0;T;True;3
1621227587000;11556363;154.063;154.083;154.073;1;T;True;3
1621227588000;11556364;154.063;154.083;154.073;0;T;True;3
1621227589000;11556365;154.063;154.083;154.073;0;T;True;3
1621227590000;11556366;154.063;154.083;154.073;0;T;True;3
1621227591000;11556367;154.063;154.083;154.073;0;T;True;3
1621227592000;11556368;154.063;154.083;154.073;0;T;True;3
1621227593000;11556369;154.063;154.083;154.073;0;T;True;3
1621227594000;11556371;154.062;154.082;154.072;1;T;True;3
1621227595000;11556372;154.062;154.082;154.072;0;T;True;3
1621227596000;11556375;154.058;154.078;154.068;2;T;True;3
1621227597000;11556376;154.058;154.078;154.068;0;T;True;3
1621227598000;11556377;154.058;154.078;154.068;0;T;True;3
1621227599000;11556380;154.055;154.075;154.065;2;T;True;3
1621227600000;11556381;154.055;154.075;154.065;0;T;True;3
1621227601000;11556382;154.055;154.075;154.065;0;T;True;3
1621227602000;11556383;154.055;154.075;154.065;0;T;True;3
1621227603000;11556384;154.055;154.075;154.065;0;T;True;3
1621227604000;11556386;154.057;154.077;154.067;1;T;True;3
1621227605000;11556388;154.059;154.079;154.069;1;T;True;3
1621227606000;11556389;154.059;154.079;154.069;0;T;True;3
1621227607000;11556390;154.059;154.079;154.069;0;T;True;3
1621227608000;11556391;154.059;154.079;154.069;0;T;True;3
1621227609000;11556392;154.059;154.079;154.069;0;T;True;3
1621227610000;11556393;154.059;154.079;154.069;0;T;True;3
1621227611000;11556394;154.059;154.079;154.069;0;T;True;3
1621227612000;11556395;154.059;154.079;154.069;0;T;True;3
1621227613000;11556396;154.059;154.079;154.069;0;T;True;3
1621227614000;11556397;154.059;154.079;154.069;0;T;True;3
1621227615000;11556398;154.059;154.079;154.069;0;T;True;3
1621227616000;11556399;154.059;154.079;154.069;0;T;True;3
1621227617000;11556402;154.055;154.075;154.065;2;T;True;3
1621227618000;11556405;154.051;154.071;154.061;2;T;True;3
1621227619000;11556406;154.051;154.071;154.061;0;T;True;3
1621227620000;11556407;154.051;154.071;154.061;0;T;True;3
1621227621000;11556408;154.051;154.071;154.061;0;T;True;3
1621227622000;11556410;154.05;154.07;154.06;1;T;True;3
1621227623000;11556411;154.05;154.07;154.06;0;T;True;3
1621227624000;11556412;154.05;154.07;154.06;0;T;True;3
1621227625000;11556413;154.05;154.07;154.06;0;T;True;3
1621227626000;11556414;154.05;154.07;154.06;0;T;True;3
1621227627000;11556415;154.05;154.07;154.06;0;T;True;3
1621227628000;11556416;154.05;154.07;154.06;0;T;True;3
1621227629000;11556417;154.05;154.07;154.06;0;T;True;3
1621227630000;11556418;154.05;154.07;154.06;0;T;True;3
1621227631000;11556419;154.05;154.07;154.06;0;T;True;3
1621227632000;11556422;154.049;154.069;154.059;2;T;True;3
1621227633000;11556423;154.049;154.069;154.059;0;T;True;3
1621227634000;11556424;154.049;154.069;154.059;0;T;True;3
1621227635000;11556426;154.052;154.072;154.062;1;T;True;3
1621227636000;11556427;154.052;154.072;154.062;0;T;True;3
1621227637000;11556428;154.052;154.072;154.062;0;T;True;3
1621227638000;11556429;154.052;154.072;154.062;0;T;True;3
1621227639000;11556430;154.052;154.072;154.062;0;T;True;3
1621227640000;11556431;154.052;154.072;154.062;0;T;True;3
1621227641000;11556432;154.052;154.072;154.062;0;T;True;3
1621227642000;11556435;154.052;154.072;154.062;2;T;True;3
1621227643000;11556437;154.051;154.071;154.061;1;T;True;3
1621227644000;11556438;154.051;154.071;154.061;0;T;True;3
1621227645000;11556439;154.051;154.071;154.061;0;T;True;3
1621227646000;11556440;154.051;154.071;154.061;0;T;True;3
1621227647000;11556441;154.051;154.071;154.061;0;T;True;3
1621227648000;11556442;154.051;154.071;154.061;0;T;True;3
1621227649000;11556444;154.048;154.068;154.058;1;T;True;3
1621227650000;11556447;154.046;154.066;154.056;2;T;True;3
1621227651000;11556448;154.046;154.066;154.056;0;T;True;3
1621227652000;11556449;154.046;154.066;154.056;0;T;True;3
1621227653000;11556451;154.045;154.065;154.055;1;T;True;3
1621227654000;11556452;154.045;154.065;154.055;0;T;True;3
1621227655000;11556453;154.045;154.065;154.055;0;T;True;3
1621227656000;11556454;154.045;154.065;154.055;0;T;True;3
1621227657000;11556455;154.045;154.065;154.055;0;T;True;3
1621227658000;11556456;154.045;154.065;154.055;0;T;True;3
1621227659000;11556457;154.045;154.065;154.055;0;T;True;3
1621227660000;11556458;154.045;154.065;154.055;0;T;True;3
1621227661000;11556459;154.045;154.065;154.055;0;T;True;3
1621227662000;11556460;154.045;154.065;154.055;0;T;True;3
1621227663000;11556461;154.045;154.065;154.055;0;T;True;3
1621227664000;11556465;154.053;154.073;154.063;3;T;True;3
1621227665000;11556466;154.053;154.073;154.063;0;T;True;3
1621227666000;11556467;154.053;154.073;154.063;0;T;True;3
1621227667000;11556468;154.053;154.073;154.063;0;T;True;3
1621227668000;11556469;154.053;154.073;154.063;0;T;True;3
1621227669000;11556470;154.053;154.073;154.063;0;T;True;3
1621227670000;11556471;154.053;154.073;154.063;0;T;True;3
1621227671000;11556472;154.053;154.073;154.063;0;T;True;3
1621227672000;11556473;154.053;154.073;154.063;0;T;True;3
1621227673000;11556475;154.049;154.069;154.059;1;T;True;3
1621227674000;11556477;154.047;154.067;154.057;1;T;True;3
1621227675000;11556483;154.049;154.069;154.059;5;T;True;3
1621227676000;11556485;154.047;154.067;154.057;1;T;True;3
1621227677000;11556486;154.047;154.067;154.057;0;T;True;3
1621227678000;11556487;154.047;154.067;154.057;0;T;True;3
1621227679000;11556488;154.047;154.067;154.057;0;T;True;3
1621227680000;11556490;154.049;154.069;154.059;1;T;True;3
1621227681000;11556493;154.051;154.071;154.061;2;T;True;3
1621227682000;11556495;154.049;154.069;154.059;1;T;True;3
1621227683000;11556496;154.049;154.069;154.059;0;T;True;3
1621227684000;11556497;154.049;154.069;154.059;0;T;True;3
1621227685000;11556498;154.049;154.069;154.059;0;T;True;3
1621227686000;11556500;154.051;154.071;154.061;1;T;True;3
1621227687000;11556504;154.051;154.071;154.061;3;T;True;3
1621227688000;11556505;154.051;154.071;154.061;0;T;True;3
1621227689000;11556506;154.051;154.071;154.061;0;T;True;3
1621227690000;11556507;154.051;154.071;154.061;0;T;True;3
1621227691000;11556509;154.049;154.069;154.059;1;T;True;3
1621227692000;11556510;154.049;154.069;154.059;0;T;True;3
1621227693000;11556511;154.049;154.069;154.059;0;T;True;3
1621227694000;11556512;154.049;154.069;154.059;0;T;True;3
1621227695000;11556513;154.049;154.069;154.059;0;T;True;3
1621227696000;11556514;154.049;154.069;154.059;0;T;True;3
1621227697000;11556515;154.049;154.069;154.059;0;T;True;3
1621227698000;11556516;154.049;154.069;154.059;0;T;True;3
1621227699000;11556517;154.049;154.069;154.059;0;T;True;3
1621227700000;11556520;154.045;154.065;154.055;2;T;True;3
1621227701000;11556521;154.045;154.065;154.055;0;T;True;3
1621227702000;11556522;154.045;154.065;154.055;0;T;True;3
1621227703000;11556523;154.045;154.065;154.055;0;T;True;3
1621227704000;11556524;154.045;154.065;154.055;0;T;True;3
1621227705000;11556525;154.045;154.065;154.055;0;T;True;3
1621227706000;11556526;154.045;154.065;154.055;0;T;True;3
1621227707000;11556527;154.045;154.065;154.055;0;T;True;3
1621227708000;11556528;154.045;154.065;154.055;0;T;True;3
1621227709000;11556529;154.045;154.065;154.055;0;T;True;3
1621227710000;11556530;154.045;154.065;154.055;0;T;True;3
1621227711000;11556531;154.045;154.065;154.055;0;T;True;3
1621227712000;11556532;154.045;154.065;154.055;0;T;True;3
1621227713000;11556535;154.053;154.073;154.063;2;T;True;3
1621227714000;11556536;154.053;154.073;154.063;0;T;True;3
1621227715000;11556537;154.053;154.073;154.063;0;T;True;3
1621227716000;11556538;154.053;154.073;154.063;0;T;True;3
1621227717000;11556541;154.049;154.069;154.059;2;T;True;3
1621227718000;11556542;154.049;154.069;154.059;0;T;True;3
1621227719000;11556543;154.049;154.069;154.059;0;T;True;3
1621227720000;11556544;154.049;154.069;154.059;0;T;True;3
1621227721000;11556546;154.051;154.071;154.061;1;T;True;3
1621227722000;11556547;154.051;154.071;154.061;0;T;True;3
1621227723000;11556548;154.051;154.071;154.061;0;T;True;3
1621227724000;11556551;154.053;154.073;154.063;2;T;True;3
1621227725000;11556554;154.055;154.075;154.065;2;T;True;3
1621227726000;11556555;154.055;154.075;154.065;0;T;True;3
1621227727000;11556556;154.055;154.075;154.065;0;T;True;3
1621227728000;11556557;154.055;154.075;154.065;0;T;True;3
1621227729000;11556558;154.055;154.075;154.065;0;T;True;3
1621227730000;11556561;154.051;154.071;154.061;2;T;True;3
1621227731000;11556562;154.051;154.071;154.061;0;T;True;3
1621227732000;11556563;154.051;154.071;154.061;0;T;True;3
1621227733000;11556564;154.051;154.071;154.061;0;T;True;3
1621227734000;11556565;154.051;154.071;154.061;0;T;True;3
1621227735000;11556566;154.051;154.071;154.061;0;T;True;3
1621227736000;11556567;154.051;154.071;154.061;0;T;True;3
1621227737000;11556568;154.051;154.071;154.061;0;T;True;3
1621227738000;11556569;154.051;154.071;154.061;0;T;True;3
1621227739000;11556570;154.051;154.071;154.061;0;T;True;3
1621227740000;11556571;154.051;154.071;154.061;0;T;True;3
1621227741000;11556572;154.051;154.071;154.061;0;T;True;3
1621227742000;11556574;154.057;154.077;154.067;1;T;True;3
1621227743000;11556576;154.059;154.079;154.069;1;T;True;3
1621227744000;11556578;154.057;154.077;154.067;1;T;True;3
1621227745000;11556579;154.057;154.077;154.067;0;T;True;3
1621227746000;11556581;154.058;154.078;154.068;1;T;True;3
1621227747000;11556583;154.057;154.077;154.067;1;T;True;3
1621227748000;11556584;154.057;154.077;154.067;0;T;True;3
1621227749000;11556585;154.057;154.077;154.067;0;T;True;3
1621227750000;11556587;154.064;154.084;154.074;1;T;True;3
1621227751000;11556589;154.065;154.085;154.075;1;T;True;3
1621227752000;11556590;154.065;154.085;154.075;0;T;True;3
1621227753000;11556591;154.065;154.085;154.075;0;T;True;3
1621227754000;11556593;154.067;154.087;154.077;1;T;True;3
1621227755000;11556594;154.067;154.087;154.077;0;T;True;3
1621227756000;11556595;154.067;154.087;154.077;0;T;True;3
1621227757000;11556596;154.067;154.087;154.077;0;T;True;3
1621227758000;11556599;154.069;154.089;154.079;2;T;True;3
1621227759000;11556601;154.07;154.09;154.08;1;T;True;3
1621227760000;11556602;154.07;154.09;154.08;0;T;True;3
1621227761000;11556604;154.071;154.091;154.081;1;T;True;3
1621227762000;11556605;154.071;154.091;154.081;0;T;True;3
1621227763000;11556606;154.071;154.091;154.081;0;T;True;3
1621227764000;11556607;154.071;154.091;154.081;0;T;True;3
1621227765000;11556608;154.071;154.091;154.081;0;T;True;3
1621227766000;11556609;154.071;154.091;154.081;0;T;True;3
1621227767000;11556610;154.071;154.091;154.081;0;T;True;3
1621227768000;11556611;154.071;154.091;154.081;0;T;True;3
1621227769000;11556612;154.071;154.091;154.081;0;T;True;3
1621227770000;11556613;154.071;154.091;154.081;0;T;True;3
1621227771000;11556614;154.071;154.091;154.081;0;T;True;3
1621227772000;11556615;154.071;154.091;154.081;0;T;True;3
1621227773000;11556616;154.071;154.091;154.081;0;T;True;3
1621227774000;11556618;154.07;154.09;154.08;1;T;True;3
1621227775000;11556620;154.071;154.091;154.081;1;T;True;3
1621227776000;11556624;154.074;154.094;154.084;3;T;True;3
1621227777000;11556625;154.074;154.094;154.084;0;T;True;3
1621227778000;11556626;154.074;154.094;154.084;0;T;True;3
1621227779000;11556630;154.078;154.098;154.088;3;T;True;3
1621227780000;11556633;154.081;154.101;154.091;2;T;True;3
1621227781000;11556636;154.079;154.099;154.089;2;T;True;3
1621227782000;11556637;154.079;154.099;154.089;0;T;True;3
1621227783000;11556638;154.079;154.099;154.089;0;T;True;3
1621227784000;11556640;154.078;154.098;154.088;1;T;True;3
1621227785000;11556641;154.078;154.098;154.088;0;T;True;3
1621227786000;11556642;154.078;154.098;154.088;0;T;True;3
1621227787000;11556644;154.079;154.099;154.089;1;T;True;3
1621227788000;11556645;154.079;154.099;154.089;0;T;True;3
1621227789000;11556646;154.079;154.099;154.089;0;T;True;3
1621227790000;11556647;154.079;154.099;154.089;0;T;True;3
1621227791000;11556648;154.079;154.099;154.089;0;T;True;3
1621227792000;11556650;154.077;154.097;154.087;1;T;True;3
1621227793000;11556651;154.077;154.097;154.087;0;T;True;3
1621227794000;11556652;154.077;154.097;154.087;0;T;True;3
1621227795000;11556653;154.077;154.097;154.087;0;T;True;3
1621227796000;11556654;154.077;154.097;154.087;0;T;True;3
1621227797000;11556655;154.077;154.097;154.087;0;T;True;3
1621227798000;11556656;154.077;154.097;154.087;0;T;True;3
1621227799000;11556658;154.079;154.099;154.089;1;T;True;3
1621227800000;11556659;154.079;154.099;154.089;0;T;True;3
1621227801000;11556660;154.079;154.099;154.089;0;T;True;3
1621227802000;11556661;154.079;154.099;154.089;0;T;True;3
1621227803000;11556662;154.079;154.099;154.089;0;T;True;3
1621227804000;11556664;154.077;154.097;154.087;1;T;True;3
1621227805000;11556666;154.075;154.095;154.085;1;T;True;3
1621227806000;11556667;154.075;154.095;154.085;0;T;True;3
1621227807000;11556668;154.075;154.095;154.085;0;T;True;3
1621227808000;11556672;154.071;154.091;154.081;3;T;True;3
1621227809000;11556674;154.069;154.089;154.079;1;T;True;3
1621227810000;11556675;154.069;154.089;154.079;0;T;True;3
1621227811000;11556676;154.069;154.089;154.079;0;T;True;3
1621227812000;11556677;154.069;154.089;154.079;0;T;True;3
1621227813000;11556678;154.069;154.089;154.079;0;T;True;3
1621227814000;11556679;154.069;154.089;154.079;0;T;True;3
1621227815000;11556682;154.069;154.089;154.079;2;T;True;3
1621227816000;11556683;154.069;154.089;154.079;0;T;True;3
1621227817000;11556684;154.069;154.089;154.079;0;T;True;3
1621227818000;11556685;154.069;154.089;154.079;0;T;True;3
1621227819000;11556686;154.069;154.089;154.079;0;T;True;3
1621227820000;11556687;154.069;154.089;154.079;0;T;True;3
1621227821000;11556688;154.069;154.089;154.079;0;T;True;3
1621227822000;11556689;154.069;154.089;154.079;0;T;True;3
1621227823000;11556690;154.069;154.089;154.079;0;T;True;3
1621227824000;11556691;154.069;154.089;154.079;0;T;True;3
1621227825000;11556692;154.069;154.089;154.079;0;T;True;3
1621227826000;11556693;154.069;154.089;154.079;0;T;True;3
1621227827000;11556694;154.069;154.089;154.079;0;T;True;3
1621227828000;11556695;154.069;154.089;154.079;0;T;True;3
1621227829000;11556696;154.069;154.089;154.079;0;T;True;3
1621227830000;11556697;154.069;154.089;154.079;0;T;True;3
1621227831000;11556698;154.069;154.089;154.079;0;T;True;3
1621227832000;11556699;154.069;154.089;154.079;0;T;True;3
1621227833000;11556700;154.069;154.089;154.079;0;T;True;3
1621227834000;11556701;154.069;154.089;154.079;0;T;True;3
1621227835000;11556702;154.069;154.089;154.079;0;T;True;3
1621227836000;11556703;154.069;154.089;154.079;0;T;True;3
1621227837000;11556704;154.069;154.089;154.079;0;T;True;3
1621227838000;11556705;154.069;154.089;154.079;0;T;True;3
1621227839000;11556706;154.069;154.089;154.079;0;T;True;3
1621227840000;11556707;154.069;154.089;154.079;0;T;True;3
1621227841000;11556708;154.069;154.089;154.079;0;T;True;3
1621227842000;11556709;154.069;154.089;154.079;0;T;True;3
1621227843000;11556710;154.069;154.089;154.079;0;T;True;3
1621227844000;11556711;154.069;154.089;154.079;0;T;True;3
1621227845000;11556713;154.071;154.091;154.081;1;T;True;3
1621227846000;11556714;154.071;154.091;154.081;0;T;True;3
1621227847000;11556715;154.071;154.091;154.081;0;T;True;3
1621227848000;11556716;154.071;154.091;154.081;0;T;True;3
1621227849000;11556717;154.071;154.091;154.081;0;T;True;3
1621227850000;11556718;154.071;154.091;154.081;0;T;True;3
1621227851000;11556719;154.071;154.091;154.081;0;T;True;3
1621227852000;11556720;154.071;154.091;154.081;0;T;True;3
1621227853000;11556721;154.071;154.091;154.081;0;T;True;3
1621227854000;11556722;154.071;154.091;154.081;0;T;True;3
1621227855000;11556723;154.071;154.091;154.081;0;T;True;3
1621227856000;11556724;154.071;154.091;154.081;0;T;True;3
1621227857000;11556726;154.072;154.092;154.082;1;T;True;3
1621227858000;11556727;154.072;154.092;154.082;0;T;True;3
1621227859000;11556728;154.072;154.092;154.082;0;T;True;3
1621227860000;11556729;154.072;154.092;154.082;0;T;True;3
1621227861000;11556731;154.071;154.091;154.081;1;T;True;3
1621227862000;11556732;154.071;154.091;154.081;0;T;True;3
1621227863000;11556733;154.071;154.091;154.081;0;T;True;3
1621227864000;11556734;154.071;154.091;154.081;0;T;True;3
1621227865000;11556737;154.073;154.093;154.083;2;T;True;3
1621227866000;11556738;154.073;154.093;154.083;0;T;True;3
1621227867000;11556739;154.073;154.093;154.083;0;T;True;3
1621227868000;11556740;154.073;154.093;154.083;0;T;True;3
1621227869000;11556741;154.073;154.093;154.083;0;T;True;3
1621227870000;11556742;154.073;154.093;154.083;0;T;True;3
1621227871000;11556747;154.067;154.087;154.077;4;T;True;3
1621227872000;11556749;154.065;154.085;154.075;1;T;True;3
1621227873000;11556750;154.065;154.085;154.075;0;T;True;3
1621227874000;11556751;154.065;154.085;154.075;0;T;True;3
1621227875000;11556752;154.065;154.085;154.075;0;T;True;3
1621227876000;11556753;154.065;154.085;154.075;0;T;True;3
1621227877000;11556754;154.065;154.085;154.075;0;T;True;3
1621227878000;11556755;154.065;154.085;154.075;0;T;True;3
1621227879000;11556756;154.065;154.085;154.075;0;T;True;3
1621227880000;11556757;154.065;154.085;154.075;0;T;True;3
1621227881000;11556758;154.065;154.085;154.075;0;T;True;3
1621227882000;11556759;154.065;154.085;154.075;0;T;True;3
1621227883000;11556760;154.065;154.085;154.075;0;T;True;3
1621227884000;11556761;154.065;154.085;154.075;0;T;True;3
1621227885000;11556762;154.065;154.085;154.075;0;T;True;3
1621227886000;11556764;154.063;154.083;154.073;1;T;True;3
1621227887000;11556765;154.063;154.083;154.073;0;T;True;3
1621227888000;11556766;154.063;154.083;154.073;0;T;True;3
1621227889000;11556767;154.063;154.083;154.073;0;T;True;3
1621227890000;11556768;154.063;154.083;154.073;0;T;True;3
1621227891000;11556769;154.063;154.083;154.073;0;T;True;3
1621227892000;11556771;154.063;154.083;154.073;1;T;True;3
1621227893000;11556772;154.063;154.083;154.073;0;T;True;3
1621227894000;11556773;154.063;154.083;154.073;0;T;True;3
1621227895000;11556774;154.063;154.083;154.073;0;T;True;3
1621227896000;11556775;154.063;154.083;154.073;0;T;True;3
1621227897000;11556776;154.063;154.083;154.073;0;T;True;3
1621227898000;11556777;154.063;154.083;154.073;0;T;True;3
1621227899000;11556779;154.063;154.083;154.073;1;T;True;3
1621227900000;11556780;154.063;154.083;154.073;0;T;True;3
1621227901000;11556781;154.063;154.083;154.073;0;T;True;3
1621227902000;11556782;154.063;154.083;154.073;0;T;True;3
1621227903000;11556783;154.063;154.083;154.073;0;T;True;3
1621227904000;11556784;154.063;154.083;154.073;0;T;True;3
1621227905000;11556785;154.063;154.083;154.073;0;T;True;3
1621227906000;11556786;154.063;154.083;154.073;0;T;True;3
1621227907000;11556787;154.063;154.083;154.073;0;T;True;3
1621227908000;11556788;154.063;154.083;154.073;0;T;True;3
1621227909000;11556789;154.063;154.083;154.073;0;T;True;3
1621227910000;11556790;154.063;154.083;154.073;0;T;True;3
1621227911000;11556792;154.064;154.084;154.074;1;T;True;3
1621227912000;11556793;154.064;154.084;154.074;0;T;True;3
1621227913000;11556794;154.064;154.084;154.074;0;T;True;3
1621227914000;11556795;154.064;154.084;154.074;0;T;True;3
1621227915000;11556796;154.064;154.084;154.074;0;T;True;3
1621227916000;11556797;154.064;154.084;154.074;0;T;True;3
1621227917000;11556798;154.064;154.084;154.074;0;T;True;3
1621227918000;11556800;154.065;154.085;154.075;1;T;True;3
1621227919000;11556801;154.065;154.085;154.075;0;T;True;3
1621227920000;11556802;154.065;154.085;154.075;0;T;True;3
1621227921000;11556803;154.065;154.085;154.075;0;T;True;3
1621227922000;11556804;154.065;154.085;154.075;0;T;True;3
1621227923000;11556805;154.065;154.085;154.075;0;T;True;3
1621227924000;11556806;154.065;154.085;154.075;0;T;True;3
1621227925000;11556807;154.065;154.085;154.075;0;T;True;3
1621227926000;11556809;154.066;154.086;154.076;1;T;True;3
1621227927000;11556810;154.066;154.086;154.076;0;T;True;3
1621227928000;11556811;154.066;154.086;154.076;0;T;True;3
1621227929000;11556812;154.066;154.086;154.076;0;T;True;3
1621227930000;11556814;154.067;154.087;154.077;1;T;True;3
1621227931000;11556815;154.067;154.087;154.077;0;T;True;3
1621227932000;11556816;154.067;154.087;154.077;0;T;True;3
1621227933000;11556817;154.067;154.087;154.077;0;T;True;3
1621227934000;11556818;154.067;154.087;154.077;0;T;True;3
1621227935000;11556819;154.067;154.087;154.077;0;T;True;3
1621227936000;11556822;154.065;154.085;154.075;2;T;True;3
1621227937000;11556823;154.065;154.085;154.075;0;T;True;3
1621227938000;11556824;154.065;154.085;154.075;0;T;True;3
1621227939000;11556825;154.065;154.085;154.075;0;T;True;3
1621227940000;11556826;154.065;154.085;154.075;0;T;True;3
1621227941000;11556827;154.065;154.085;154.075;0;T;True;3
1621227942000;11556828;154.065;154.085;154.075;0;T;True;3
1621227943000;11556829;154.065;154.085;154.075;0;T;True;3
1621227944000;11556830;154.065;154.085;154.075;0;T;True;3
1621227945000;11556831;154.065;154.085;154.075;0;T;True;3
1621227946000;11556832;154.065;154.085;154.075;0;T;True;3
1621227947000;11556833;154.065;154.085;154.075;0;T;True;3
1621227948000;11556834;154.065;154.085;154.075;0;T;True;3
1621227949000;11556835;154.065;154.085;154.075;0;T;True;3
1621227950000;11556836;154.065;154.085;154.075;0;T;True;3
1621227951000;11556837;154.065;154.085;154.075;0;T;True;3
1621227952000;11556838;154.065;154.085;154.075;0;T;True;3
1621227953000;11556839;154.065;154.085;154.075;0;T;True;3
1621227954000;11556840;154.065;154.085;154.075;0;T;True;3
1621227955000;11556844;154.074;154.094;154.084;3;T;True;3
1621227956000;11556845;154.074;154.094;154.084;0;T;True;3
1621227957000;11556846;154.074;154.094;154.084;0;T;True;3
1621227958000;11556847;154.074;154.094;154.084;0;T;True;3
1621227959000;11556850;154.074;154.094;154.084;2;T;True;3
1621227960000;11556851;154.074;154.094;154.084;0;T;True;3
1621227961000;11556853;154.075;154.095;154.085;1;T;True;3
1621227962000;11556854;154.075;154.095;154.085;0;T;True;3
1621227963000;11556855;154.075;154.095;154.085;0;T;True;3
1621227964000;11556856;154.075;154.095;154.085;0;T;True;3
1621227965000;11556862;154.071;154.091;154.081;5;T;True;3
1621227966000;11556864;154.069;154.089;154.079;1;T;True;3
1621227967000;11556867;154.069;154.089;154.079;2;T;True;3
1621227968000;11556868;154.069;154.089;154.079;0;T;True;3
1621227969000;11556869;154.069;154.089;154.079;0;T;True;3
1621227970000;11556870;154.069;154.089;154.079;0;T;True;3
1621227971000;11556871;154.069;154.089;154.079;0;T;True;3
1621227972000;11556873;154.07;154.09;154.08;1;T;True;3
1621227973000;11556875;154.069;154.089;154.079;1;T;True;3
1621227974000;11556876;154.069;154.089;154.079;0;T;True;3
1621227975000;11556877;154.069;154.089;154.079;0;T;True;3
1621227976000;11556878;154.069;154.089;154.079;0;T;True;3
1621227977000;11556879;154.069;154.089;154.079;0;T;True;3
1621227978000;11556881;154.07;154.09;154.08;1;T;True;3
1621227979000;11556882;154.07;154.09;154.08;0;T;True;3
1621227980000;11556883;154.07;154.09;154.08;0;T;True;3
1621227981000;11556884;154.07;154.09;154.08;0;T;True;3
1621227982000;11556886;154.069;154.089;154.079;1;T;True;3
1621227983000;11556888;154.065;154.085;154.075;1;T;True;3
1621227984000;11556889;154.065;154.085;154.075;0;T;True;3
1621227985000;11556890;154.065;154.085;154.075;0;T;True;3
1621227986000;11556891;154.065;154.085;154.075;0;T;True;3
1621227987000;11556892;154.065;154.085;154.075;0;T;True;3
1621227988000;11556893;154.065;154.085;154.075;0;T;True;3
1621227989000;11556894;154.065;154.085;154.075;0;T;True;3
1621227990000;11556895;154.065;154.085;154.075;0;T;True;3
1621227991000;11556896;154.065;154.085;154.075;0;T;True;3
1621227992000;11556898;154.066;154.086;154.076;1;T;True;3
1621227993000;11556899;154.066;154.086;154.076;0;T;True;3
1621227994000;11556900;154.066;154.086;154.076;0;T;True;3
1621227995000;11556901;154.066;154.086;154.076;0;T;True;3
1621227996000;11556902;154.066;154.086;154.076;0;T;True;3
1621227997000;11556904;154.067;154.087;154.077;1;T;True;3
1621227998000;11556905;154.067;154.087;154.077;0;T;True;3
1621227999000;11556906;154.067;154.087;154.077;0;T;True;3
1621228000000;11556907;154.067;154.087;154.077;0;T;True;3
1621228001000;11556908;154.067;154.087;154.077;0;T;True;3
1621228002000;11556909;154.067;154.087;154.077;0;T;True;3
1621228003000;11556910;154.067;154.087;154.077;0;T;True;3
1621228004000;11556911;154.067;154.087;154.077;0;T;True;3
1621228005000;11556912;154.067;154.087;154.077;0;T;True;3
1621228006000;11556913;154.067;154.087;154.077;0;T;True;3
1621228007000;11556916;154.068;154.088;154.078;2;T;True;3
1621228008000;11556917;154.068;154.088;154.078;0;T;True;3
1621228009000;11556918;154.068;154.088;154.078;0;T;True;3
1621228010000;11556921;154.068;154.088;154.078;2;T;True;3
1621228011000;11556922;154.068;154.088;154.078;0;T;True;3
1621228012000;11556923;154.068;154.088;154.078;0;T;True;3
1621228013000;11556924;154.068;154.088;154.078;0;T;True;3
1621228014000;11556926;154.069;154.089;154.079;1;T;True;3
1621228015000;11556930;154.066;154.086;154.076;3;T;True;3
1621228016000;11556933;154.063;154.083;154.073;2;T;True;3
1621228017000;11556934;154.063;154.083;154.073;0;T;True;3
1621228018000;11556935;154.063;154.083;154.073;0;T;True;3
1621228019000;11556936;154.063;154.083;154.073;0;T;True;3
1621228020000;11556937;154.063;154.083;154.073;0;T;True;3
1621228021000;11556938;154.063;154.083;154.073;0;T;True;3
1621228022000;11556943;154.063;154.083;154.073;4;T;True;3
1621228023000;11556944;154.063;154.083;154.073;0;T;True;3
1621228024000;11556946;154.065;154.085;154.075;1;T;True;3
1621228025000;11556947;154.065;154.085;154.075;0;T;True;3
1621228026000;11556948;154.065;154.085;154.075;0;T;True;3
1621228027000;11556949;154.065;154.085;154.075;0;T;True;3
1621228028000;11556952;154.063;154.083;154.073;2;T;True;3
1621228029000;11556954;154.062;154.082;154.072;1;T;True;3
1621228030000;11556955;154.062;154.082;154.072;0;T;True;3
1621228031000;11556958;154.059;154.079;154.069;2;T;True;3
1621228032000;11556961;154.057;154.077;154.067;2;T;True;3
1621228033000;11556962;154.057;154.077;154.067;0;T;True;3
1621228034000;11556963;154.057;154.077;154.067;0;T;True;3
1621228035000;11556964;154.057;154.077;154.067;0;T;True;3
1621228036000;11556965;154.057;154.077;154.067;0;T;True;3
1621228037000;11556966;154.057;154.077;154.067;0;T;True;3
1621228038000;11556967;154.057;154.077;154.067;0;T;True;3
1621228039000;11556968;154.057;154.077;154.067;0;T;True;3
1621228040000;11556969;154.057;154.077;154.067;0;T;True;3
1621228041000;11556970;154.057;154.077;154.067;0;T;True;3
1621228042000;11556971;154.057;154.077;154.067;0;T;True;3
1621228043000;11556972;154.057;154.077;154.067;0;T;True;3
1621228044000;11556973;154.057;154.077;154.067;0;T;True;3
1621228045000;11556974;154.057;154.077;154.067;0;T;True;3
1621228046000;11556975;154.057;154.077;154.067;0;T;True;3
1621228047000;11556976;154.057;154.077;154.067;0;T;True;3
1621228048000;11556978;154.056;154.076;154.066;1;T;True;3
1621228049000;11556979;154.056;154.076;154.066;0;T;True;3
1621228050000;11556980;154.056;154.076;154.066;0;T;True;3
1621228051000;11556981;154.056;154.076;154.066;0;T;True;3
1621228052000;11556982;154.056;154.076;154.066;0;T;True;3
1621228053000;11556983;154.056;154.076;154.066;0;T;True;3
1621228054000;11556984;154.056;154.076;154.066;0;T;True;3
1621228055000;11556985;154.056;154.076;154.066;0;T;True;3
1621228056000;11556986;154.056;154.076;154.066;0;T;True;3
1621228057000;11556987;154.056;154.076;154.066;0;T;True;3
1621228058000;11556989;154.057;154.077;154.067;1;T;True;3
1621228059000;11556990;154.057;154.077;154.067;0;T;True;3
1621228060000;11556991;154.057;154.077;154.067;0;T;True;3
1621228061000;11556992;154.057;154.077;154.067;0;T;True;3
1621228062000;11556993;154.057;154.077;154.067;0;T;True;3
1621228063000;11556994;154.057;154.077;154.067;0;T;True;3
1621228064000;11556995;154.057;154.077;154.067;0;T;True;3
1621228065000;11556996;154.057;154.077;154.067;0;T;True;3
1621228066000;11556997;154.057;154.077;154.067;0;T;True;3
1621228067000;11556998;154.057;154.077;154.067;0;T;True;3
1621228068000;11556999;154.057;154.077;154.067;0;T;True;3
1621228069000;11557000;154.057;154.077;154.067;0;T;True;3
1621228070000;11557001;154.057;154.077;154.067;0;T;True;3
1621228071000;11557002;154.057;154.077;154.067;0;T;True;3
1621228072000;11557005;154.059;154.079;154.069;2;T;True;3
1621228073000;11557006;154.059;154.079;154.069;0;T;True;3
1621228074000;11557007;154.059;154.079;154.069;0;T;True;3
1621228075000;11557008;154.059;154.079;154.069;0;T;True;3
1621228076000;11557009;154.059;154.079;154.069;0;T;True;3
1621228077000;11557010;154.059;154.079;154.069;0;T;True;3
1621228078000;11557011;154.059;154.079;154.069;0;T;True;3
1621228079000;11557012;154.059;154.079;154.069;0;T;True;3
1621228080000;11557013;154.059;154.079;154.069;0;T;True;3
1621228081000;11557014;154.059;154.079;154.069;0;T;True;3
1621228082000;11557015;154.059;154.079;154.069;0;T;True;3
1621228083000;11557017;154.058;154.078;154.068;1;T;True;3
1621228084000;11557018;154.058;154.078;154.068;0;T;True;3
1621228085000;11557021;154.061;154.081;154.071;2;T;True;3
1621228086000;11557022;154.061;154.081;154.071;0;T;True;3
1621228087000;11557023;154.061;154.081;154.071;0;T;True;3
1621228088000;11557024;154.061;154.081;154.071;0;T;True;3
1621228089000;11557025;154.061;154.081;154.071;0;T;True;3
1621228090000;11557026;154.061;154.081;154.071;0;T;True;3
1621228091000;11557027;154.061;154.081;154.071;0;T;True;3
1621228092000;11557028;154.061;154.081;154.071;0;T;True;3
1621228093000;11557029;154.061;154.081;154.071;0;T;True;3
1621228094000;11557032;154.063;154.083;154.073;2;T;True;3
1621228095000;11557033;154.063;154.083;154.073;0;T;True;3
1621228096000;11557034;154.063;154.083;154.073;0;T;True;3
1621228097000;11557036;154.064;154.084;154.074;1;T;True;3
1621228098000;11557037;154.064;154.084;154.074;0;T;True;3
1621228099000;11557038;154.064;154.084;154.074;0;T;True;3
1621228100000;11557041;154.068;154.088;154.078;2;T;True;3
1621228101000;11557042;154.068;154.088;154.078;0;T;True;3
1621228102000;11557045;154.07;154.09;154.08;2;T;True;3
1621228103000;11557047;154.072;154.092;154.082;1;T;True;3
1621228104000;11557048;154.072;154.092;154.082;0;T;True;3
1621228105000;11557050;154.071;154.091;154.081;1;T;True;3
1621228106000;11557051;154.071;154.091;154.081;0;T;True;3
1621228107000;11557052;154.071;154.091;154.081;0;T;True;3
1621228108000;11557053;154.071;154.091;154.081;0;T;True;3
1621228109000;11557054;154.071;154.091;154.081;0;T;True;3
1621228110000;11557055;154.071;154.091;154.081;0;T;True;3
1621228111000;11557056;154.071;154.091;154.081;0;T;True;3
1621228112000;11557057;154.071;154.091;154.081;0;T;True;3
1621228113000;11557058;154.071;154.091;154.081;0;T;True;3
1621228114000;11557063;154.066;154.086;154.076;4;T;True;3
1621228115000;11557064;154.066;154.086;154.076;0;T;True;3
1621228116000;11557066;154.067;154.087;154.077;1;T;True;3
1621228117000;11557068;154.068;154.088;154.078;1;T;True;3
1621228118000;11557069;154.068;154.088;154.078;0;T;True;3
1621228119000;11557070;154.068;154.088;154.078;0;T;True;3
1621228120000;11557071;154.068;154.088;154.078;0;T;True;3
1621228121000;11557075;154.075;154.095;154.085;3;T;True;3
1621228122000;11557076;154.075;154.095;154.085;0;T;True;3
1621228123000;11557077;154.075;154.095;154.085;0;T;True;3
1621228124000;11557078;154.075;154.095;154.085;0;T;True;3
1621228125000;11557080;154.071;154.091;154.081;1;T;True;3
1621228126000;11557081;154.071;154.091;154.081;0;T;True;3
1621228127000;11557082;154.071;154.091;154.081;0;T;True;3
1621228128000;11557084;154.072;154.092;154.082;1;T;True;3
1621228129000;11557085;154.072;154.092;154.082;0;T;True;3
1621228130000;11557086;154.072;154.092;154.082;0;T;True;3
1621228131000;11557087;154.072;154.092;154.082;0;T;True;3
1621228132000;11557088;154.072;154.092;154.082;0;T;True;3
1621228133000;11557089;154.072;154.092;154.082;0;T;True;3
1621228134000;11557090;154.072;154.092;154.082;0;T;True;3
1621228135000;11557091;154.072;154.092;154.082;0;T;True;3
1621228136000;11557092;154.072;154.092;154.082;0;T;True;3
1621228137000;11557093;154.072;154.092;154.082;0;T;True;3
1621228138000;11557094;154.072;154.092;154.082;0;T;True;3
1621228139000;11557096;154.071;154.091;154.081;1;T;True;3
1621228140000;11557100;154.071;154.091;154.081;3;T;True;3
1621228141000;11557101;154.071;154.091;154.081;0;T;True;3
1621228142000;11557102;154.071;154.091;154.081;0;T;True;3
1621228143000;11557103;154.071;154.091;154.081;0;T;True;3
1621228144000;11557104;154.071;154.091;154.081;0;T;True;3
1621228145000;11557105;154.071;154.091;154.081;0;T;True;3
1621228146000;11557106;154.071;154.091;154.081;0;T;True;3
1621228147000;11557107;154.071;154.091;154.081;0;T;True;3
1621228148000;11557108;154.071;154.091;154.081;0;T;True;3
1621228149000;11557109;154.071;154.091;154.081;0;T;True;3
1621228150000;11557110;154.071;154.091;154.081;0;T;True;3
1621228151000;11557113;154.072;154.092;154.082;2;T;True;3
1621228152000;11557114;154.072;154.092;154.082;0;T;True;3
1621228153000;11557115;154.072;154.092;154.082;0;T;True;3
1621228154000;11557117;154.071;154.091;154.081;1;T;True;3
1621228155000;11557118;154.071;154.091;154.081;0;T;True;3
1621228156000;11557119;154.071;154.091;154.081;0;T;True;3
1621228157000;11557120;154.071;154.091;154.081;0;T;True;3
1621228158000;11557121;154.071;154.091;154.081;0;T;True;3
1621228159000;11557122;154.071;154.091;154.081;0;T;True;3
1621228160000;11557124;154.069;154.089;154.079;1;T;True;3
1621228161000;11557125;154.069;154.089;154.079;0;T;True;3
1621228162000;11557126;154.069;154.089;154.079;0;T;True;3
1621228163000;11557127;154.069;154.089;154.079;0;T;True;3
1621228164000;11557128;154.069;154.089;154.079;0;T;True;3
1621228165000;11557129;154.069;154.089;154.079;0;T;True;3
1621228166000;11557130;154.069;154.089;154.079;0;T;True;3
1621228167000;11557131;154.069;154.089;154.079;0;T;True;3
1621228168000;11557132;154.069;154.089;154.079;0;T;True;3
1621228169000;11557133;154.069;154.089;154.079;0;T;True;3
1621228170000;11557134;154.069;154.089;154.079;0;T;True;3
1621228171000;11557135;154.069;154.089;154.079;0;T;True;3
1621228172000;11557136;154.069;154.089;154.079;0;T;True;3
1621228173000;11557137;154.069;154.089;154.079;0;T;True;3
1621228174000;11557138;154.069;154.089;154.079;0;T;True;3
1621228175000;11557139;154.069;154.089;154.079;0;T;True;3
1621228176000;11557140;154.069;154.089;154.079;0;T;True;3
1621228177000;11557144;154.077;154.097;154.087;3;T;True;3
1621228178000;11557147;154.077;154.097;154.087;2;T;True;3
1621228179000;11557148;154.077;154.097;154.087;0;T;True;3
1621228180000;11557149;154.077;154.097;154.087;0;T;True;3
1621228181000;11557150;154.077;154.097;154.087;0;T;True;3
1621228182000;11557152;154.079;154.099;154.089;1;T;True;3
1621228183000;11557153;154.079;154.099;154.089;0;T;True;3
1621228184000;11557154;154.079;154.099;154.089;0;T;True;3
1621228185000;11557156;154.08;154.1;154.09;1;T;True;3
1621228186000;11557157;154.08;154.1;154.09;0;T;True;3
1621228187000;11557159;154.081;154.101;154.091;1;T;True;3
1621228188000;11557160;154.081;154.101;154.091;0;T;True;3
1621228189000;11557162;154.082;154.102;154.092;1;T;True;3
1621228190000;11557163;154.082;154.102;154.092;0;T;True;3
1621228191000;11557165;154.081;154.101;154.091;1;T;True;3
1621228192000;11557169;154.081;154.101;154.091;3;T;True;3
1621228193000;11557170;154.081;154.101;154.091;0;T;True;3
1621228194000;11557171;154.081;154.101;154.091;0;T;True;3
1621228195000;11557172;154.081;154.101;154.091;0;T;True;3
1621228196000;11557173;154.081;154.101;154.091;0;T;True;3
1621228197000;11557174;154.081;154.101;154.091;0;T;True;3
1621228198000;11557175;154.081;154.101;154.091;0;T;True;3
1621228199000;11557176;154.081;154.101;154.091;0;T;True;3
1621228200000;11557177;154.081;154.101;154.091;0;T;True;3
1621228201000;11557178;154.081;154.101;154.091;0;T;True;3
1621228202000;11557179;154.081;154.101;154.091;0;T;True;3
1621228203000;11557180;154.081;154.101;154.091;0;T;True;3
1621228204000;11557181;154.081;154.101;154.091;0;T;True;3
1621228205000;11557182;154.081;154.101;154.091;0;T;True;3
1621228206000;11557183;154.081;154.101;154.091;0;T;True;3
1621228207000;11557184;154.081;154.101;154.091;0;T;True;3
1621228208000;11557185;154.081;154.101;154.091;0;T;True;3
1621228209000;11557186;154.081;154.101;154.091;0;T;True;3
1621228210000;11557187;154.081;154.101;154.091;0;T;True;3
1621228211000;11557188;154.081;154.101;154.091;0;T;True;3
1621228212000;11557189;154.081;154.101;154.091;0;T;True;3
1621228213000;11557190;154.081;154.101;154.091;0;T;True;3
1621228214000;11557191;154.081;154.101;154.091;0;T;True;3
1621228215000;11557192;154.081;154.101;154.091;0;T;True;3
1621228216000;11557193;154.081;154.101;154.091;0;T;True;3
1621228217000;11557194;154.081;154.101;154.091;0;T;True;3
1621228218000;11557195;154.081;154.101;154.091;0;T;True;3
1621228219000;11557196;154.081;154.101;154.091;0;T;True;3
1621228220000;11557198;154.083;154.103;154.093;1;T;True;3
1621228221000;11557199;154.083;154.103;154.093;0;T;True;3
1621228222000;11557201;154.081;154.101;154.091;1;T;True;3
1621228223000;11557202;154.081;154.101;154.091;0;T;True;3
1621228224000;11557203;154.081;154.101;154.091;0;T;True;3
1621228225000;11557204;154.081;154.101;154.091;0;T;True;3
1621228226000;11557207;154.081;154.101;154.091;2;T;True;3
1621228227000;11557208;154.081;154.101;154.091;0;T;True;3
1621228228000;11557210;154.083;154.103;154.093;1;T;True;3
1621228229000;11557212;154.084;154.104;154.094;1;T;True;3
1621228230000;11557213;154.084;154.104;154.094;0;T;True;3
1621228231000;11557216;154.086;154.106;154.096;2;T;True;3
1621228232000;11557220;154.079;154.099;154.089;3;T;True;3
1621228233000;11557222;154.081;154.101;154.091;1;T;True;3
1621228234000;11557223;154.081;154.101;154.091;0;T;True;3
1621228235000;11557225;154.08;154.1;154.09;1;T;True;3
1621228236000;11557226;154.08;154.1;154.09;0;T;True;3
1621228237000;11557227;154.08;154.1;154.09;0;T;True;3
1621228238000;11557229;154.079;154.099;154.089;1;T;True;3
1621228239000;11557230;154.079;154.099;154.089;0;T;True;3
1621228240000;11557231;154.079;154.099;154.089;0;T;True;3
1621228241000;11557232;154.079;154.099;154.089;0;T;True;3
1621228242000;11557233;154.079;154.099;154.089;0;T;True;3
1621228243000;11557234;154.079;154.099;154.089;0;T;True;3
1621228244000;11557235;154.079;154.099;154.089;0;T;True;3
1621228245000;11557236;154.079;154.099;154.089;0;T;True;3
1621228246000;11557237;154.079;154.099;154.089;0;T;True;3
1621228247000;11557238;154.079;154.099;154.089;0;T;True;3
1621228248000;11557239;154.079;154.099;154.089;0;T;True;3
1621228249000;11557240;154.079;154.099;154.089;0;T;True;3
1621228250000;11557241;154.079;154.099;154.089;0;T;True;3
1621228251000;11557242;154.079;154.099;154.089;0;T;True;3
1621228252000;11557246;154.081;154.101;154.091;3;T;True;3
1621228253000;11557247;154.081;154.101;154.091;0;T;True;3
1621228254000;11557248;154.081;154.101;154.091;0;T;True;3
1621228255000;11557249;154.081;154.101;154.091;0;T;True;3
1621228256000;11557250;154.081;154.101;154.091;0;T;True;3
1621228257000;11557251;154.081;154.101;154.091;0;T;True;3
1621228258000;11557252;154.081;154.101;154.091;0;T;True;3
1621228259000;11557253;154.081;154.101;154.091;0;T;True;3
1621228260000;11557254;154.081;154.101;154.091;0;T;True;3
1621228261000;11557257;154.081;154.101;154.091;2;T;True;3
1621228262000;11557258;154.081;154.101;154.091;0;T;True;3
1621228263000;11557259;154.081;154.101;154.091;0;T;True;3
1621228264000;11557260;154.081;154.101;154.091;0;T;True;3
1621228265000;11557261;154.081;154.101;154.091;0;T;True;3
1621228266000;11557262;154.081;154.101;154.091;0;T;True;3
1621228267000;11557263;154.081;154.101;154.091;0;T;True;3
1621228268000;11557264;154.081;154.101;154.091;0;T;True;3
1621228269000;11557265;154.081;154.101;154.091;0;T;True;3
1621228270000;11557266;154.081;154.101;154.091;0;T;True;3
1621228271000;11557267;154.081;154.101;154.091;0;T;True;3
1621228272000;11557268;154.081;154.101;154.091;0;T;True;3
1621228273000;11557270;154.083;154.103;154.093;1;T;True;3
1621228274000;11557271;154.083;154.103;154.093;0;T;True;3
1621228275000;11557272;154.083;154.103;154.093;0;T;True;3
1621228276000;11557273;154.083;154.103;154.093;0;T;True;3
1621228277000;11557276;154.083;154.103;154.093;2;T;True;3
1621228278000;11557278;154.082;154.102;154.092;1;T;True;3
1621228279000;11557282;154.081;154.101;154.091;3;T;True;3
1621228280000;11557283;154.081;154.101;154.091;0;T;True;3
1621228281000;11557284;154.081;154.101;154.091;0;T;True;3
1621228282000;11557285;154.081;154.101;154.091;0;T;True;3
1621228283000;11557286;154.081;154.101;154.091;0;T;True;3
1621228284000;11557287;154.081;154.101;154.091;0;T;True;3
1621228285000;11557288;154.081;154.101;154.091;0;T;True;3
1621228286000;11557290;154.08;154.1;154.09;1;T;True;3
1621228287000;11557291;154.08;154.1;154.09;0;T;True;3
1621228288000;11557292;154.08;154.1;154.09;0;T;True;3
1621228289000;11557294;154.081;154.101;154.091;1;T;True;3
1621228290000;11557295;154.081;154.101;154.091;0;T;True;3
1621228291000;11557296;154.081;154.101;154.091;0;T;True;3
1621228292000;11557297;154.081;154.101;154.091;0;T;True;3
1621228293000;11557298;154.081;154.101;154.091;0;T;True;3
1621228294000;11557299;154.081;154.101;154.091;0;T;True;3
1621228295000;11557300;154.081;154.101;154.091;0;T;True;3
1621228296000;11557301;154.081;154.101;154.091;0;T;True;3
1621228297000;11557302;154.081;154.101;154.091;0;T;True;3
1621228298000;11557303;154.081;154.101;154.091;0;T;True;3
1621228299000;11557304;154.081;154.101;154.091;0;T;True;3
1621228300000;11557305;154.081;154.101;154.091;0;T;True;3
1621228301000;11557306;154.081;154.101;154.091;0;T;True;3
1621228302000;11557308;154.082;154.102;154.092;1;T;True;3
1621228303000;11557309;154.082;154.102;154.092;0;T;True;3
1621228304000;11557310;154.082;154.102;154.092;0;T;True;3
1621228305000;11557311;154.082;154.102;154.092;0;T;True;3
1621228306000;11557312;154.082;154.102;154.092;0;T;True;3
1621228307000;11557313;154.082;154.102;154.092;0;T;True;3
1621228308000;11557315;154.081;154.101;154.091;1;T;True;3
1621228309000;11557316;154.081;154.101;154.091;0;T;True;3
1621228310000;11557317;154.081;154.101;154.091;0;T;True;3
1621228311000;11557318;154.081;154.101;154.091;0;T;True;3
1621228312000;11557319;154.081;154.101;154.091;0;T;True;3
1621228313000;11557321;154.077;154.097;154.087;1;T;True;3
1621228314000;11557322;154.077;154.097;154.087;0;T;True;3
1621228315000;11557323;154.077;154.097;154.087;0;T;True;3
1621228316000;11557326;154.071;154.091;154.081;2;T;True;3
1621228317000;11557329;154.069;154.089;154.079;2;T;True;3
1621228318000;11557331;154.068;154.088;154.078;1;T;True;3
1621228319000;11557332;154.068;154.088;154.078;0;T;True;3
1621228320000;11557333;154.068;154.088;154.078;0;T;True;3
1621228321000;11557337;154.063;154.083;154.073;3;T;True;3
1621228322000;11557338;154.063;154.083;154.073;0;T;True;3
1621228323000;11557339;154.063;154.083;154.073;0;T;True;3
1621228324000;11557341;154.064;154.084;154.074;1;T;True;3
1621228325000;11557343;154.065;154.085;154.075;1;T;True;3
1621228326000;11557345;154.067;154.087;154.077;1;T;True;3
1621228327000;11557346;154.067;154.087;154.077;0;T;True;3
1621228328000;11557347;154.067;154.087;154.077;0;T;True;3
1621228329000;11557348;154.067;154.087;154.077;0;T;True;3
1621228330000;11557349;154.067;154.087;154.077;0;T;True;3
1621228331000;11557350;154.067;154.087;154.077;0;T;True;3
1621228332000;11557353;154.065;154.085;154.075;2;T;True;3
1621228333000;11557354;154.065;154.085;154.075;0;T;True;3
1621228334000;11557355;154.065;154.085;154.075;0;T;True;3
1621228335000;11557356;154.065;154.085;154.075;0;T;True;3
1621228336000;11557357;154.065;154.085;154.075;0;T;True;3
1621228337000;11557358;154.065;154.085;154.075;0;T;True;3
1621228338000;11557361;154.071;154.091;154.081;2;T;True;3
1621228339000;11557364;154.073;154.093;154.083;2;T;True;3
1621228340000;11557368;154.077;154.097;154.087;3;T;True;3
1621228341000;11557369;154.077;154.097;154.087;0;T;True;3
1621228342000;11557373;154.074;154.094;154.084;3;T;True;3
1621228343000;11557374;154.074;154.094;154.084;0;T;True;3
1621228344000;11557375;154.074;154.094;154.084;0;T;True;3
1621228345000;11557376;154.074;154.094;154.084;0;T;True;3
1621228346000;11557377;154.074;154.094;154.084;0;T;True;3
1621228347000;11557378;154.074;154.094;154.084;0;T;True;3
1621228348000;11557379;154.074;154.094;154.084;0;T;True;3
1621228349000;11557380;154.074;154.094;154.084;0;T;True;3
1621228350000;11557381;154.074;154.094;154.084;0;T;True;3
1621228351000;11557382;154.074;154.094;154.084;0;T;True;3
1621228352000;11557383;154.074;154.094;154.084;0;T;True;3
1621228353000;11557384;154.074;154.094;154.084;0;T;True;3
1621228354000;11557386;154.075;154.095;154.085;1;T;True;3
1621228355000;11557387;154.075;154.095;154.085;0;T;True;3
1621228356000;11557388;154.075;154.095;154.085;0;T;True;3
1621228357000;11557389;154.075;154.095;154.085;0;T;True;3
1621228358000;11557391;154.073;154.093;154.083;1;T;True;3
1621228359000;11557392;154.073;154.093;154.083;0;T;True;3
1621228360000;11557393;154.073;154.093;154.083;0;T;True;3
1621228361000;11557394;154.073;154.093;154.083;0;T;True;3
1621228362000;11557395;154.073;154.093;154.083;0;T;True;3
1621228363000;11557396;154.073;154.093;154.083;0;T;True;3
1621228364000;11557397;154.073;154.093;154.083;0;T;True;3
1621228365000;11557398;154.073;154.093;154.083;0;T;True;3
1621228366000;11557399;154.073;154.093;154.083;0;T;True;3
1621228367000;11557400;154.073;154.093;154.083;0;T;True;3
1621228368000;11557402;154.072;154.092;154.082;1;T;True;3
1621228369000;11557403;154.072;154.092;154.082;0;T;True;3
1621228370000;11557405;154.071;154.091;154.081;1;T;True;3
1621228371000;11557406;154.071;154.091;154.081;0;T;True;3
1621228372000;11557407;154.071;154.091;154.081;0;T;True;3
1621228373000;11557408;154.071;154.091;154.081;0;T;True;3
1621228374000;11557409;154.071;154.091;154.081;0;T;True;3
1621228375000;11557410;154.071;154.091;154.081;0;T;True;3
1621228376000;11557411;154.071;154.091;154.081;0;T;True;3
1621228377000;11557412;154.071;154.091;154.081;0;T;True;3
1621228378000;11557413;154.071;154.091;154.081;0;T;True;3
1621228379000;11557414;154.071;154.091;154.081;0;T;True;3
1621228380000;11557415;154.071;154.091;154.081;0;T;True;3
1621228381000;11557416;154.071;154.091;154.081;0;T;True;3
1621228382000;11557417;154.071;154.091;154.081;0;T;True;3
1621228383000;11557418;154.071;154.091;154.081;0;T;True;3
1621228384000;11557419;154.071;154.091;154.081;0;T;True;3
1621228385000;11557420;154.071;154.091;154.081;0;T;True;3
1621228386000;11557421;154.071;154.091;154.081;0;T;True;3
1621228387000;11557422;154.071;154.091;154.081;0;T;True;3
1621228388000;11557423;154.071;154.091;154.081;0;T;True;3
1621228389000;11557424;154.071;154.091;154.081;0;T;True;3
1621228390000;11557425;154.071;154.091;154.081;0;T;True;3
1621228391000;11557426;154.071;154.091;154.081;0;T;True;3
1621228392000;11557428;154.07;154.09;154.08;1;T;True;3
1621228393000;11557431;154.063;154.083;154.073;2;T;True;3
1621228394000;11557432;154.063;154.083;154.073;0;T;True;3
1621228395000;11557433;154.063;154.083;154.073;0;T;True;3
1621228396000;11557437;154.071;154.091;154.081;3;T;True;3
1621228397000;11557438;154.071;154.091;154.081;0;T;True;3
1621228398000;11557439;154.071;154.091;154.081;0;T;True;3
1621228399000;11557440;154.071;154.091;154.081;0;T;True;3
1621228400000;11557443;154.069;154.089;154.079;2;T;True;3
1621228401000;11557446;154.068;154.088;154.078;2;T;True;3
1621228402000;11557448;154.069;154.089;154.079;1;T;True;3
1621228403000;11557449;154.069;154.089;154.079;0;T;True;3
1621228404000;11557450;154.069;154.089;154.079;0;T;True;3
1621228405000;11557451;154.069;154.089;154.079;0;T;True;3
1621228406000;11557452;154.069;154.089;154.079;0;T;True;3
1621228407000;11557453;154.069;154.089;154.079;0;T;True;3
1621228408000;11557455;154.068;154.088;154.078;1;T;True;3
1621228409000;11557456;154.068;154.088;154.078;0;T;True;3
1621228410000;11557457;154.068;154.088;154.078;0;T;True;3
1621228411000;11557458;154.068;154.088;154.078;0;T;True;3
1621228412000;11557459;154.068;154.088;154.078;0;T;True;3
1621228413000;11557460;154.068;154.088;154.078;0;T;True;3
1621228414000;11557461;154.068;154.088;154.078;0;T;True;3
1621228415000;11557462;154.068;154.088;154.078;0;T;True;3
1621228416000;11557463;154.068;154.088;154.078;0;T;True;3
1621228417000;11557464;154.068;154.088;154.078;0;T;True;3
1621228418000;11557465;154.068;154.088;154.078;0;T;True;3
1621228419000;11557466;154.068;154.088;154.078;0;T;True;3
1621228420000;11557467;154.068;154.088;154.078;0;T;True;3
1621228421000;11557468;154.068;154.088;154.078;0;T;True;3
1621228422000;11557469;154.068;154.088;154.078;0;T;True;3
1621228423000;11557470;154.068;154.088;154.078;0;T;True;3
1621228424000;11557471;154.068;154.088;154.078;0;T;True;3
1621228425000;11557472;154.068;154.088;154.078;0;T;True;3
1621228426000;11557473;154.068;154.088;154.078;0;T;True;3
1621228427000;11557474;154.068;154.088;154.078;0;T;True;3
1621228428000;11557475;154.068;154.088;154.078;0;T;True;3
1621228429000;11557476;154.068;154.088;154.078;0;T;True;3
1621228430000;11557479;154.068;154.088;154.078;2;T;True;3
1621228431000;11557485;154.073;154.093;154.083;5;T;True;3
1621228432000;11557486;154.073;154.093;154.083;0;T;True;3
1621228433000;11557489;154.077;154.097;154.087;2;T;True;3
1621228434000;11557490;154.077;154.097;154.087;0;T;True;3
1621228435000;11557491;154.077;154.097;154.087;0;T;True;3
1621228436000;11557492;154.077;154.097;154.087;0;T;True;3
1621228437000;11557493;154.077;154.097;154.087;0;T;True;3
1621228438000;11557494;154.077;154.097;154.087;0;T;True;3
1621228439000;11557495;154.077;154.097;154.087;0;T;True;3
1621228440000;11557496;154.077;154.097;154.087;0;T;True;3
1621228441000;11557497;154.077;154.097;154.087;0;T;True;3
1621228442000;11557498;154.077;154.097;154.087;0;T;True;3
1621228443000;11557499;154.077;154.097;154.087;0;T;True;3
1621228444000;11557500;154.077;154.097;154.087;0;T;True;3
1621228445000;11557501;154.077;154.097;154.087;0;T;True;3
1621228446000;11557505;154.08;154.1;154.09;3;T;True;3
1621228447000;11557506;154.08;154.1;154.09;0;T;True;3
1621228448000;11557508;154.081;154.101;154.091;1;T;True;3
1621228449000;11557509;154.081;154.101;154.091;0;T;True;3
1621228450000;11557513;154.083;154.103;154.093;3;T;True;3
1621228451000;11557514;154.083;154.103;154.093;0;T;True;3
1621228452000;11557515;154.083;154.103;154.093;0;T;True;3
1621228453000;11557517;154.085;154.105;154.095;1;T;True;3
1621228454000;11557518;154.085;154.105;154.095;0;T;True;3
1621228455000;11557520;154.086;154.106;154.096;1;T;True;3
1621228456000;11557521;154.086;154.106;154.096;0;T;True;3
1621228457000;11557522;154.086;154.106;154.096;0;T;True;3
1621228458000;11557524;154.085;154.105;154.095;1;T;True;3
1621228459000;11557526;154.087;154.107;154.097;1;T;True;3
1621228460000;11557527;154.087;154.107;154.097;0;T;True;3
1621228461000;11557528;154.087;154.107;154.097;0;T;True;3
1621228462000;11557529;154.087;154.107;154.097;0;T;True;3
1621228463000;11557530;154.087;154.107;154.097;0;T;True;3
1621228464000;11557531;154.087;154.107;154.097;0;T;True;3
1621228465000;11557532;154.087;154.107;154.097;0;T;True;3
1621228466000;11557533;154.087;154.107;154.097;0;T;True;3
1621228467000;11557534;154.087;154.107;154.097;0;T;True;3
1621228468000;11557535;154.087;154.107;154.097;0;T;True;3
1621228469000;11557536;154.087;154.107;154.097;0;T;True;3
1621228470000;11557537;154.087;154.107;154.097;0;T;True;3
1621228471000;11557538;154.087;154.107;154.097;0;T;True;3
1621228472000;11557539;154.087;154.107;154.097;0;T;True;3
1621228473000;11557540;154.087;154.107;154.097;0;T;True;3
1621228474000;11557543;154.085;154.105;154.095;2;T;True;3
1621228475000;11557544;154.085;154.105;154.095;0;T;True;3
1621228476000;11557545;154.085;154.105;154.095;0;T;True;3
1621228477000;11557546;154.085;154.105;154.095;0;T;True;3
1621228478000;11557547;154.085;154.105;154.095;0;T;True;3
1621228479000;11557548;154.085;154.105;154.095;0;T;True;3
1621228480000;11557549;154.085;154.105;154.095;0;T;True;3
1621228481000;11557550;154.085;154.105;154.095;0;T;True;3
1621228482000;11557551;154.085;154.105;154.095;0;T;True;3
1621228483000;11557553;154.084;154.104;154.094;1;T;True;3
1621228484000;11557554;154.084;154.104;154.094;0;T;True;3
1621228485000;11557555;154.084;154.104;154.094;0;T;True;3
1621228486000;11557556;154.084;154.104;154.094;0;T;True;3
1621228487000;11557558;154.085;154.105;154.095;1;T;True;3
1621228488000;11557560;154.084;154.104;154.094;1;T;True;3
1621228489000;11557561;154.084;154.104;154.094;0;T;True;3
1621228490000;11557562;154.084;154.104;154.094;0;T;True;3
1621228491000;11557564;154.083;154.103;154.093;1;T;True;3
1621228492000;11557567;154.075;154.095;154.085;2;T;True;3
1621228493000;11557568;154.075;154.095;154.085;0;T;True;3
1621228494000;11557570;154.073;154.093;154.083;1;T;True;3
1621228495000;11557571;154.073;154.093;154.083;0;T;True;3
1621228496000;11557572;154.073;154.093;154.083;0;T;True;3
1621228497000;11557573;154.073;154.093;154.083;0;T;True;3
1621228498000;11557574;154.073;154.093;154.083;0;T;True;3
1621228499000;11557575;154.073;154.093;154.083;0;T;True;3
1621228500000;11557576;154.073;154.093;154.083;0;T;True;3
1621228501000;11557577;154.073;154.093;154.083;0;T;True;3
1621228502000;11557578;154.073;154.093;154.083;0;T;True;3
1621228503000;11557580;154.074;154.094;154.084;1;T;True;3
1621228504000;11557583;154.077;154.097;154.087;2;T;True;3
1621228505000;11557584;154.077;154.097;154.087;0;T;True;3
1621228506000;11557585;154.077;154.097;154.087;0;T;True;3
1621228507000;11557587;154.081;154.101;154.091;1;T;True;3
1621228508000;11557588;154.081;154.101;154.091;0;T;True;3
1621228509000;11557589;154.081;154.101;154.091;0;T;True;3
1621228510000;11557590;154.081;154.101;154.091;0;T;True;3
1621228511000;11557591;154.081;154.101;154.091;0;T;True;3
1621228512000;11557592;154.081;154.101;154.091;0;T;True;3
1621228513000;11557593;154.081;154.101;154.091;0;T;True;3
1621228514000;11557594;154.081;154.101;154.091;0;T;True;3
1621228515000;11557595;154.081;154.101;154.091;0;T;True;3
1621228516000;11557596;154.081;154.101;154.091;0;T;True;3
1621228517000;11557601;154.079;154.099;154.089;4;T;True;3
1621228518000;11557604;154.079;154.099;154.089;2;T;True;3
1621228519000;11557605;154.079;154.099;154.089;0;T;True;3
1621228520000;11557606;154.079;154.099;154.089;0;T;True;3
1621228521000;11557607;154.079;154.099;154.089;0;T;True;3
1621228522000;11557608;154.079;154.099;154.089;0;T;True;3
1621228523000;11557609;154.079;154.099;154.089;0;T;True;3
1621228524000;11557610;154.079;154.099;154.089;0;T;True;3
1621228525000;11557611;154.079;154.099;154.089;0;T;True;3
1621228526000;11557612;154.079;154.099;154.089;0;T;True;3
1621228527000;11557613;154.079;154.099;154.089;0;T;True;3
1621228528000;11557614;154.079;154.099;154.089;0;T;True;3
1621228529000;11557615;154.079;154.099;154.089;0;T;True;3
1621228530000;11557616;154.079;154.099;154.089;0;T;True;3
1621228531000;11557617;154.079;154.099;154.089;0;T;True;3
1621228532000;11557618;154.079;154.099;154.089;0;T;True;3
1621228533000;11557619;154.079;154.099;154.089;0;T;True;3
1621228534000;11557620;154.079;154.099;154.089;0;T;True;3
1621228535000;11557621;154.079;154.099;154.089;0;T;True;3
1621228536000;11557622;154.079;154.099;154.089;0;T;True;3
1621228537000;11557623;154.079;154.099;154.089;0;T;True;3
1621228538000;11557624;154.079;154.099;154.089;0;T;True;3
1621228539000;11557625;154.079;154.099;154.089;0;T;True;3
1621228540000;11557627;154.081;154.101;154.091;1;T;True;3
1621228541000;11557628;154.081;154.101;154.091;0;T;True;3
1621228542000;11557629;154.081;154.101;154.091;0;T;True;3
1621228543000;11557630;154.081;154.101;154.091;0;T;True;3
1621228544000;11557631;154.081;154.101;154.091;0;T;True;3
1621228545000;11557632;154.081;154.101;154.091;0;T;True;3
1621228546000;11557633;154.081;154.101;154.091;0;T;True;3
1621228547000;11557634;154.081;154.101;154.091;0;T;True;3
1621228548000;11557635;154.081;154.101;154.091;0;T;True;3
1621228549000;11557636;154.081;154.101;154.091;0;T;True;3
1621228550000;11557637;154.081;154.101;154.091;0;T;True;3
1621228551000;11557638;154.081;154.101;154.091;0;T;True;3
1621228552000;11557639;154.081;154.101;154.091;0;T;True;3
1621228553000;11557640;154.081;154.101;154.091;0;T;True;3
1621228554000;11557641;154.081;154.101;154.091;0;T;True;3
1621228555000;11557642;154.081;154.101;154.091;0;T;True;3
1621228556000;11557647;154.073;154.093;154.083;4;T;True;3
1621228557000;11557648;154.073;154.093;154.083;0;T;True;3
1621228558000;11557649;154.073;154.093;154.083;0;T;True;3
1621228559000;11557650;154.073;154.093;154.083;0;T;True;3
1621228560000;11557651;154.073;154.093;154.083;0;T;True;3
1621228561000;11557652;154.073;154.093;154.083;0;T;True;3
1621228562000;11557653;154.073;154.093;154.083;0;T;True;3
1621228563000;11557654;154.073;154.093;154.083;0;T;True;3
1621228564000;11557655;154.073;154.093;154.083;0;T;True;3
1621228565000;11557656;154.073;154.093;154.083;0;T;True;3
1621228566000;11557657;154.073;154.093;154.083;0;T;True;3
1621228567000;11557658;154.073;154.093;154.083;0;T;True;3
1621228568000;11557659;154.073;154.093;154.083;0;T;True;3
1621228569000;11557660;154.073;154.093;154.083;0;T;True;3
1621228570000;11557661;154.073;154.093;154.083;0;T;True;3
1621228571000;11557662;154.073;154.093;154.083;0;T;True;3
1621228572000;11557663;154.073;154.093;154.083;0;T;True;3
1621228573000;11557664;154.073;154.093;154.083;0;T;True;3
1621228574000;11557665;154.073;154.093;154.083;0;T;True;3
1621228575000;11557667;154.075;154.095;154.085;1;T;True;3
1621228576000;11557668;154.075;154.095;154.085;0;T;True;3
1621228577000;11557669;154.075;154.095;154.085;0;T;True;3
1621228578000;11557670;154.075;154.095;154.085;0;T;True;3
1621228579000;11557676;154.067;154.087;154.077;5;T;True;3
1621228580000;11557677;154.067;154.087;154.077;0;T;True;3
1621228581000;11557687;154.057;154.077;154.067;9;T;True;3
1621228582000;11557689;154.059;154.079;154.069;1;T;True;3
1621228583000;11557690;154.059;154.079;154.069;0;T;True;3
1621228584000;11557691;154.059;154.079;154.069;0;T;True;3
1621228585000;11557693;154.058;154.078;154.068;1;T;True;3
1621228586000;11557694;154.058;154.078;154.068;0;T;True;3
1621228587000;11557695;154.058;154.078;154.068;0;T;True;3
1621228588000;11557696;154.058;154.078;154.068;0;T;True;3
1621228589000;11557699;154.058;154.078;154.068;2;T;True;3
1621228590000;11557703;154.056;154.076;154.066;3;T;True;3
1621228591000;11557705;154.057;154.077;154.067;1;T;True;3
1621228592000;11557706;154.057;154.077;154.067;0;T;True;3
1621228593000;11557707;154.057;154.077;154.067;0;T;True;3
1621228594000;11557708;154.057;154.077;154.067;0;T;True;3
1621228595000;11557709;154.057;154.077;154.067;0;T;True;3
1621228596000;11557710;154.057;154.077;154.067;0;T;True;3
1621228597000;11557711;154.057;154.077;154.067;0;T;True;3
1621228598000;11557712;154.057;154.077;154.067;0;T;True;3
1621228599000;11557713;154.057;154.077;154.067;0;T;True;3
1621228600000;11557714;154.057;154.077;154.067;0;T;True;3
1621228601000;11557715;154.057;154.077;154.067;0;T;True;3
1621228602000;11557718;154.059;154.079;154.069;2;T;True;3
1621228603000;11557719;154.059;154.079;154.069;0;T;True;3
1621228604000;11557720;154.059;154.079;154.069;0;T;True;3
1621228605000;11557724;154.055;154.075;154.065;3;T;True;3
1621228606000;11557725;154.055;154.075;154.065;0;T;True;3
1621228607000;11557726;154.055;154.075;154.065;0;T;True;3
1621228608000;11557727;154.055;154.075;154.065;0;T;True;3
1621228609000;11557728;154.055;154.075;154.065;0;T;True;3
1621228610000;11557729;154.055;154.075;154.065;0;T;True;3
1621228611000;11557730;154.055;154.075;154.065;0;T;True;3
1621228612000;11557731;154.055;154.075;154.065;0;T;True;3
1621228613000;11557732;154.055;154.075;154.065;0;T;True;3
1621228614000;11557734;154.057;154.077;154.067;1;T;True;3
1621228615000;11557736;154.055;154.075;154.065;1;T;True;3
1621228616000;11557737;154.055;154.075;154.065;0;T;True;3
1621228617000;11557740;154.054;154.074;154.064;2;T;True;3
1621228618000;11557742;154.055;154.075;154.065;1;T;True;3
1621228619000;11557744;154.056;154.076;154.066;1;T;True;3
1621228620000;11557745;154.056;154.076;154.066;0;T;True;3
1621228621000;11557749;154.053;154.073;154.063;3;T;True;3
1621228622000;11557750;154.053;154.073;154.063;0;T;True;3
1621228623000;11557752;154.051;154.071;154.061;1;T;True;3
1621228624000;11557753;154.051;154.071;154.061;0;T;True;3
1621228625000;11557755;154.049;154.069;154.059;1;T;True;3
1621228626000;11557756;154.049;154.069;154.059;0;T;True;3
1621228627000;11557757;154.049;154.069;154.059;0;T;True;3
1621228628000;11557758;154.049;154.069;154.059;0;T;True;3
1621228629000;11557759;154.049;154.069;154.059;0;T;True;3
1621228630000;11557760;154.049;154.069;154.059;0;T;True;3
1621228631000;11557761;154.049;154.069;154.059;0;T;True;3
1621228632000;11557762;154.049;154.069;154.059;0;T;True;3
1621228633000;11557763;154.049;154.069;154.059;0;T;True;3
1621228634000;11557764;154.049;154.069;154.059;0;T;True;3
1621228635000;11557768;154.043;154.063;154.053;3;T;True;3
1621228636000;11557769;154.043;154.063;154.053;0;T;True;3
1621228637000;11557770;154.043;154.063;154.053;0;T;True;3
1621228638000;11557771;154.043;154.063;154.053;0;T;True;3
1621228639000;11557773;154.042;154.062;154.052;1;T;True;3
1621228640000;11557776;154.039;154.059;154.049;2;T;True;3
1621228641000;11557777;154.039;154.059;154.049;0;T;True;3
1621228642000;11557778;154.039;154.059;154.049;0;T;True;3
1621228643000;11557779;154.039;154.059;154.049;0;T;True;3
1621228644000;11557780;154.039;154.059;154.049;0;T;True;3
1621228645000;11557781;154.039;154.059;154.049;0;T;True;3
1621228646000;11557783;154.038;154.058;154.048;1;T;True;3
1621228647000;11557784;154.038;154.058;154.048;0;T;True;3
1621228648000;11557786;154.037;154.057;154.047;1;T;True;3
1621228649000;11557787;154.037;154.057;154.047;0;T;True;3
1621228650000;11557788;154.037;154.057;154.047;0;T;True;3
1621228651000;11557790;154.038;154.058;154.048;1;T;True;3
1621228652000;11557791;154.038;154.058;154.048;0;T;True;3
1621228653000;11557792;154.038;154.058;154.048;0;T;True;3
1621228654000;11557793;154.038;154.058;154.048;0;T;True;3
1621228655000;11557794;154.038;154.058;154.048;0;T;True;3
1621228656000;11557795;154.038;154.058;154.048;0;T;True;3
1621228657000;11557798;154.038;154.058;154.048;2;T;True;3
1621228658000;11557801;154.031;154.051;154.041;2;T;True;3
1621228659000;11557802;154.031;154.051;154.041;0;T;True;3
1621228660000;11557803;154.031;154.051;154.041;0;T;True;3
1621228661000;11557804;154.031;154.051;154.041;0;T;True;3
1621228662000;11557805;154.031;154.051;154.041;0;T;True;3
1621228663000;11557806;154.031;154.051;154.041;0;T;True;3
1621228664000;11557807;154.031;154.051;154.041;0;T;True;3
1621228665000;11557808;154.031;154.051;154.041;0;T;True;3
1621228666000;11557809;154.031;154.051;154.041;0;T;True;3
1621228667000;11557810;154.031;154.051;154.041;0;T;True;3
1621228668000;11557813;154.03;154.05;154.04;2;T;True;3
1621228669000;11557814;154.03;154.05;154.04;0;T;True;3
1621228670000;11557815;154.03;154.05;154.04;0;T;True;3
1621228671000;11557816;154.03;154.05;154.04;0;T;True;3
1621228672000;11557818;154.029;154.049;154.039;1;T;True;3
1621228673000;11557820;154.027;154.047;154.037;1;T;True;3
1621228674000;11557821;154.027;154.047;154.037;0;T;True;3
1621228675000;11557822;154.027;154.047;154.037;0;T;True;3
1621228676000;11557824;154.026;154.046;154.036;1;T;True;3
1621228677000;11557825;154.026;154.046;154.036;0;T;True;3
1621228678000;11557826;154.026;154.046;154.036;0;T;True;3
1621228679000;11557829;154.028;154.048;154.038;2;T;True;3
1621228680000;11557833;154.033;154.053;154.043;3;T;True;3
1621228681000;11557834;154.033;154.053;154.043;0;T;True;3
1621228682000;11557835;154.033;154.053;154.043;0;T;True;3
1621228683000;11557836;154.033;154.053;154.043;0;T;True;3
1621228684000;11557838;154.03;154.05;154.04;1;T;True;3
1621228685000;11557839;154.03;154.05;154.04;0;T;True;3
1621228686000;11557840;154.03;154.05;154.04;0;T;True;3
1621228687000;11557842;154.029;154.049;154.039;1;T;True;3
1621228688000;11557843;154.029;154.049;154.039;0;T;True;3
1621228689000;11557845;154.028;154.048;154.038;1;T;True;3
1621228690000;11557846;154.028;154.048;154.038;0;T;True;3
1621228691000;11557847;154.028;154.048;154.038;0;T;True;3
1621228692000;11557848;154.028;154.048;154.038;0;T;True;3
1621228693000;11557854;154.028;154.048;154.038;5;T;True;3
1621228694000;11557856;154.029;154.049;154.039;1;T;True;3
1621228695000;11557857;154.029;154.049;154.039;0;T;True;3
1621228696000;11557858;154.029;154.049;154.039;0;T;True;3
1621228697000;11557859;154.029;154.049;154.039;0;T;True;3
1621228698000;11557864;154.023;154.043;154.033;4;T;True;3
1621228699000;11557865;154.023;154.043;154.033;0;T;True;3
1621228700000;11557866;154.023;154.043;154.033;0;T;True;3
1621228701000;11557867;154.023;154.043;154.033;0;T;True;3
1621228702000;11557869;154.025;154.045;154.035;1;T;True;3
1621228703000;11557873;154.029;154.049;154.039;3;T;True;3
1621228704000;11557876;154.03;154.05;154.04;2;T;True;3
1621228705000;11557878;154.029;154.049;154.039;1;T;True;3
1621228706000;11557879;154.029;154.049;154.039;0;T;True;3
1621228707000;11557882;154.024;154.044;154.034;2;T;True;3
1621228708000;11557883;154.024;154.044;154.034;0;T;True;3
1621228709000;11557884;154.024;154.044;154.034;0;T;True;3
1621228710000;11557887;154.021;154.041;154.031;2;T;True;3
1621228711000;11557888;154.021;154.041;154.031;0;T;True;3
1621228712000;11557889;154.021;154.041;154.031;0;T;True;3
1621228713000;11557890;154.021;154.041;154.031;0;T;True;3
1621228714000;11557891;154.021;154.041;154.031;0;T;True;3
1621228715000;11557892;154.021;154.041;154.031;0;T;True;3
1621228716000;11557893;154.021;154.041;154.031;0;T;True;3
1621228717000;11557894;154.021;154.041;154.031;0;T;True;3
1621228718000;11557895;154.021;154.041;154.031;0;T;True;3
1621228719000;11557897;154.019;154.039;154.029;1;T;True;3
1621228720000;11557898;154.019;154.039;154.029;0;T;True;3
1621228721000;11557899;154.019;154.039;154.029;0;T;True;3
1621228722000;11557900;154.019;154.039;154.029;0;T;True;3
1621228723000;11557901;154.019;154.039;154.029;0;T;True;3
1621228724000;11557902;154.019;154.039;154.029;0;T;True;3
1621228725000;11557907;154.027;154.047;154.037;4;T;True;3
1621228726000;11557908;154.027;154.047;154.037;0;T;True;3
1621228727000;11557909;154.027;154.047;154.037;0;T;True;3
1621228728000;11557911;154.028;154.048;154.038;1;T;True;3
1621228729000;11557914;154.026;154.046;154.036;2;T;True;3
1621228730000;11557916;154.027;154.047;154.037;1;T;True;3
1621228731000;11557917;154.027;154.047;154.037;0;T;True;3
1621228732000;11557918;154.027;154.047;154.037;0;T;True;3
1621228733000;11557919;154.027;154.047;154.037;0;T;True;3
1621228734000;11557920;154.027;154.047;154.037;0;T;True;3
1621228735000;11557921;154.027;154.047;154.037;0;T;True;3
1621228736000;11557922;154.027;154.047;154.037;0;T;True;3
1621228737000;11557924;154.025;154.045;154.035;1;T;True;3
1621228738000;11557927;154.023;154.043;154.033;2;T;True;3
1621228739000;11557928;154.023;154.043;154.033;0;T;True;3
1621228740000;11557929;154.023;154.043;154.033;0;T;True;3
1621228741000;11557932;154.026;154.046;154.036;2;T;True;3
1621228742000;11557934;154.027;154.047;154.037;1;T;True;3
1621228743000;11557937;154.029;154.049;154.039;2;T;True;3
1621228744000;11557939;154.027;154.047;154.037;1;T;True;3
1621228745000;11557940;154.027;154.047;154.037;0;T;True;3
1621228746000;11557941;154.027;154.047;154.037;0;T;True;3
1621228747000;11557943;154.028;154.048;154.038;1;T;True;3
1621228748000;11557945;154.027;154.047;154.037;1;T;True;3
1621228749000;11557946;154.027;154.047;154.037;0;T;True;3
1621228750000;11557947;154.027;154.047;154.037;0;T;True;3
1621228751000;11557948;154.027;154.047;154.037;0;T;True;3
1621228752000;11557951;154.029;154.049;154.039;2;T;True;3
1621228753000;11557952;154.029;154.049;154.039;0;T;True;3
1621228754000;11557953;154.029;154.049;154.039;0;T;True;3
1621228755000;11557955;154.031;154.051;154.041;1;T;True;3
1621228756000;11557956;154.031;154.051;154.041;0;T;True;3
1621228757000;11557957;154.031;154.051;154.041;0;T;True;3
1621228758000;11557958;154.031;154.051;154.041;0;T;True;3
1621228759000;11557959;154.031;154.051;154.041;0;T;True;3
1621228760000;11557960;154.031;154.051;154.041;0;T;True;3
1621228761000;11557961;154.031;154.051;154.041;0;T;True;3
1621228762000;11557963;154.029;154.049;154.039;1;T;True;3
1621228763000;11557964;154.029;154.049;154.039;0;T;True;3
1621228764000;11557965;154.029;154.049;154.039;0;T;True;3
1621228765000;11557967;154.027;154.047;154.037;1;T;True;3
1621228766000;11557968;154.027;154.047;154.037;0;T;True;3
1621228767000;11557970;154.023;154.043;154.033;1;T;True;3
1621228768000;11557972;154.023;154.043;154.033;1;T;True;3
1621228769000;11557974;154.023;154.043;154.033;1;T;True;3
1621228770000;11557975;154.023;154.043;154.033;0;T;True;3
1621228771000;11557976;154.023;154.043;154.033;0;T;True;3
1621228772000;11557977;154.023;154.043;154.033;0;T;True;3
1621228773000;11557978;154.023;154.043;154.033;0;T;True;3
1621228774000;11557979;154.023;154.043;154.033;0;T;True;3
1621228775000;11557981;154.024;154.044;154.034;1;T;True;3
1621228776000;11557982;154.024;154.044;154.034;0;T;True;3
1621228777000;11557983;154.024;154.044;154.034;0;T;True;3
1621228778000;11557984;154.024;154.044;154.034;0;T;True;3
1621228779000;11557985;154.024;154.044;154.034;0;T;True;3
1621228780000;11557986;154.024;154.044;154.034;0;T;True;3
1621228781000;11557987;154.024;154.044;154.034;0;T;True;3
1621228782000;11557988;154.024;154.044;154.034;0;T;True;3
1621228783000;11557990;154.025;154.045;154.035;1;T;True;3
1621228784000;11557991;154.025;154.045;154.035;0;T;True;3
1621228785000;11557992;154.025;154.045;154.035;0;T;True;3
1621228786000;11557993;154.025;154.045;154.035;0;T;True;3
1621228787000;11557995;154.024;154.044;154.034;1;T;True;3
1621228788000;11557996;154.024;154.044;154.034;0;T;True;3
1621228789000;11557997;154.024;154.044;154.034;0;T;True;3
1621228790000;11557998;154.024;154.044;154.034;0;T;True;3
1621228791000;11557999;154.024;154.044;154.034;0;T;True;3
1621228792000;11558000;154.024;154.044;154.034;0;T;True;3
1621228793000;11558001;154.024;154.044;154.034;0;T;True;3
1621228794000;11558003;154.025;154.045;154.035;1;T;True;3
1621228795000;11558004;154.025;154.045;154.035;0;T;True;3
1621228796000;11558005;154.025;154.045;154.035;0;T;True;3
1621228797000;11558006;154.025;154.045;154.035;0;T;True;3
1621228798000;11558007;154.025;154.045;154.035;0;T;True;3
1621228799000;11558008;154.025;154.045;154.035;0;T;True;3
1621228800000;11558012;154.029;154.049;154.039;3;T;True;3
1621228801000;11558015;154.029;154.049;154.039;2;T;True;3
1621228802000;11558016;154.029;154.049;154.039;0;T;True;3
1621228803000;11558017;154.029;154.049;154.039;0;T;True;3
1621228804000;11558018;154.029;154.049;154.039;0;T;True;3
1621228805000;11558019;154.029;154.049;154.039;0;T;True;3
1621228806000;11558020;154.029;154.049;154.039;0;T;True;3
1621228807000;11558022;154.028;154.048;154.038;1;T;True;3
1621228808000;11558023;154.028;154.048;154.038;0;T;True;3
1621228809000;11558024;154.028;154.048;154.038;0;T;True;3
1621228810000;11558025;154.028;154.048;154.038;0;T;True;3
1621228811000;11558029;154.031;154.051;154.041;3;T;True;3
1621228812000;11558030;154.031;154.051;154.041;0;T;True;3
1621228813000;11558031;154.031;154.051;154.041;0;T;True;3
1621228814000;11558032;154.031;154.051;154.041;0;T;True;3
1621228815000;11558033;154.031;154.051;154.041;0;T;True;3
1621228816000;11558034;154.031;154.051;154.041;0;T;True;3
1621228817000;11558035;154.031;154.051;154.041;0;T;True;3
1621228818000;11558036;154.031;154.051;154.041;0;T;True;3
1621228819000;11558037;154.031;154.051;154.041;0;T;True;3
1621228820000;11558038;154.031;154.051;154.041;0;T;True;3
1621228821000;11558039;154.031;154.051;154.041;0;T;True;3
1621228822000;11558040;154.031;154.051;154.041;0;T;True;3
1621228823000;11558041;154.031;154.051;154.041;0;T;True;3
1621228824000;11558042;154.031;154.051;154.041;0;T;True;3
1621228825000;11558043;154.031;154.051;154.041;0;T;True;3
1621228826000;11558044;154.031;154.051;154.041;0;T;True;3
1621228827000;11558045;154.031;154.051;154.041;0;T;True;3
1621228828000;11558046;154.031;154.051;154.041;0;T;True;3
1621228829000;11558047;154.031;154.051;154.041;0;T;True;3
1621228830000;11558048;154.031;154.051;154.041;0;T;True;3
1621228831000;11558049;154.031;154.051;154.041;0;T;True;3
1621228832000;11558052;154.038;154.058;154.048;2;T;True;3
1621228833000;11558053;154.038;154.058;154.048;0;T;True;3
1621228834000;11558054;154.038;154.058;154.048;0;T;True;3
1621228835000;11558055;154.038;154.058;154.048;0;T;True;3
1621228836000;11558056;154.038;154.058;154.048;0;T;True;3
1621228837000;11558058;154.039;154.059;154.049;1;T;True;3
1621228838000;11558059;154.039;154.059;154.049;0;T;True;3
1621228839000;11558060;154.039;154.059;154.049;0;T;True;3
1621228840000;11558061;154.039;154.059;154.049;0;T;True;3
1621228841000;11558062;154.039;154.059;154.049;0;T;True;3
1621228842000;11558065;154.045;154.065;154.055;2;T;True;3
1621228843000;11558068;154.046;154.066;154.056;2;T;True;3
1621228844000;11558070;154.047;154.067;154.057;1;T;True;3
1621228845000;11558071;154.047;154.067;154.057;0;T;True;3
1621228846000;11558072;154.047;154.067;154.057;0;T;True;3
1621228847000;11558073;154.047;154.067;154.057;0;T;True;3
1621228848000;11558074;154.047;154.067;154.057;0;T;True;3
1621228849000;11558075;154.047;154.067;154.057;0;T;True;3
1621228850000;11558076;154.047;154.067;154.057;0;T;True;3
1621228851000;11558077;154.047;154.067;154.057;0;T;True;3
1621228852000;11558078;154.047;154.067;154.057;0;T;True;3
1621228853000;11558079;154.047;154.067;154.057;0;T;True;3
1621228854000;11558080;154.047;154.067;154.057;0;T;True;3
1621228855000;11558081;154.047;154.067;154.057;0;T;True;3
1621228856000;11558083;154.046;154.066;154.056;1;T;True;3
1621228857000;11558084;154.046;154.066;154.056;0;T;True;3
1621228858000;11558085;154.046;154.066;154.056;0;T;True;3
1621228859000;11558086;154.046;154.066;154.056;0;T;True;3
1621228860000;11558087;154.046;154.066;154.056;0;T;True;3
1621228861000;11558088;154.046;154.066;154.056;0;T;True;3
1621228862000;11558089;154.046;154.066;154.056;0;T;True;3
1621228863000;11558090;154.046;154.066;154.056;0;T;True;3
1621228864000;11558091;154.046;154.066;154.056;0;T;True;3
1621228865000;11558092;154.046;154.066;154.056;0;T;True;3
1621228866000;11558093;154.046;154.066;154.056;0;T;True;3
1621228867000;11558094;154.046;154.066;154.056;0;T;True;3
1621228868000;11558095;154.046;154.066;154.056;0;T;True;3
1621228869000;11558097;154.047;154.067;154.057;1;T;True;3
1621228870000;11558098;154.047;154.067;154.057;0;T;True;3
1621228871000;11558099;154.047;154.067;154.057;0;T;True;3
1621228872000;11558100;154.047;154.067;154.057;0;T;True;3
1621228873000;11558101;154.047;154.067;154.057;0;T;True;3
1621228874000;11558102;154.047;154.067;154.057;0;T;True;3
1621228875000;11558103;154.047;154.067;154.057;0;T;True;3
1621228876000;11558104;154.047;154.067;154.057;0;T;True;3
1621228877000;11558105;154.047;154.067;154.057;0;T;True;3
1621228878000;11558106;154.047;154.067;154.057;0;T;True;3
1621228879000;11558107;154.047;154.067;154.057;0;T;True;3
1621228880000;11558108;154.047;154.067;154.057;0;T;True;3
1621228881000;11558109;154.047;154.067;154.057;0;T;True;3
1621228882000;11558110;154.047;154.067;154.057;0;T;True;3
1621228883000;11558111;154.047;154.067;154.057;0;T;True;3
1621228884000;11558114;154.042;154.062;154.052;2;T;True;3
1621228885000;11558117;154.042;154.062;154.052;2;T;True;3
1621228886000;11558119;154.043;154.063;154.053;1;T;True;3
1621228887000;11558121;154.044;154.064;154.054;1;T;True;3
1621228888000;11558122;154.044;154.064;154.054;0;T;True;3
1621228889000;11558123;154.044;154.064;154.054;0;T;True;3
1621228890000;11558124;154.044;154.064;154.054;0;T;True;3
1621228891000;11558125;154.044;154.064;154.054;0;T;True;3
1621228892000;11558126;154.044;154.064;154.054;0;T;True;3
1621228893000;11558128;154.045;154.065;154.055;1;T;True;3
1621228894000;11558132;154.053;154.073;154.063;3;T;True;3
1621228895000;11558133;154.053;154.073;154.063;0;T;True;3
1621228896000;11558134;154.053;154.073;154.063;0;T;True;3
1621228897000;11558135;154.053;154.073;154.063;0;T;True;3
1621228898000;11558136;154.053;154.073;154.063;0;T;True;3
1621228899000;11558137;154.053;154.073;154.063;0;T;True;3
1621228900000;11558139;154.054;154.074;154.064;1;T;True;3
1621228901000;11558140;154.054;154.074;154.064;0;T;True;3
1621228902000;11558141;154.054;154.074;154.064;0;T;True;3
1621228903000;11558143;154.053;154.073;154.063;1;T;True;3
1621228904000;11558144;154.053;154.073;154.063;0;T;True;3
1621228905000;11558145;154.053;154.073;154.063;0;T;True;3
1621228906000;11558146;154.053;154.073;154.063;0;T;True;3
1621228907000;11558148;154.055;154.075;154.065;1;T;True;3
1621228908000;11558150;154.054;154.074;154.064;1;T;True;3
1621228909000;11558151;154.054;154.074;154.064;0;T;True;3
1621228910000;11558153;154.053;154.073;154.063;1;T;True;3
1621228911000;11558154;154.053;154.073;154.063;0;T;True;3
1621228912000;11558156;154.052;154.072;154.062;1;T;True;3
1621228913000;11558157;154.052;154.072;154.062;0;T;True;3
1621228914000;11558159;154.051;154.071;154.061;1;T;True;3
1621228915000;11558160;154.051;154.071;154.061;0;T;True;3
1621228916000;11558161;154.051;154.071;154.061;0;T;True;3
1621228917000;11558162;154.051;154.071;154.061;0;T;True;3
1621228918000;11558163;154.051;154.071;154.061;0;T;True;3
1621228919000;11558167;154.057;154.077;154.067;3;T;True;3
1621228920000;11558168;154.057;154.077;154.067;0;T;True;3
1621228921000;11558169;154.057;154.077;154.067;0;T;True;3
1621228922000;11558170;154.057;154.077;154.067;0;T;True;3
1621228923000;11558172;154.061;154.081;154.071;1;T;True;3
1621228924000;11558173;154.061;154.081;154.071;0;T;True;3
1621228925000;11558174;154.061;154.081;154.071;0;T;True;3
1621228926000;11558175;154.061;154.081;154.071;0;T;True;3
1621228927000;11558176;154.061;154.081;154.071;0;T;True;3
1621228928000;11558178;154.062;154.082;154.072;1;T;True;3
1621228929000;11558183;154.063;154.083;154.073;4;T;True;3
1621228930000;11558186;154.06;154.08;154.07;2;T;True;3
1621228931000;11558187;154.06;154.08;154.07;0;T;True;3
1621228932000;11558188;154.06;154.08;154.07;0;T;True;3
1621228933000;11558190;154.059;154.079;154.069;1;T;True;3
1621228934000;11558191;154.059;154.079;154.069;0;T;True;3
1621228935000;11558192;154.059;154.079;154.069;0;T;True;3
1621228936000;11558193;154.059;154.079;154.069;0;T;True;3
1621228937000;11558194;154.059;154.079;154.069;0;T;True;3
1621228938000;11558196;154.057;154.077;154.067;1;T;True;3
1621228939000;11558197;154.057;154.077;154.067;0;T;True;3
1621228940000;11558198;154.057;154.077;154.067;0;T;True;3
1621228941000;11558199;154.057;154.077;154.067;0;T;True;3
1621228942000;11558200;154.057;154.077;154.067;0;T;True;3
1621228943000;11558201;154.057;154.077;154.067;0;T;True;3
1621228944000;11558202;154.057;154.077;154.067;0;T;True;3
1621228945000;11558203;154.057;154.077;154.067;0;T;True;3
1621228946000;11558205;154.058;154.078;154.068;1;T;True;3
1621228947000;11558206;154.058;154.078;154.068;0;T;True;3
1621228948000;11558207;154.058;154.078;154.068;0;T;True;3
1621228949000;11558209;154.059;154.079;154.069;1;T;True;3
1621228950000;11558210;154.059;154.079;154.069;0;T;True;3
1621228951000;11558212;154.061;154.081;154.071;1;T;True;3
1621228952000;11558213;154.061;154.081;154.071;0;T;True;3
1621228953000;11558214;154.061;154.081;154.071;0;T;True;3
1621228954000;11558215;154.061;154.081;154.071;0;T;True;3
1621228955000;11558216;154.061;154.081;154.071;0;T;True;3
1621228956000;11558217;154.061;154.081;154.071;0;T;True;3
1621228957000;11558218;154.061;154.081;154.071;0;T;True;3
1621228958000;11558219;154.061;154.081;154.071;0;T;True;3
1621228959000;11558220;154.061;154.081;154.071;0;T;True;3
1621228960000;11558221;154.061;154.081;154.071;0;T;True;3
1621228961000;11558222;154.061;154.081;154.071;0;T;True;3
1621228962000;11558224;154.06;154.08;154.07;1;T;True;3
1621228963000;11558225;154.06;154.08;154.07;0;T;True;3
1621228964000;11558226;154.06;154.08;154.07;0;T;True;3
1621228965000;11558227;154.06;154.08;154.07;0;T;True;3
1621228966000;11558228;154.06;154.08;154.07;0;T;True;3
1621228967000;11558229;154.06;154.08;154.07;0;T;True;3
1621228968000;11558231;154.059;154.079;154.069;1;T;True;3
1621228969000;11558232;154.059;154.079;154.069;0;T;True;3
1621228970000;11558233;154.059;154.079;154.069;0;T;True;3
1621228971000;11558234;154.059;154.079;154.069;0;T;True;3
1621228972000;11558235;154.059;154.079;154.069;0;T;True;3
1621228973000;11558238;154.065;154.085;154.075;2;T;True;3
1621228974000;11558239;154.065;154.085;154.075;0;T;True;3
1621228975000;11558241;154.067;154.087;154.077;1;T;True;3
1621228976000;11558245;154.069;154.089;154.079;3;T;True;3
1621228977000;11558246;154.069;154.089;154.079;0;T;True;3
1621228978000;11558247;154.069;154.089;154.079;0;T;True;3
1621228979000;11558248;154.069;154.089;154.079;0;T;True;3
1621228980000;11558250;154.07;154.09;154.08;1;T;True;3
1621228981000;11558251;154.07;154.09;154.08;0;T;True;3
1621228982000;11558252;154.07;154.09;154.08;0;T;True;3
1621228983000;11558253;154.07;154.09;154.08;0;T;True;3
1621228984000;11558254;154.07;154.09;154.08;0;T;True;3
1621228985000;11558255;154.07;154.09;154.08;0;T;True;3
1621228986000;11558256;154.07;154.09;154.08;0;T;True;3
1621228987000;11558257;154.07;154.09;154.08;0;T;True;3
1621228988000;11558260;154.074;154.094;154.084;2;T;True;3
1621228989000;11558261;154.074;154.094;154.084;0;T;True;3
1621228990000;11558263;154.075;154.095;154.085;1;T;True;3
1621228991000;11558264;154.075;154.095;154.085;0;T;True;3
1621228992000;11558267;154.073;154.093;154.083;2;T;True;3
1621228993000;11558268;154.073;154.093;154.083;0;T;True;3
1621228994000;11558269;154.073;154.093;154.083;0;T;True;3
1621228995000;11558270;154.073;154.093;154.083;0;T;True;3
1621228996000;11558271;154.073;154.093;154.083;0;T;True;3
1621228997000;11558272;154.073;154.093;154.083;0;T;True;3
1621228998000;11558273;154.073;154.093;154.083;0;T;True;3
1621228999000;11558274;154.073;154.093;154.083;0;T;True;3
1621229000000;11558275;154.073;154.093;154.083;0;T;True;3
1621229001000;11558276;154.073;154.093;154.083;0;T;True;3
1621229002000;11558277;154.073;154.093;154.083;0;T;True;3
1621229003000;11558278;154.073;154.093;154.083;0;T;True;3
1621229004000;11558279;154.073;154.093;154.083;0;T;True;3
1621229005000;11558280;154.073;154.093;154.083;0;T;True;3
1621229006000;11558281;154.073;154.093;154.083;0;T;True;3
1621229007000;11558282;154.073;154.093;154.083;0;T;True;3
1621229008000;11558284;154.071;154.091;154.081;1;T;True;3
1621229009000;11558286;154.066;154.086;154.076;1;T;True;3
1621229010000;11558289;154.063;154.083;154.073;2;T;True;3
1621229011000;11558291;154.062;154.082;154.072;1;T;True;3
1621229012000;11558293;154.063;154.083;154.073;1;T;True;3
1621229013000;11558294;154.063;154.083;154.073;0;T;True;3
1621229014000;11558295;154.063;154.083;154.073;0;T;True;3
1621229015000;11558296;154.063;154.083;154.073;0;T;True;3
1621229016000;11558297;154.063;154.083;154.073;0;T;True;3
1621229017000;11558299;154.062;154.082;154.072;1;T;True;3
1621229018000;11558300;154.062;154.082;154.072;0;T;True;3
1621229019000;11558301;154.062;154.082;154.072;0;T;True;3
1621229020000;11558307;154.054;154.074;154.064;5;T;True;3
1621229021000;11558309;154.055;154.075;154.065;1;T;True;3
1621229022000;11558310;154.055;154.075;154.065;0;T;True;3
1621229023000;11558311;154.055;154.075;154.065;0;T;True;3
1621229024000;11558312;154.055;154.075;154.065;0;T;True;3
1621229025000;11558313;154.055;154.075;154.065;0;T;True;3
1621229026000;11558314;154.055;154.075;154.065;0;T;True;3
1621229027000;11558315;154.055;154.075;154.065;0;T;True;3
1621229028000;11558316;154.055;154.075;154.065;0;T;True;3
1621229029000;11558317;154.055;154.075;154.065;0;T;True;3
1621229030000;11558322;154.053;154.073;154.063;4;T;True;3
1621229031000;11558323;154.053;154.073;154.063;0;T;True;3
1621229032000;11558324;154.053;154.073;154.063;0;T;True;3
1621229033000;11558325;154.053;154.073;154.063;0;T;True;3
1621229034000;11558326;154.053;154.073;154.063;0;T;True;3
1621229035000;11558327;154.053;154.073;154.063;0;T;True;3
1621229036000;11558328;154.053;154.073;154.063;0;T;True;3
1621229037000;11558329;154.053;154.073;154.063;0;T;True;3
1621229038000;11558330;154.053;154.073;154.063;0;T;True;3
1621229039000;11558331;154.053;154.073;154.063;0;T;True;3
1621229040000;11558332;154.053;154.073;154.063;0;T;True;3
1621229041000;11558333;154.053;154.073;154.063;0;T;True;3
1621229042000;11558334;154.053;154.073;154.063;0;T;True;3
1621229043000;11558335;154.053;154.073;154.063;0;T;True;3
1621229044000;11558336;154.053;154.073;154.063;0;T;True;3
1621229045000;11558337;154.053;154.073;154.063;0;T;True;3
1621229046000;11558338;154.053;154.073;154.063;0;T;True;3
1621229047000;11558339;154.053;154.073;154.063;0;T;True;3
1621229048000;11558340;154.053;154.073;154.063;0;T;True;3
1621229049000;11558341;154.053;154.073;154.063;0;T;True;3
1621229050000;11558342;154.053;154.073;154.063;0;T;True;3
1621229051000;11558343;154.053;154.073;154.063;0;T;True;3
1621229052000;11558344;154.053;154.073;154.063;0;T;True;3
1621229053000;11558346;154.054;154.074;154.064;1;T;True;3
1621229054000;11558347;154.054;154.074;154.064;0;T;True;3
1621229055000;11558348;154.054;154.074;154.064;0;T;True;3
1621229056000;11558349;154.054;154.074;154.064;0;T;True;3
1621229057000;11558350;154.054;154.074;154.064;0;T;True;3
1621229058000;11558351;154.054;154.074;154.064;0;T;True;3
1621229059000;11558352;154.054;154.074;154.064;0;T;True;3
1621229060000;11558354;154.055;154.075;154.065;1;T;True;3
1621229061000;11558355;154.055;154.075;154.065;0;T;True;3
1621229062000;11558356;154.055;154.075;154.065;0;T;True;3
1621229063000;11558357;154.055;154.075;154.065;0;T;True;3
1621229064000;11558358;154.055;154.075;154.065;0;T;True;3
1621229065000;11558361;154.046;154.066;154.056;2;T;True;3
1621229066000;11558364;154.053;154.073;154.063;2;T;True;3
1621229067000;11558366;154.051;154.071;154.061;1;T;True;3
1621229068000;11558369;154.047;154.067;154.057;2;T;True;3
1621229069000;11558370;154.047;154.067;154.057;0;T;True;3
1621229070000;11558371;154.047;154.067;154.057;0;T;True;3
1621229071000;11558372;154.047;154.067;154.057;0;T;True;3
1621229072000;11558373;154.047;154.067;154.057;0;T;True;3
1621229073000;11558375;154.045;154.065;154.055;1;T;True;3
1621229074000;11558376;154.045;154.065;154.055;0;T;True;3
1621229075000;11558377;154.045;154.065;154.055;0;T;True;3
1621229076000;11558378;154.045;154.065;154.055;0;T;True;3
1621229077000;11558380;154.043;154.063;154.053;1;T;True;3
1621229078000;11558381;154.043;154.063;154.053;0;T;True;3
1621229079000;11558382;154.043;154.063;154.053;0;T;True;3
1621229080000;11558383;154.043;154.063;154.053;0;T;True;3
1621229081000;11558385;154.041;154.061;154.051;1;T;True;3
1621229082000;11558386;154.041;154.061;154.051;0;T;True;3
1621229083000;11558387;154.041;154.061;154.051;0;T;True;3
1621229084000;11558388;154.041;154.061;154.051;0;T;True;3
1621229085000;11558389;154.041;154.061;154.051;0;T;True;3
1621229086000;11558390;154.041;154.061;154.051;0;T;True;3
1621229087000;11558391;154.041;154.061;154.051;0;T;True;3
1621229088000;11558392;154.041;154.061;154.051;0;T;True;3
1621229089000;11558393;154.041;154.061;154.051;0;T;True;3
1621229090000;11558395;154.045;154.065;154.055;1;T;True;3
1621229091000;11558397;154.043;154.063;154.053;1;T;True;3
1621229092000;11558398;154.043;154.063;154.053;0;T;True;3
1621229093000;11558399;154.043;154.063;154.053;0;T;True;3
1621229094000;11558400;154.043;154.063;154.053;0;T;True;3
1621229095000;11558403;154.041;154.061;154.051;2;T;True;3
1621229096000;11558404;154.041;154.061;154.051;0;T;True;3
1621229097000;11558405;154.041;154.061;154.051;0;T;True;3
1621229098000;11558406;154.041;154.061;154.051;0;T;True;3
1621229099000;11558407;154.041;154.061;154.051;0;T;True;3
1621229100000;11558408;154.041;154.061;154.051;0;T;True;3
1621229101000;11558409;154.041;154.061;154.051;0;T;True;3
1621229102000;11558410;154.041;154.061;154.051;0;T;True;3
1621229103000;11558414;154.041;154.061;154.051;3;T;True;3
1621229104000;11558415;154.041;154.061;154.051;0;T;True;3
1621229105000;11558416;154.041;154.061;154.051;0;T;True;3
1621229106000;11558417;154.041;154.061;154.051;0;T;True;3
1621229107000;11558418;154.041;154.061;154.051;0;T;True;3
1621229108000;11558419;154.041;154.061;154.051;0;T;True;3
1621229109000;11558420;154.041;154.061;154.051;0;T;True;3
1621229110000;11558421;154.041;154.061;154.051;0;T;True;3
1621229111000;11558422;154.041;154.061;154.051;0;T;True;3
1621229112000;11558423;154.041;154.061;154.051;0;T;True;3
1621229113000;11558424;154.041;154.061;154.051;0;T;True;3
1621229114000;11558425;154.041;154.061;154.051;0;T;True;3
1621229115000;11558426;154.041;154.061;154.051;0;T;True;3
1621229116000;11558427;154.041;154.061;154.051;0;T;True;3
1621229117000;11558428;154.041;154.061;154.051;0;T;True;3
1621229118000;11558429;154.041;154.061;154.051;0;T;True;3
1621229119000;11558430;154.041;154.061;154.051;0;T;True;3
1621229120000;11558431;154.041;154.061;154.051;0;T;True;3
1621229121000;11558434;154.039;154.059;154.049;2;T;True;3
1621229122000;11558440;154.025;154.045;154.035;5;T;True;3
1621229123000;11558442;154.023;154.043;154.033;1;T;True;3
1621229124000;11558444;154.022;154.042;154.032;1;T;True;3
1621229125000;11558445;154.022;154.042;154.032;0;T;True;3
1621229126000;11558449;154.018;154.038;154.028;3;T;True;3
1621229127000;11558450;154.018;154.038;154.028;0;T;True;3
1621229128000;11558452;154.017;154.037;154.027;1;T;True;3
1621229129000;11558453;154.017;154.037;154.027;0;T;True;3
1621229130000;11558454;154.017;154.037;154.027;0;T;True;3
1621229131000;11558455;154.017;154.037;154.027;0;T;True;3
1621229132000;11558456;154.017;154.037;154.027;0;T;True;3
1621229133000;11558457;154.017;154.037;154.027;0;T;True;3
1621229134000;11558458;154.017;154.037;154.027;0;T;True;3
1621229135000;11558459;154.017;154.037;154.027;0;T;True;3
1621229136000;11558460;154.017;154.037;154.027;0;T;True;3
1621229137000;11558464;154.011;154.031;154.021;3;T;True;3
1621229138000;11558469;154.008;154.028;154.018;4;T;True;3
1621229139000;11558470;154.008;154.028;154.018;0;T;True;3
1621229140000;11558471;154.008;154.028;154.018;0;T;True;3
1621229141000;11558472;154.008;154.028;154.018;0;T;True;3
1621229142000;11558473;154.008;154.028;154.018;0;T;True;3
1621229143000;11558475;154.009;154.029;154.019;1;T;True;3
1621229144000;11558477;154.008;154.028;154.018;1;T;True;3
1621229145000;11558478;154.008;154.028;154.018;0;T;True;3
1621229146000;11558479;154.008;154.028;154.018;0;T;True;3
1621229147000;11558480;154.008;154.028;154.018;0;T;True;3
1621229148000;11558481;154.008;154.028;154.018;0;T;True;3
1621229149000;11558482;154.008;154.028;154.018;0;T;True;3
1621229150000;11558483;154.008;154.028;154.018;0;T;True;3
1621229151000;11558484;154.008;154.028;154.018;0;T;True;3
1621229152000;11558486;154.007;154.027;154.017;1;T;True;3
1621229153000;11558488;154.005;154.025;154.015;1;T;True;3
1621229154000;11558489;154.005;154.025;154.015;0;T;True;3
1621229155000;11558490;154.005;154.025;154.015;0;T;True;3
1621229156000;11558491;154.005;154.025;154.015;0;T;True;3
1621229157000;11558492;154.005;154.025;154.015;0;T;True;3
1621229158000;11558494;154.006;154.026;154.016;1;T;True;3
1621229159000;11558495;154.006;154.026;154.016;0;T;True;3
1621229160000;11558496;154.006;154.026;154.016;0;T;True;3
1621229161000;11558498;154.007;154.027;154.017;1;T;True;3
1621229162000;11558499;154.007;154.027;154.017;0;T;True;3
1621229163000;11558500;154.007;154.027;154.017;0;T;True;3
1621229164000;11558501;154.007;154.027;154.017;0;T;True;3
1621229165000;11558502;154.007;154.027;154.017;0;T;True;3
1621229166000;11558504;154.009;154.029;154.019;1;T;True;3
1621229167000;11558505;154.009;154.029;154.019;0;T;True;3
1621229168000;11558506;154.009;154.029;154.019;0;T;True;3
1621229169000;11558507;154.009;154.029;154.019;0;T;True;3
1621229170000;11558509;154.011;154.031;154.021;1;T;True;3
1621229171000;11558510;154.011;154.031;154.021;0;T;True;3
1621229172000;11558511;154.011;154.031;154.021;0;T;True;3
1621229173000;11558512;154.011;154.031;154.021;0;T;True;3
1621229174000;11558516;154.005;154.025;154.015;3;T;True;3
1621229175000;11558517;154.005;154.025;154.015;0;T;True;3
1621229176000;11558519;154.003;154.023;154.013;1;T;True;3
1621229177000;11558520;154.003;154.023;154.013;0;T;True;3
1621229178000;11558521;154.003;154.023;154.013;0;T;True;3
1621229179000;11558522;154.003;154.023;154.013;0;T;True;3
1621229180000;11558523;154.003;154.023;154.013;0;T;True;3
1621229181000;11558524;154.003;154.023;154.013;0;T;True;3
1621229182000;11558525;154.003;154.023;154.013;0;T;True;3
1621229183000;11558526;154.003;154.023;154.013;0;T;True;3
1621229184000;11558527;154.003;154.023;154.013;0;T;True;3
1621229185000;11558528;154.003;154.023;154.013;0;T;True;3
1621229186000;11558530;154.002;154.022;154.012;1;T;True;3
1621229187000;11558531;154.002;154.022;154.012;0;T;True;3
