ts;n;bid;ask;value;volume;phase;round;active_id
1621215193000;11538245;154.036;154.056;154.046;1;T;True;3
1621215194000;11538246;154.036;154.056;154.046;0;T;True;3
1621215195000;11538247;154.036;154.056;154.046;0;T;True;3
1621215196000;11538248;154.036;154.056;154.046;0;T;True;3
1621215197000;11538250;154.035;154.055;154.045;1;T;True;3
1621215198000;11538253;154.037;154.057;154.047;2;T;True;3
1621215199000;11538254;154.037;154.057;154.047;0;T;True;3
1621215200000;11538256;154.036;154.056;154.046;1;T;True;3
1621215201000;11538257;154.036;154.056;154.046;0;T;True;3
1621215202000;11538260;154.037;154.057;154.047;2;T;True;3
1621215203000;11538262;154.035;154.055;154.045;1;T;True;3
1621215204000;11538263;154.035;154.055;154.045;0;T;True;3
1621215205000;11538267;154.04;154.06;154.05;3;T;True;3
1621215206000;11538269;154.041;154.061;154.051;1;T;True;3
1621215207000;11538272;154.041;154.061;154.051;2;T;True;3
1621215208000;11538275;154.043;154.063;154.053;2;T;True;3
1621215209000;11538277;154.045;154.065;154.055;1;T;True;3
1621215210000;11538280;154.049;154.069;154.059;2;T;True;3
1621215211000;11538281;154.049;154.069;154.059;0;T;True;3
1621215212000;11538282;154.049;154.069;154.059;0;T;True;3
1621215213000;11538283;154.049;154.069;154.059;0;T;True;3
1621215214000;11538286;154.047;154.067;154.057;2;T;True;3
1621215215000;11538287;154.047;154.067;154.057;0;T;True;3
1621215216000;11538288;154.047;154.067;154.057;0;T;True;3
1621215217000;11538290;154.045;154.065;154.055;1;T;True;3
1621215218000;11538291;154.045;154.065;154.055;0;T;True;3
1621215219000;11538293;154.046;154.066;154.056;1;T;True;3
1621215220000;11538294;154.046;154.066;154.056;0;T;True;3
1621215221000;11538296;154.047;154.067;154.057;1;T;True;3
1621215222000;11538298;154.046;154.066;154.056;1;T;True;3
1621215223000;11538299;154.046;154.066;154.056;0;T;True;3
1621215224000;11538300;154.046;154.066;154.056;0;T;True;3
1621215225000;11538301;154.046;154.066;154.056;0;T;True;3
1621215226000;11538303;154.045;154.065;154.055;1;T;True;3
1621215227000;11538304;154.045;154.065;154.055;0;T;True;3
1621215228000;11538305;154.045;154.065;154.055;0;T;True;3
1621215229000;11538308;154.045;154.065;154.055;2;T;True;3
1621215230000;11538309;154.045;154.065;154.055;0;T;True;3
1621215231000;11538310;154.045;154.065;154.055;0;T;True;3
1621215232000;11538313;154.049;154.069;154.059;2;T;True;3
1621215233000;11538315;154.051;154.071;154.061;1;T;True;3
1621215234000;11538316;154.051;154.071;154.061;0;T;True;3
1621215235000;11538317;154.051;154.071;154.061;0;T;True;3
1621215236000;11538318;154.051;154.071;154.061;0;T;True;3
1621215237000;11538319;154.051;154.071;154.061;0;T;True;3
1621215238000;11538321;154.049;154.069;154.059;1;T;True;3
1621215239000;11538323;154.05;154.07;154.06;1;T;True;3
1621215240000;11538328;154.054;154.074;154.064;4;T;True;3
1621215241000;11538329;154.054;154.074;154.064;0;T;True;3
1621215242000;11538331;154.055;154.075;154.065;1;T;True;3
1621215243000;11538333;154.055;154.075;154.065;1;T;True;3
1621215244000;11538334;154.055;154.075;154.065;0;T;True;3
1621215245000;11538338;154.051;154.071;154.061;3;T;True;3
1621215246000;11538341;154.049;154.069;154.059;2;T;True;3
1621215247000;11538342;154.049;154.069;154.059;0;T;True;3
1621215248000;11538343;154.049;154.069;154.059;0;T;True;3
1621215249000;11538344;154.049;154.069;154.059;0;T;True;3
1621215250000;11538348;154.051;154.071;154.061;3;T;True;3
1621215251000;11538353;154.053;154.073;154.063;4;T;True;3
1621215252000;11538354;154.053;154.073;154.063;0;T;True;3
1621215253000;11538355;154.053;154.073;154.063;0;T;True;3
1621215254000;11538356;154.053;154.073;154.063;0;T;True;3
1621215255000;11538361;154.054;154.074;154.064;4;T;True;3
1621215256000;11538362;154.054;154.074;154.064;0;T;True;3
1621215257000;11538363;154.054;154.074;154.064;0;T;True;3
1621215258000;11538366;154.052;154.072;154.062;2;T;True;3
1621215259000;11538371;154.049;154.069;154.059;4;T;True;3
1621215260000;11538372;154.049;154.069;154.059;0;T;True;3
1621215261000;11538373;154.049;154.069;154.059;0;T;True;3
1621215262000;11538374;154.049;154.069;154.059;0;T;True;3
1621215263000;11538375;154.049;154.069;154.059;0;T;True;3
1621215264000;11538376;154.049;154.069;154.059;0;T;True;3
1621215265000;11538377;154.049;154.069;154.059;0;T;True;3
1621215266000;11538379;154.05;154.07;154.06;1;T;True;3
1621215267000;11538380;154.05;154.07;154.06;0;T;True;3
1621215268000;11538381;154.05;154.07;154.06;0;T;True;3
1621215269000;11538384;154.044;154.064;154.054;2;T;True;3
1621215270000;11538385;154.044;154.064;154.054;0;T;True;3
1621215271000;11538386;154.044;154.064;154.054;0;T;True;3
1621215272000;11538388;154.045;154.065;154.055;1;T;True;3
1621215273000;11538389;154.045;154.065;154.055;0;T;True;3
1621215274000;11538391;154.049;154.069;154.059;1;T;True;3
1621215275000;11538393;154.05;154.07;154.06;1;T;True;3
1621215276000;11538394;154.05;154.07;154.06;0;T;True;3
1621215277000;11538395;154.05;154.07;154.06;0;T;True;3
1621215278000;11538397;154.051;154.071;154.061;1;T;True;3
1621215279000;11538399;154.049;154.069;154.059;1;T;True;3
1621215280000;11538400;154.049;154.069;154.059;0;T;True;3
1621215281000;11538402;154.047;154.067;154.057;1;T;True;3
1621215282000;11538405;154.042;154.062;154.052;2;T;True;3
1621215283000;11538407;154.041;154.061;154.051;1;T;True;3
1621215284000;11538410;154.04;154.06;154.05;2;T;True;3
1621215285000;11538411;154.04;154.06;154.05;0;T;True;3
1621215286000;11538415;154.045;154.065;154.055;3;T;True;3
1621215287000;11538416;154.045;154.065;154.055;0;T;True;3
1621215288000;11538417;154.045;154.065;154.055;0;T;True;3
1621215289000;11538418;154.045;154.065;154.055;0;T;True;3
1621215290000;11538419;154.045;154.065;154.055;0;T;True;3
1621215291000;11538420;154.045;154.065;154.055;0;T;True;3
1621215292000;11538421;154.045;154.065;154.055;0;T;True;3
1621215293000;11538424;154.047;154.067;154.057;2;T;True;3
1621215294000;11538425;154.047;154.067;154.057;0;T;True;3
1621215295000;11538426;154.047;154.067;154.057;0;T;True;3
1621215296000;11538427;154.047;154.067;154.057;0;T;True;3
1621215297000;11538428;154.047;154.067;154.057;0;T;True;3
1621215298000;11538429;154.047;154.067;154.057;0;T;True;3
1621215299000;11538430;154.047;154.067;154.057;0;T;True;3
1621215300000;11538431;154.047;154.067;154.057;0;T;True;3
1621215301000;11538433;154.048;154.068;154.058;1;T;True;3
1621215302000;11538437;154.047;154.067;154.057;3;T;True;3
1621215303000;11538438;154.047;154.067;154.057;0;T;True;3
1621215304000;11538441;154.047;154.067;154.057;2;T;True;3
1621215305000;11538442;154.047;154.067;154.057;0;T;True;3
1621215306000;11538443;154.047;154.067;154.057;0;T;True;3
1621215307000;11538446;154.049;154.069;154.059;2;T;True;3
1621215308000;11538448;154.048;154.068;154.058;1;T;True;3
1621215309000;11538449;154.048;154.068;154.058;0;T;True;3
1621215310000;11538450;154.048;154.068;154.058;0;T;True;3
1621215311000;11538453;154.048;154.068;154.058;2;T;True;3
1621215312000;11538456;154.048;154.068;154.058;2;T;True;3
1621215313000;11538460;154.047;154.067;154.057;3;T;True;3
1621215314000;11538461;154.047;154.067;154.057;0;T;True;3
1621215315000;11538463;154.048;154.068;154.058;1;T;True;3
1621215316000;11538465;154.047;154.067;154.057;1;T;True;3
1621215317000;11538466;154.047;154.067;154.057;0;T;True;3
1621215318000;11538467;154.047;154.067;154.057;0;T;True;3
1621215319000;11538468;154.047;154.067;154.057;0;T;True;3
1621215320000;11538469;154.047;154.067;154.057;0;T;True;3
1621215321000;11538470;154.047;154.067;154.057;0;T;True;3
1621215322000;11538471;154.047;154.067;154.057;0;T;True;3
1621215323000;11538473;154.049;154.069;154.059;1;T;True;3
1621215324000;11538474;154.049;154.069;154.059;0;T;True;3
1621215325000;11538476;154.05;154.07;154.06;1;T;True;3
1621215326000;11538477;154.05;154.07;154.06;0;T;True;3
1621215327000;11538478;154.05;154.07;154.06;0;T;True;3
1621215328000;11538479;154.05;154.07;154.06;0;T;True;3
1621215329000;11538480;154.05;154.07;154.06;0;T;True;3
1621215330000;11538482;154.049;154.069;154.059;1;T;True;3
1621215331000;11538483;154.049;154.069;154.059;0;T;True;3
1621215332000;11538484;154.049;154.069;154.059;0;T;True;3
1621215333000;11538485;154.049;154.069;154.059;0;T;True;3
1621215334000;11538486;154.049;154.069;154.059;0;T;True;3
1621215335000;11538487;154.049;154.069;154.059;0;T;True;3
1621215336000;11538488;154.049;154.069;154.059;0;T;True;3
1621215337000;11538489;154.049;154.069;154.059;0;T;True;3
1621215338000;11538490;154.049;154.069;154.059;0;T;True;3
1621215339000;11538491;154.049;154.069;154.059;0;T;True;3
1621215340000;11538492;154.049;154.069;154.059;0;T;True;3
1621215341000;11538494;154.048;154.068;154.058;1;T;True;3
1621215342000;11538496;154.049;154.069;154.059;1;T;True;3
1621215343000;11538497;154.049;154.069;154.059;0;T;True;3
1621215344000;11538498;154.049;154.069;154.059;0;T;True;3
1621215345000;11538501;154.045;154.065;154.055;2;T;True;3
1621215346000;11538502;154.045;154.065;154.055;0;T;True;3
1621215347000;11538503;154.045;154.065;154.055;0;T;True;3
1621215348000;11538504;154.045;154.065;154.055;0;T;True;3
1621215349000;11538505;154.045;154.065;154.055;0;T;True;3
1621215350000;11538506;154.045;154.065;154.055;0;T;True;3
1621215351000;11538508;154.043;154.063;154.053;1;T;True;3
1621215352000;11538513;154.043;154.063;154.053;4;T;True;3
1621215353000;11538514;154.043;154.063;154.053;0;T;True;3
1621215354000;11538515;154.043;154.063;154.053;0;T;True;3
1621215355000;11538516;154.043;154.063;154.053;0;T;True;3
1621215356000;11538517;154.043;154.063;154.053;0;T;True;3
1621215357000;11538518;154.043;154.063;154.053;0;T;True;3
1621215358000;11538519;154.043;154.063;154.053;0;T;True;3
1621215359000;11538520;154.043;154.063;154.053;0;T;True;3
1621215360000;11538521;154.043;154.063;154.053;0;T;True;3
1621215361000;11538522;154.043;154.063;154.053;0;T;True;3
1621215362000;11538526;154.045;154.065;154.055;3;T;True;3
1621215363000;11538527;154.045;154.065;154.055;0;T;True;3
1621215364000;11538528;154.045;154.065;154.055;0;T;True;3
1621215365000;11538529;154.045;154.065;154.055;0;T;True;3
1621215366000;11538533;154.053;154.073;154.063;3;T;True;3
1621215367000;11538534;154.053;154.073;154.063;0;T;True;3
1621215368000;11538535;154.053;154.073;154.063;0;T;True;3
1621215369000;11538536;154.053;154.073;154.063;0;T;True;3
1621215370000;11538538;154.052;154.072;154.062;1;T;True;3
1621215371000;11538539;154.052;154.072;154.062;0;T;True;3
1621215372000;11538540;154.052;154.072;154.062;0;T;True;3
1621215373000;11538541;154.052;154.072;154.062;0;T;True;3
1621215374000;11538543;154.051;154.071;154.061;1;T;True;3
1621215375000;11538550;154.056;154.076;154.066;6;T;True;3
1621215376000;11538551;154.056;154.076;154.066;0;T;True;3
1621215377000;11538552;154.056;154.076;154.066;0;T;True;3
1621215378000;11538556;154.055;154.075;154.065;3;T;True;3
1621215379000;11538557;154.055;154.075;154.065;0;T;True;3
1621215380000;11538558;154.055;154.075;154.065;0;T;True;3
1621215381000;11538559;154.055;154.075;154.065;0;T;True;3
1621215382000;11538560;154.055;154.075;154.065;0;T;True;3
1621215383000;11538562;154.053;154.073;154.063;1;T;True;3
1621215384000;11538564;154.049;154.069;154.059;1;T;True;3
1621215385000;11538565;154.049;154.069;154.059;0;T;True;3
1621215386000;11538566;154.049;154.069;154.059;0;T;True;3
1621215387000;11538568;154.047;154.067;154.057;1;T;True;3
1621215388000;11538569;154.047;154.067;154.057;0;T;True;3
1621215389000;11538573;154.045;154.065;154.055;3;T;True;3
1621215390000;11538574;154.045;154.065;154.055;0;T;True;3
1621215391000;11538577;154.047;154.067;154.057;2;T;True;3
1621215392000;11538579;154.048;154.068;154.058;1;T;True;3
1621215393000;11538580;154.048;154.068;154.058;0;T;True;3
1621215394000;11538581;154.048;154.068;154.058;0;T;True;3
1621215395000;11538582;154.048;154.068;154.058;0;T;True;3
1621215396000;11538583;154.048;154.068;154.058;0;T;True;3
1621215397000;11538584;154.048;154.068;154.058;0;T;True;3
1621215398000;11538585;154.048;154.068;154.058;0;T;True;3
1621215399000;11538586;154.048;154.068;154.058;0;T;True;3
1621215400000;11538588;154.049;154.069;154.059;1;T;True;3
1621215401000;11538589;154.049;154.069;154.059;0;T;True;3
1621215402000;11538590;154.049;154.069;154.059;0;T;True;3
1621215403000;11538591;154.049;154.069;154.059;0;T;True;3
1621215404000;11538593;154.052;154.072;154.062;1;T;True;3
1621215405000;11538595;154.051;154.071;154.061;1;T;True;3
1621215406000;11538596;154.051;154.071;154.061;0;T;True;3
1621215407000;11538597;154.051;154.071;154.061;0;T;True;3
1621215408000;11538599;154.049;154.069;154.059;1;T;True;3
1621215409000;11538601;154.051;154.071;154.061;1;T;True;3
1621215410000;11538602;154.051;154.071;154.061;0;T;True;3
1621215411000;11538603;154.051;154.071;154.061;0;T;True;3
1621215412000;11538604;154.051;154.071;154.061;0;T;True;3
1621215413000;11538605;154.051;154.071;154.061;0;T;True;3
1621215414000;11538607;154.049;154.069;154.059;1;T;True;3
1621215415000;11538609;154.045;154.065;154.055;1;T;True;3
1621215416000;11538610;154.045;154.065;154.055;0;T;True;3
1621215417000;11538611;154.045;154.065;154.055;0;T;True;3
1621215418000;11538612;154.045;154.065;154.055;0;T;True;3
1621215419000;11538613;154.045;154.065;154.055;0;T;True;3
1621215420000;11538614;154.045;154.065;154.055;0;T;True;3
1621215421000;11538615;154.045;154.065;154.055;0;T;True;3
1621215422000;11538616;154.045;154.065;154.055;0;T;True;3
1621215423000;11538617;154.045;154.065;154.055;0;T;True;3
1621215424000;11538618;154.045;154.065;154.055;0;T;True;3
1621215425000;11538620;154.044;154.064;154.054;1;T;True;3
1621215426000;11538622;154.046;154.066;154.056;1;T;True;3
1621215427000;11538623;154.046;154.066;154.056;0;T;True;3
1621215428000;11538624;154.046;154.066;154.056;0;T;True;3
1621215429000;11538625;154.046;154.066;154.056;0;T;True;3
1621215430000;11538626;154.046;154.066;154.056;0;T;True;3
1621215431000;11538628;154.047;154.067;154.057;1;T;True;3
1621215432000;11538630;154.045;154.065;154.055;1;T;True;3
1621215433000;11538633;154.045;154.065;154.055;2;T;True;3
1621215434000;11538634;154.045;154.065;154.055;0;T;True;3
1621215435000;11538635;154.045;154.065;154.055;0;T;True;3
1621215436000;11538636;154.045;154.065;154.055;0;T;True;3
1621215437000;11538637;154.045;154.065;154.055;0;T;True;3
1621215438000;11538638;154.045;154.065;154.055;0;T;True;3
1621215439000;11538640;154.043;154.063;154.053;1;T;True;3
1621215440000;11538641;154.043;154.063;154.053;0;T;True;3
1621215441000;11538644;154.042;154.062;154.052;2;T;True;3
1621215442000;11538645;154.042;154.062;154.052;0;T;True;3
1621215443000;11538646;154.042;154.062;154.052;0;T;True;3
1621215444000;11538648;154.045;154.065;154.055;1;T;True;3
1621215445000;11538649;154.045;154.065;154.055;0;T;True;3
1621215446000;11538650;154.045;154.065;154.055;0;T;True;3
1621215447000;11538651;154.045;154.065;154.055;0;T;True;3
1621215448000;11538652;154.045;154.065;154.055;0;T;True;3
1621215449000;11538653;154.045;154.065;154.055;0;T;True;3
1621215450000;11538656;154.043;154.063;154.053;2;T;True;3
1621215451000;11538657;154.043;154.063;154.053;0;T;True;3
1621215452000;11538658;154.043;154.063;154.053;0;T;True;3
1621215453000;11538659;154.043;154.063;154.053;0;T;True;3
1621215454000;11538661;154.044;154.064;154.054;1;T;True;3
1621215455000;11538663;154.045;154.065;154.055;1;T;True;3
1621215456000;11538664;154.045;154.065;154.055;0;T;True;3
1621215457000;11538669;154.046;154.066;154.056;4;T;True;3
1621215458000;11538670;154.046;154.066;154.056;0;T;True;3
1621215459000;11538671;154.046;154.066;154.056;0;T;True;3
1621215460000;11538672;154.046;154.066;154.056;0;T;True;3
1621215461000;11538673;154.046;154.066;154.056;0;T;True;3
1621215462000;11538676;154.043;154.063;154.053;2;T;True;3
1621215463000;11538677;154.043;154.063;154.053;0;T;True;3
1621215464000;11538678;154.043;154.063;154.053;0;T;True;3
1621215465000;11538679;154.043;154.063;154.053;0;T;True;3
1621215466000;11538683;154.045;154.065;154.055;3;T;True;3
1621215467000;11538686;154.047;154.067;154.057;2;T;True;3
1621215468000;11538688;154.049;154.069;154.059;1;T;True;3
1621215469000;11538689;154.049;154.069;154.059;0;T;True;3
1621215470000;11538690;154.049;154.069;154.059;0;T;True;3
1621215471000;11538693;154.041;154.061;154.051;2;T;True;3
1621215472000;11538696;154.045;154.065;154.055;2;T;True;3
1621215473000;11538699;154.041;154.061;154.051;2;T;True;3
1621215474000;11538701;154.04;154.06;154.05;1;T;True;3
1621215475000;11538702;154.04;154.06;154.05;0;T;True;3
1621215476000;11538704;154.041;154.061;154.051;1;T;True;3
1621215477000;11538705;154.041;154.061;154.051;0;T;True;3
1621215478000;11538709;154.039;154.059;154.049;3;T;True;3
1621215479000;11538710;154.039;154.059;154.049;0;T;True;3
1621215480000;11538711;154.039;154.059;154.049;0;T;True;3
1621215481000;11538713;154.041;154.061;154.051;1;T;True;3
1621215482000;11538715;154.043;154.063;154.053;1;T;True;3
1621215483000;11538716;154.043;154.063;154.053;0;T;True;3
1621215484000;11538724;154.035;154.055;154.045;7;T;True;3
1621215485000;11538729;154.031;154.051;154.041;4;T;True;3
1621215486000;11538730;154.031;154.051;154.041;0;T;True;3
1621215487000;11538731;154.031;154.051;154.041;0;T;True;3
1621215488000;11538736;154.037;154.057;154.047;4;T;True;3
1621215489000;11538739;154.037;154.057;154.047;2;T;True;3
1621215490000;11538742;154.035;154.055;154.045;2;T;True;3
1621215491000;11538749;154.053;154.073;154.063;6;T;True;3
1621215492000;11538750;154.053;154.073;154.063;0;T;True;3
1621215493000;11538751;154.053;154.073;154.063;0;T;True;3
1621215494000;11538753;154.052;154.072;154.062;1;T;True;3
1621215495000;11538755;154.053;154.073;154.063;1;T;True;3
1621215496000;11538756;154.053;154.073;154.063;0;T;True;3
1621215497000;11538757;154.053;154.073;154.063;0;T;True;3
1621215498000;11538760;154.053;154.073;154.063;2;T;True;3
1621215499000;11538761;154.053;154.073;154.063;0;T;True;3
1621215500000;11538762;154.053;154.073;154.063;0;T;True;3
1621215501000;11538763;154.053;154.073;154.063;0;T;True;3
1621215502000;11538764;154.053;154.073;154.063;0;T;True;3
1621215503000;11538765;154.053;154.073;154.063;0;T;True;3
1621215504000;11538766;154.053;154.073;154.063;0;T;True;3
1621215505000;11538767;154.053;154.073;154.063;0;T;True;3
1621215506000;11538773;154.055;154.075;154.065;5;T;True;3
1621215507000;11538774;154.055;154.075;154.065;0;T;True;3
1621215508000;11538775;154.055;154.075;154.065;0;T;True;3
1621215509000;11538776;154.055;154.075;154.065;0;T;True;3
1621215510000;11538777;154.055;154.075;154.065;0;T;True;3
1621215511000;11538779;154.053;154.073;154.063;1;T;True;3
1621215512000;11538782;154.056;154.076;154.066;2;T;True;3
1621215513000;11538783;154.056;154.076;154.066;0;T;True;3
1621215514000;11538785;154.055;154.075;154.065;1;T;True;3
1621215515000;11538786;154.055;154.075;154.065;0;T;True;3
1621215516000;11538787;154.055;154.075;154.065;0;T;True;3
1621215517000;11538789;154.053;154.073;154.063;1;T;True;3
1621215518000;11538793;154.054;154.074;154.064;3;T;True;3
1621215519000;11538795;154.055;154.075;154.065;1;T;True;3
1621215520000;11538798;154.055;154.075;154.065;2;T;True;3
1621215521000;11538799;154.055;154.075;154.065;0;T;True;3
1621215522000;11538800;154.055;154.075;154.065;0;T;True;3
1621215523000;11538802;154.056;154.076;154.066;1;T;True;3
1621215524000;11538803;154.056;154.076;154.066;0;T;True;3
1621215525000;11538805;154.057;154.077;154.067;1;T;True;3
1621215526000;11538806;154.057;154.077;154.067;0;T;True;3
1621215527000;11538807;154.057;154.077;154.067;0;T;True;3
1621215528000;11538808;154.057;154.077;154.067;0;T;True;3
1621215529000;11538809;154.057;154.077;154.067;0;T;True;3
1621215530000;11538810;154.057;154.077;154.067;0;T;True;3
1621215531000;11538811;154.057;154.077;154.067;0;T;True;3
1621215532000;11538812;154.057;154.077;154.067;0;T;True;3
1621215533000;11538813;154.057;154.077;154.067;0;T;True;3
1621215534000;11538814;154.057;154.077;154.067;0;T;True;3
1621215535000;11538816;154.056;154.076;154.066;1;T;True;3
1621215536000;11538817;154.056;154.076;154.066;0;T;True;3
1621215537000;11538818;154.056;154.076;154.066;0;T;True;3
1621215538000;11538819;154.056;154.076;154.066;0;T;True;3
1621215539000;11538821;154.057;154.077;154.067;1;T;True;3
1621215540000;11538822;154.057;154.077;154.067;0;T;True;3
1621215541000;11538823;154.057;154.077;154.067;0;T;True;3
1621215542000;11538824;154.057;154.077;154.067;0;T;True;3
1621215543000;11538825;154.057;154.077;154.067;0;T;True;3
1621215544000;11538826;154.057;154.077;154.067;0;T;True;3
1621215545000;11538827;154.057;154.077;154.067;0;T;True;3
1621215546000;11538828;154.057;154.077;154.067;0;T;True;3
1621215547000;11538833;154.064;154.084;154.074;4;T;True;3
1621215548000;11538834;154.064;154.084;154.074;0;T;True;3
1621215549000;11538837;154.063;154.083;154.073;2;T;True;3
1621215550000;11538838;154.063;154.083;154.073;0;T;True;3
1621215551000;11538840;154.063;154.083;154.073;1;T;True;3
1621215552000;11538841;154.063;154.083;154.073;0;T;True;3
1621215553000;11538842;154.063;154.083;154.073;0;T;True;3
1621215554000;11538845;154.065;154.085;154.075;2;T;True;3
1621215555000;11538848;154.069;154.089;154.079;2;T;True;3
1621215556000;11538849;154.069;154.089;154.079;0;T;True;3
1621215557000;11538850;154.069;154.089;154.079;0;T;True;3
1621215558000;11538852;154.069;154.089;154.079;1;T;True;3
1621215559000;11538854;154.067;154.087;154.077;1;T;True;3
1621215560000;11538855;154.067;154.087;154.077;0;T;True;3
1621215561000;11538859;154.069;154.089;154.079;3;T;True;3
1621215562000;11538861;154.067;154.087;154.077;1;T;True;3
1621215563000;11538863;154.065;154.085;154.075;1;T;True;3
1621215564000;11538864;154.065;154.085;154.075;0;T;True;3
1621215565000;11538866;154.064;154.084;154.074;1;T;True;3
1621215566000;11538868;154.064;154.084;154.074;1;T;True;3
1621215567000;11538870;154.063;154.083;154.073;1;T;True;3
1621215568000;11538875;154.072;154.092;154.082;4;T;True;3
1621215569000;11538876;154.072;154.092;154.082;0;T;True;3
1621215570000;11538878;154.073;154.093;154.083;1;T;True;3
1621215571000;11538880;154.072;154.092;154.082;1;T;True;3
1621215572000;11538882;154.072;154.092;154.082;1;T;True;3
1621215573000;11538884;154.072;154.092;154.082;1;T;True;3
1621215574000;11538886;154.073;154.093;154.083;1;T;True;3
1621215575000;11538887;154.073;154.093;154.083;0;T;True;3
1621215576000;11538888;154.073;154.093;154.083;0;T;True;3
1621215577000;11538889;154.073;154.093;154.083;0;T;True;3
1621215578000;11538890;154.073;154.093;154.083;0;T;True;3
1621215579000;11538891;154.073;154.093;154.083;0;T;True;3
1621215580000;11538892;154.073;154.093;154.083;0;T;True;3
1621215581000;11538893;154.073;154.093;154.083;0;T;True;3
1621215582000;11538894;154.073;154.093;154.083;0;T;True;3
1621215583000;11538895;154.073;154.093;154.083;0;T;True;3
1621215584000;11538897;154.076;154.096;154.086;1;T;True;3
1621215585000;11538898;154.076;154.096;154.086;0;T;True;3
1621215586000;11538901;154.078;154.098;154.088;2;T;True;3
1621215587000;11538903;154.077;154.097;154.087;1;T;True;3
1621215588000;11538904;154.077;154.097;154.087;0;T;True;3
1621215589000;11538905;154.077;154.097;154.087;0;T;True;3
1621215590000;11538906;154.077;154.097;154.087;0;T;True;3
1621215591000;11538908;154.078;154.098;154.088;1;T;True;3
1621215592000;11538909;154.078;154.098;154.088;0;T;True;3
1621215593000;11538911;154.077;154.097;154.087;1;T;True;3
1621215594000;11538915;154.069;154.089;154.079;3;T;True;3
1621215595000;11538918;154.071;154.091;154.081;2;T;True;3
1621215596000;11538920;154.07;154.09;154.08;1;T;True;3
1621215597000;11538922;154.069;154.089;154.079;1;T;True;3
1621215598000;11538923;154.069;154.089;154.079;0;T;True;3
1621215599000;11538924;154.069;154.089;154.079;0;T;True;3
1621215600000;11538925;154.069;154.089;154.079;0;T;True;3
1621215601000;11538926;154.069;154.089;154.079;0;T;True;3
1621215602000;11538927;154.069;154.089;154.079;0;T;True;3
1621215603000;11538929;154.07;154.09;154.08;1;T;True;3
1621215604000;11538931;154.071;154.091;154.081;1;T;True;3
1621215605000;11538932;154.071;154.091;154.081;0;T;True;3
1621215606000;11538935;154.065;154.085;154.075;2;T;True;3
1621215607000;11538937;154.067;154.087;154.077;1;T;True;3
1621215608000;11538939;154.069;154.089;154.079;1;T;True;3
1621215609000;11538941;154.071;154.091;154.081;1;T;True;3
1621215610000;11538944;154.069;154.089;154.079;2;T;True;3
1621215611000;11538945;154.069;154.089;154.079;0;T;True;3
1621215612000;11538946;154.069;154.089;154.079;0;T;True;3
1621215613000;11538947;154.069;154.089;154.079;0;T;True;3
1621215614000;11538949;154.07;154.09;154.08;1;T;True;3
1621215615000;11538951;154.069;154.089;154.079;1;T;True;3
1621215616000;11538952;154.069;154.089;154.079;0;T;True;3
1621215617000;11538954;154.068;154.088;154.078;1;T;True;3
1621215618000;11538956;154.069;154.089;154.079;1;T;True;3
1621215619000;11538959;154.072;154.092;154.082;2;T;True;3
1621215620000;11538961;154.073;154.093;154.083;1;T;True;3
1621215621000;11538962;154.073;154.093;154.083;0;T;True;3
1621215622000;11538964;154.074;154.094;154.084;1;T;True;3
1621215623000;11538965;154.074;154.094;154.084;0;T;True;3
1621215624000;11538966;154.074;154.094;154.084;0;T;True;3
1621215625000;11538967;154.074;154.094;154.084;0;T;True;3
1621215626000;11538968;154.074;154.094;154.084;0;T;True;3
1621215627000;11538969;154.074;154.094;154.084;0;T;True;3
1621215628000;11538970;154.074;154.094;154.084;0;T;True;3
1621215629000;11538971;154.074;154.094;154.084;0;T;True;3
1621215630000;11538973;154.073;154.093;154.083;1;T;True;3
1621215631000;11538977;154.068;154.088;154.078;3;T;True;3
1621215632000;11538979;154.067;154.087;154.077;1;T;True;3
1621215633000;11538980;154.067;154.087;154.077;0;T;True;3
1621215634000;11538981;154.067;154.087;154.077;0;T;True;3
1621215635000;11538982;154.067;154.087;154.077;0;T;True;3
1621215636000;11538983;154.067;154.087;154.077;0;T;True;3
1621215637000;11538984;154.067;154.087;154.077;0;T;True;3
1621215638000;11538985;154.067;154.087;154.077;0;T;True;3
1621215639000;11538986;154.067;154.087;154.077;0;T;True;3
1621215640000;11538989;154.073;154.093;154.083;2;T;True;3
1621215641000;11538990;154.073;154.093;154.083;0;T;True;3
1621215642000;11538991;154.073;154.093;154.083;0;T;True;3
1621215643000;11538992;154.073;154.093;154.083;0;T;True;3
1621215644000;11538993;154.073;154.093;154.083;0;T;True;3
1621215645000;11538994;154.073;154.093;154.083;0;T;True;3
1621215646000;11538995;154.073;154.093;154.083;0;T;True;3
1621215647000;11538996;154.073;154.093;154.083;0;T;True;3
1621215648000;11538997;154.073;154.093;154.083;0;T;True;3
1621215649000;11538999;154.074;154.094;154.084;1;T;True;3
1621215650000;11539001;154.073;154.093;154.083;1;T;True;3
1621215651000;11539002;154.073;154.093;154.083;0;T;True;3
1621215652000;11539003;154.073;154.093;154.083;0;T;True;3
1621215653000;11539005;154.074;154.094;154.084;1;T;True;3
1621215654000;11539008;154.074;154.094;154.084;2;T;True;3
1621215655000;11539010;154.073;154.093;154.083;1;T;True;3
1621215656000;11539012;154.071;154.091;154.081;1;T;True;3
1621215657000;11539015;154.069;154.089;154.079;2;T;True;3
1621215658000;11539016;154.069;154.089;154.079;0;T;True;3
1621215659000;11539017;154.069;154.089;154.079;0;T;True;3
1621215660000;11539019;154.071;154.091;154.081;1;T;True;3
1621215661000;11539020;154.071;154.091;154.081;0;T;True;3
1621215662000;11539023;154.067;154.087;154.077;2;T;True;3
1621215663000;11539024;154.067;154.087;154.077;0;T;True;3
1621215664000;11539026;154.069;154.089;154.079;1;T;True;3
1621215665000;11539027;154.069;154.089;154.079;0;T;True;3
1621215666000;11539028;154.069;154.089;154.079;0;T;True;3
1621215667000;11539029;154.069;154.089;154.079;0;T;True;3
1621215668000;11539030;154.069;154.089;154.079;0;T;True;3
1621215669000;11539031;154.069;154.089;154.079;0;T;True;3
1621215670000;11539033;154.068;154.088;154.078;1;T;True;3
1621215671000;11539034;154.068;154.088;154.078;0;T;True;3
1621215672000;11539036;154.067;154.087;154.077;1;T;True;3
1621215673000;11539037;154.067;154.087;154.077;0;T;True;3
1621215674000;11539038;154.067;154.087;154.077;0;T;True;3
1621215675000;11539040;154.065;154.085;154.075;1;T;True;3
1621215676000;11539041;154.065;154.085;154.075;0;T;True;3
1621215677000;11539042;154.065;154.085;154.075;0;T;True;3
1621215678000;11539044;154.064;154.084;154.074;1;T;True;3
1621215679000;11539046;154.063;154.083;154.073;1;T;True;3
1621215680000;11539047;154.063;154.083;154.073;0;T;True;3
1621215681000;11539048;154.063;154.083;154.073;0;T;True;3
1621215682000;11539049;154.063;154.083;154.073;0;T;True;3
1621215683000;11539050;154.063;154.083;154.073;0;T;True;3
1621215684000;11539053;154.063;154.083;154.073;2;T;True;3
1621215685000;11539055;154.064;154.084;154.074;1;T;True;3
1621215686000;11539057;154.065;154.085;154.075;1;T;True;3
1621215687000;11539058;154.065;154.085;154.075;0;T;True;3
1621215688000;11539059;154.065;154.085;154.075;0;T;True;3
1621215689000;11539060;154.065;154.085;154.075;0;T;True;3
1621215690000;11539061;154.065;154.085;154.075;0;T;True;3
1621215691000;11539062;154.065;154.085;154.075;0;T;True;3
1621215692000;11539063;154.065;154.085;154.075;0;T;True;3
1621215693000;11539064;154.065;154.085;154.075;0;T;True;3
1621215694000;11539065;154.065;154.085;154.075;0;T;True;3
1621215695000;11539066;154.065;154.085;154.075;0;T;True;3
1621215696000;11539067;154.065;154.085;154.075;0;T;True;3
1621215697000;11539068;154.065;154.085;154.075;0;T;True;3
1621215698000;11539069;154.065;154.085;154.075;0;T;True;3
1621215699000;11539070;154.065;154.085;154.075;0;T;True;3
1621215700000;11539072;154.064;154.084;154.074;1;T;True;3
1621215701000;11539074;154.063;154.083;154.073;1;T;True;3
1621215702000;11539075;154.063;154.083;154.073;0;T;True;3
1621215703000;11539076;154.063;154.083;154.073;0;T;True;3
1621215704000;11539077;154.063;154.083;154.073;0;T;True;3
1621215705000;11539078;154.063;154.083;154.073;0;T;True;3
1621215706000;11539079;154.063;154.083;154.073;0;T;True;3
1621215707000;11539080;154.063;154.083;154.073;0;T;True;3
1621215708000;11539081;154.063;154.083;154.073;0;T;True;3
1621215709000;11539082;154.063;154.083;154.073;0;T;True;3
1621215710000;11539083;154.063;154.083;154.073;0;T;True;3
1621215711000;11539084;154.063;154.083;154.073;0;T;True;3
1621215712000;11539086;154.064;154.084;154.074;1;T;True;3
1621215713000;11539087;154.064;154.084;154.074;0;T;True;3
1621215714000;11539088;154.064;154.084;154.074;0;T;True;3
1621215715000;11539089;154.064;154.084;154.074;0;T;True;3
1621215716000;11539090;154.064;154.084;154.074;0;T;True;3
1621215717000;11539098;154.061;154.081;154.071;7;T;True;3
1621215718000;11539101;154.061;154.081;154.071;2;T;True;3
1621215719000;11539104;154.061;154.081;154.071;2;T;True;3
1621215720000;11539105;154.061;154.081;154.071;0;T;True;3
1621215721000;11539107;154.062;154.082;154.072;1;T;True;3
1621215722000;11539109;154.063;154.083;154.073;1;T;True;3
1621215723000;11539110;154.063;154.083;154.073;0;T;True;3
1621215724000;11539111;154.063;154.083;154.073;0;T;True;3
1621215725000;11539112;154.063;154.083;154.073;0;T;True;3
1621215726000;11539116;154.063;154.083;154.073;3;T;True;3
1621215727000;11539117;154.063;154.083;154.073;0;T;True;3
1621215728000;11539118;154.063;154.083;154.073;0;T;True;3
1621215729000;11539119;154.063;154.083;154.073;0;T;True;3
1621215730000;11539121;154.062;154.082;154.072;1;T;True;3
1621215731000;11539123;154.061;154.081;154.071;1;T;True;3
1621215732000;11539124;154.061;154.081;154.071;0;T;True;3
1621215733000;11539128;154.058;154.078;154.068;3;T;True;3
1621215734000;11539129;154.058;154.078;154.068;0;T;True;3
1621215735000;11539131;154.059;154.079;154.069;1;T;True;3
1621215736000;11539132;154.059;154.079;154.069;0;T;True;3
1621215737000;11539133;154.059;154.079;154.069;0;T;True;3
1621215738000;11539134;154.059;154.079;154.069;0;T;True;3
1621215739000;11539135;154.059;154.079;154.069;0;T;True;3
1621215740000;11539136;154.059;154.079;154.069;0;T;True;3
1621215741000;11539138;154.058;154.078;154.068;1;T;True;3
1621215742000;11539139;154.058;154.078;154.068;0;T;True;3
1621215743000;11539143;154.061;154.081;154.071;3;T;True;3
1621215744000;11539145;154.062;154.082;154.072;1;T;True;3
1621215745000;11539147;154.063;154.083;154.073;1;T;True;3
1621215746000;11539148;154.063;154.083;154.073;0;T;True;3
1621215747000;11539149;154.063;154.083;154.073;0;T;True;3
1621215748000;11539150;154.063;154.083;154.073;0;T;True;3
1621215749000;11539151;154.063;154.083;154.073;0;T;True;3
1621215750000;11539153;154.062;154.082;154.072;1;T;True;3
1621215751000;11539154;154.062;154.082;154.072;0;T;True;3
1621215752000;11539155;154.062;154.082;154.072;0;T;True;3
1621215753000;11539156;154.062;154.082;154.072;0;T;True;3
1621215754000;11539157;154.062;154.082;154.072;0;T;True;3
1621215755000;11539158;154.062;154.082;154.072;0;T;True;3
1621215756000;11539159;154.062;154.082;154.072;0;T;True;3
1621215757000;11539160;154.062;154.082;154.072;0;T;True;3
1621215758000;11539161;154.062;154.082;154.072;0;T;True;3
1621215759000;11539162;154.062;154.082;154.072;0;T;True;3
1621215760000;11539163;154.062;154.082;154.072;0;T;True;3
1621215761000;11539164;154.062;154.082;154.072;0;T;True;3
1621215762000;11539166;154.063;154.083;154.073;1;T;True;3
1621215763000;11539171;154.056;154.076;154.066;4;T;True;3
1621215764000;11539172;154.056;154.076;154.066;0;T;True;3
1621215765000;11539174;154.057;154.077;154.067;1;T;True;3
1621215766000;11539175;154.057;154.077;154.067;0;T;True;3
1621215767000;11539176;154.057;154.077;154.067;0;T;True;3
1621215768000;11539177;154.057;154.077;154.067;0;T;True;3
1621215769000;11539178;154.057;154.077;154.067;0;T;True;3
1621215770000;11539179;154.057;154.077;154.067;0;T;True;3
1621215771000;11539180;154.057;154.077;154.067;0;T;True;3
1621215772000;11539181;154.057;154.077;154.067;0;T;True;3
1621215773000;11539182;154.057;154.077;154.067;0;T;True;3
1621215774000;11539183;154.057;154.077;154.067;0;T;True;3
1621215775000;11539184;154.057;154.077;154.067;0;T;True;3
1621215776000;11539185;154.057;154.077;154.067;0;T;True;3
1621215777000;11539186;154.057;154.077;154.067;0;T;True;3
1621215778000;11539187;154.057;154.077;154.067;0;T;True;3
1621215779000;11539188;154.057;154.077;154.067;0;T;True;3
1621215780000;11539189;154.057;154.077;154.067;0;T;True;3
1621215781000;11539190;154.057;154.077;154.067;0;T;True;3
1621215782000;11539191;154.057;154.077;154.067;0;T;True;3
1621215783000;11539192;154.057;154.077;154.067;0;T;True;3
1621215784000;11539196;154.064;154.084;154.074;3;T;True;3
1621215785000;11539197;154.064;154.084;154.074;0;T;True;3
1621215786000;11539199;154.065;154.085;154.075;1;T;True;3
1621215787000;11539200;154.065;154.085;154.075;0;T;True;3
1621215788000;11539201;154.065;154.085;154.075;0;T;True;3
1621215789000;11539202;154.065;154.085;154.075;0;T;True;3
1621215790000;11539203;154.065;154.085;154.075;0;T;True;3
1621215791000;11539208;154.059;154.079;154.069;4;T;True;3
1621215792000;11539210;154.061;154.081;154.071;1;T;True;3
1621215793000;11539211;154.061;154.081;154.071;0;T;True;3
1621215794000;11539212;154.061;154.081;154.071;0;T;True;3
1621215795000;11539213;154.061;154.081;154.071;0;T;True;3
1621215796000;11539214;154.061;154.081;154.071;0;T;True;3
1621215797000;11539216;154.06;154.08;154.07;1;T;True;3
1621215798000;11539218;154.06;154.08;154.07;1;T;True;3
1621215799000;11539219;154.06;154.08;154.07;0;T;True;3
1621215800000;11539220;154.06;154.08;154.07;0;T;True;3
1621215801000;11539221;154.06;154.08;154.07;0;T;True;3
1621215802000;11539222;154.06;154.08;154.07;0;T;True;3
1621215803000;11539223;154.06;154.08;154.07;0;T;True;3
1621215804000;11539224;154.06;154.08;154.07;0;T;True;3
1621215805000;11539226;154.06;154.08;154.07;1;T;True;3
1621215806000;11539227;154.06;154.08;154.07;0;T;True;3
1621215807000;11539228;154.06;154.08;154.07;0;T;True;3
1621215808000;11539229;154.06;154.08;154.07;0;T;True;3
1621215809000;11539230;154.06;154.08;154.07;0;T;True;3
1621215810000;11539231;154.06;154.08;154.07;0;T;True;3
1621215811000;11539232;154.06;154.08;154.07;0;T;True;3
1621215812000;11539233;154.06;154.08;154.07;0;T;True;3
1621215813000;11539234;154.06;154.08;154.07;0;T;True;3
1621215814000;11539235;154.06;154.08;154.07;0;T;True;3
1621215815000;11539236;154.06;154.08;154.07;0;T;True;3
1621215816000;11539237;154.06;154.08;154.07;0;T;True;3
1621215817000;11539238;154.06;154.08;154.07;0;T;True;3
1621215818000;11539239;154.06;154.08;154.07;0;T;True;3
1621215819000;11539240;154.06;154.08;154.07;0;T;True;3
1621215820000;11539242;154.061;154.081;154.071;1;T;True;3
1621215821000;11539247;154.064;154.084;154.074;4;T;True;3
1621215822000;11539249;154.065;154.085;154.075;1;T;True;3
1621215823000;11539253;154.065;154.085;154.075;3;T;True;3
1621215824000;11539254;154.065;154.085;154.075;0;T;True;3
1621215825000;11539257;154.065;154.085;154.075;2;T;True;3
1621215826000;11539258;154.065;154.085;154.075;0;T;True;3
1621215827000;11539259;154.065;154.085;154.075;0;T;True;3
1621215828000;11539260;154.065;154.085;154.075;0;T;True;3
1621215829000;11539261;154.065;154.085;154.075;0;T;True;3
1621215830000;11539263;154.065;154.085;154.075;1;T;True;3
1621215831000;11539264;154.065;154.085;154.075;0;T;True;3
1621215832000;11539265;154.065;154.085;154.075;0;T;True;3
1621215833000;11539267;154.067;154.087;154.077;1;T;True;3
1621215834000;11539268;154.067;154.087;154.077;0;T;True;3
1621215835000;11539269;154.067;154.087;154.077;0;T;True;3
1621215836000;11539270;154.067;154.087;154.077;0;T;True;3
1621215837000;11539271;154.067;154.087;154.077;0;T;True;3
1621215838000;11539272;154.067;154.087;154.077;0;T;True;3
1621215839000;11539273;154.067;154.087;154.077;0;T;True;3
1621215840000;11539274;154.067;154.087;154.077;0;T;True;3
1621215841000;11539275;154.067;154.087;154.077;0;T;True;3
1621215842000;11539276;154.067;154.087;154.077;0;T;True;3
1621215843000;11539279;154.067;154.087;154.077;2;T;True;3
1621215844000;11539280;154.067;154.087;154.077;0;T;True;3
1621215845000;11539281;154.067;154.087;154.077;0;T;True;3
1621215846000;11539282;154.067;154.087;154.077;0;T;True;3
1621215847000;11539283;154.067;154.087;154.077;0;T;True;3
1621215848000;11539284;154.067;154.087;154.077;0;T;True;3
1621215849000;11539285;154.067;154.087;154.077;0;T;True;3
1621215850000;11539286;154.067;154.087;154.077;0;T;True;3
1621215851000;11539287;154.067;154.087;154.077;0;T;True;3
1621215852000;11539288;154.067;154.087;154.077;0;T;True;3
1621215853000;11539294;154.066;154.086;154.076;5;T;True;3
1621215854000;11539296;154.065;154.085;154.075;1;T;True;3
1621215855000;11539297;154.065;154.085;154.075;0;T;True;3
1621215856000;11539299;154.064;154.084;154.074;1;T;True;3
1621215857000;11539300;154.064;154.084;154.074;0;T;True;3
1621215858000;11539301;154.064;154.084;154.074;0;T;True;3
1621215859000;11539302;154.064;154.084;154.074;0;T;True;3
1621215860000;11539303;154.064;154.084;154.074;0;T;True;3
1621215861000;11539304;154.064;154.084;154.074;0;T;True;3
1621215862000;11539305;154.064;154.084;154.074;0;T;True;3
1621215863000;11539306;154.064;154.084;154.074;0;T;True;3
1621215864000;11539307;154.064;154.084;154.074;0;T;True;3
1621215865000;11539308;154.064;154.084;154.074;0;T;True;3
1621215866000;11539309;154.064;154.084;154.074;0;T;True;3
1621215867000;11539310;154.064;154.084;154.074;0;T;True;3
1621215868000;11539311;154.064;154.084;154.074;0;T;True;3
1621215869000;11539312;154.064;154.084;154.074;0;T;True;3
1621215870000;11539313;154.064;154.084;154.074;0;T;True;3
1621215871000;11539314;154.064;154.084;154.074;0;T;True;3
1621215872000;11539315;154.064;154.084;154.074;0;T;True;3
1621215873000;11539316;154.064;154.084;154.074;0;T;True;3
1621215874000;11539317;154.064;154.084;154.074;0;T;True;3
1621215875000;11539318;154.064;154.084;154.074;0;T;True;3
1621215876000;11539319;154.064;154.084;154.074;0;T;True;3
1621215877000;11539320;154.064;154.084;154.074;0;T;True;3
1621215878000;11539321;154.064;154.084;154.074;0;T;True;3
1621215879000;11539322;154.064;154.084;154.074;0;T;True;3
1621215880000;11539324;154.062;154.082;154.072;1;T;True;3
1621215881000;11539326;154.059;154.079;154.069;1;T;True;3
1621215882000;11539327;154.059;154.079;154.069;0;T;True;3
1621215883000;11539331;154.059;154.079;154.069;3;T;True;3
1621215884000;11539333;154.06;154.08;154.07;1;T;True;3
1621215885000;11539336;154.065;154.085;154.075;2;T;True;3
1621215886000;11539337;154.065;154.085;154.075;0;T;True;3
1621215887000;11539338;154.065;154.085;154.075;0;T;True;3
1621215888000;11539339;154.065;154.085;154.075;0;T;True;3
1621215889000;11539340;154.065;154.085;154.075;0;T;True;3
1621215890000;11539342;154.061;154.081;154.071;1;T;True;3
1621215891000;11539343;154.061;154.081;154.071;0;T;True;3
1621215892000;11539344;154.061;154.081;154.071;0;T;True;3
1621215893000;11539345;154.061;154.081;154.071;0;T;True;3
1621215894000;11539346;154.061;154.081;154.071;0;T;True;3
1621215895000;11539347;154.061;154.081;154.071;0;T;True;3
1621215896000;11539348;154.061;154.081;154.071;0;T;True;3
1621215897000;11539349;154.061;154.081;154.071;0;T;True;3
1621215898000;11539350;154.061;154.081;154.071;0;T;True;3
1621215899000;11539351;154.061;154.081;154.071;0;T;True;3
1621215900000;11539352;154.061;154.081;154.071;0;T;True;3
1621215901000;11539353;154.061;154.081;154.071;0;T;True;3
1621215902000;11539354;154.061;154.081;154.071;0;T;True;3
1621215903000;11539355;154.061;154.081;154.071;0;T;True;3
1621215904000;11539356;154.061;154.081;154.071;0;T;True;3
1621215905000;11539357;154.061;154.081;154.071;0;T;True;3
1621215906000;11539363;154.073;154.093;154.083;5;T;True;3
1621215907000;11539364;154.073;154.093;154.083;0;T;True;3
1621215908000;11539365;154.073;154.093;154.083;0;T;True;3
1621215909000;11539366;154.073;154.093;154.083;0;T;True;3
1621215910000;11539368;154.074;154.094;154.084;1;T;True;3
1621215911000;11539369;154.074;154.094;154.084;0;T;True;3
1621215912000;11539370;154.074;154.094;154.084;0;T;True;3
1621215913000;11539371;154.074;154.094;154.084;0;T;True;3
1621215914000;11539372;154.074;154.094;154.084;0;T;True;3
1621215915000;11539374;154.073;154.093;154.083;1;T;True;3
1621215916000;11539375;154.073;154.093;154.083;0;T;True;3
1621215917000;11539376;154.073;154.093;154.083;0;T;True;3
1621215918000;11539377;154.073;154.093;154.083;0;T;True;3
1621215919000;11539378;154.073;154.093;154.083;0;T;True;3
1621215920000;11539379;154.073;154.093;154.083;0;T;True;3
1621215921000;11539380;154.073;154.093;154.083;0;T;True;3
1621215922000;11539381;154.073;154.093;154.083;0;T;True;3
1621215923000;11539383;154.072;154.092;154.082;1;T;True;3
1621215924000;11539384;154.072;154.092;154.082;0;T;True;3
1621215925000;11539386;154.071;154.091;154.081;1;T;True;3
1621215926000;11539387;154.071;154.091;154.081;0;T;True;3
1621215927000;11539388;154.071;154.091;154.081;0;T;True;3
1621215928000;11539390;154.072;154.092;154.082;1;T;True;3
1621215929000;11539394;154.071;154.091;154.081;3;T;True;3
1621215930000;11539396;154.073;154.093;154.083;1;T;True;3
1621215931000;11539397;154.073;154.093;154.083;0;T;True;3
1621215932000;11539398;154.073;154.093;154.083;0;T;True;3
1621215933000;11539400;154.072;154.092;154.082;1;T;True;3
1621215934000;11539401;154.072;154.092;154.082;0;T;True;3
1621215935000;11539402;154.072;154.092;154.082;0;T;True;3
1621215936000;11539403;154.072;154.092;154.082;0;T;True;3
1621215937000;11539404;154.072;154.092;154.082;0;T;True;3
1621215938000;11539407;154.077;154.097;154.087;2;T;True;3
1621215939000;11539408;154.077;154.097;154.087;0;T;True;3
1621215940000;11539410;154.079;154.099;154.089;1;T;True;3
1621215941000;11539412;154.075;154.095;154.085;1;T;True;3
1621215942000;11539413;154.075;154.095;154.085;0;T;True;3
1621215943000;11539414;154.075;154.095;154.085;0;T;True;3
1621215944000;11539415;154.075;154.095;154.085;0;T;True;3
1621215945000;11539416;154.075;154.095;154.085;0;T;True;3
1621215946000;11539417;154.075;154.095;154.085;0;T;True;3
1621215947000;11539418;154.075;154.095;154.085;0;T;True;3
1621215948000;11539421;154.073;154.093;154.083;2;T;True;3
1621215949000;11539422;154.073;154.093;154.083;0;T;True;3
1621215950000;11539424;154.074;154.094;154.084;1;T;True;3
1621215951000;11539425;154.074;154.094;154.084;0;T;True;3
1621215952000;11539426;154.074;154.094;154.084;0;T;True;3
1621215953000;11539428;154.073;154.093;154.083;1;T;True;3
1621215954000;11539429;154.073;154.093;154.083;0;T;True;3
1621215955000;11539430;154.073;154.093;154.083;0;T;True;3
1621215956000;11539431;154.073;154.093;154.083;0;T;True;3
1621215957000;11539438;154.072;154.092;154.082;6;T;True;3
1621215958000;11539442;154.065;154.085;154.075;3;T;True;3
1621215959000;11539444;154.064;154.084;154.074;1;T;True;3
1621215960000;11539446;154.065;154.085;154.075;1;T;True;3
1621215961000;11539447;154.065;154.085;154.075;0;T;True;3
1621215962000;11539449;154.064;154.084;154.074;1;T;True;3
1621215963000;11539452;154.063;154.083;154.073;2;T;True;3
1621215964000;11539458;154.059;154.079;154.069;5;T;True;3
1621215965000;11539459;154.059;154.079;154.069;0;T;True;3
1621215966000;11539461;154.061;154.081;154.071;1;T;True;3
1621215967000;11539463;154.062;154.082;154.072;1;T;True;3
1621215968000;11539464;154.062;154.082;154.072;0;T;True;3
1621215969000;11539465;154.062;154.082;154.072;0;T;True;3
1621215970000;11539466;154.062;154.082;154.072;0;T;True;3
1621215971000;11539468;154.061;154.081;154.071;1;T;True;3
1621215972000;11539470;154.059;154.079;154.069;1;T;True;3
1621215973000;11539471;154.059;154.079;154.069;0;T;True;3
1621215974000;11539472;154.059;154.079;154.069;0;T;True;3
1621215975000;11539474;154.058;154.078;154.068;1;T;True;3
1621215976000;11539475;154.058;154.078;154.068;0;T;True;3
1621215977000;11539476;154.058;154.078;154.068;0;T;True;3
1621215978000;11539478;154.059;154.079;154.069;1;T;True;3
1621215979000;11539481;154.059;154.079;154.069;2;T;True;3
1621215980000;11539482;154.059;154.079;154.069;0;T;True;3
1621215981000;11539483;154.059;154.079;154.069;0;T;True;3
1621215982000;11539485;154.06;154.08;154.07;1;T;True;3
1621215983000;11539486;154.06;154.08;154.07;0;T;True;3
1621215984000;11539487;154.06;154.08;154.07;0;T;True;3
1621215985000;11539488;154.06;154.08;154.07;0;T;True;3
1621215986000;11539490;154.061;154.081;154.071;1;T;True;3
1621215987000;11539491;154.061;154.081;154.071;0;T;True;3
1621215988000;11539496;154.059;154.079;154.069;4;T;True;3
1621215989000;11539500;154.059;154.079;154.069;3;T;True;3
1621215990000;11539501;154.059;154.079;154.069;0;T;True;3
1621215991000;11539502;154.059;154.079;154.069;0;T;True;3
1621215992000;11539503;154.059;154.079;154.069;0;T;True;3
1621215993000;11539504;154.059;154.079;154.069;0;T;True;3
1621215994000;11539505;154.059;154.079;154.069;0;T;True;3
1621215995000;11539507;154.057;154.077;154.067;1;T;True;3
1621215996000;11539509;154.059;154.079;154.069;1;T;True;3
1621215997000;11539510;154.059;154.079;154.069;0;T;True;3
1621215998000;11539511;154.059;154.079;154.069;0;T;True;3
1621215999000;11539512;154.059;154.079;154.069;0;T;True;3
1621216000000;11539514;154.057;154.077;154.067;1;T;True;3
1621216001000;11539515;154.057;154.077;154.067;0;T;True;3
1621216002000;11539516;154.057;154.077;154.067;0;T;True;3
1621216003000;11539517;154.057;154.077;154.067;0;T;True;3
1621216004000;11539518;154.057;154.077;154.067;0;T;True;3
1621216005000;11539520;154.059;154.079;154.069;1;T;True;3
1621216006000;11539521;154.059;154.079;154.069;0;T;True;3
1621216007000;11539522;154.059;154.079;154.069;0;T;True;3
1621216008000;11539525;154.059;154.079;154.069;2;T;True;3
1621216009000;11539526;154.059;154.079;154.069;0;T;True;3
1621216010000;11539527;154.059;154.079;154.069;0;T;True;3
1621216011000;11539528;154.059;154.079;154.069;0;T;True;3
1621216012000;11539529;154.059;154.079;154.069;0;T;True;3
1621216013000;11539531;154.058;154.078;154.068;1;T;True;3
1621216014000;11539533;154.057;154.077;154.067;1;T;True;3
1621216015000;11539534;154.057;154.077;154.067;0;T;True;3
1621216016000;11539535;154.057;154.077;154.067;0;T;True;3
1621216017000;11539536;154.057;154.077;154.067;0;T;True;3
1621216018000;11539538;154.055;154.075;154.065;1;T;True;3
1621216019000;11539540;154.057;154.077;154.067;1;T;True;3
1621216020000;11539541;154.057;154.077;154.067;0;T;True;3
1621216021000;11539543;154.056;154.076;154.066;1;T;True;3
1621216022000;11539544;154.056;154.076;154.066;0;T;True;3
1621216023000;11539545;154.056;154.076;154.066;0;T;True;3
1621216024000;11539546;154.056;154.076;154.066;0;T;True;3
1621216025000;11539547;154.056;154.076;154.066;0;T;True;3
1621216026000;11539548;154.056;154.076;154.066;0;T;True;3
1621216027000;11539549;154.056;154.076;154.066;0;T;True;3
1621216028000;11539550;154.056;154.076;154.066;0;T;True;3
1621216029000;11539551;154.056;154.076;154.066;0;T;True;3
1621216030000;11539553;154.057;154.077;154.067;1;T;True;3
1621216031000;11539554;154.057;154.077;154.067;0;T;True;3
1621216032000;11539555;154.057;154.077;154.067;0;T;True;3
1621216033000;11539556;154.057;154.077;154.067;0;T;True;3
1621216034000;11539557;154.057;154.077;154.067;0;T;True;3
1621216035000;11539558;154.057;154.077;154.067;0;T;True;3
1621216036000;11539559;154.057;154.077;154.067;0;T;True;3
1621216037000;11539560;154.057;154.077;154.067;0;T;True;3
1621216038000;11539562;154.055;154.075;154.065;1;T;True;3
1621216039000;11539563;154.055;154.075;154.065;0;T;True;3
1621216040000;11539564;154.055;154.075;154.065;0;T;True;3
1621216041000;11539565;154.055;154.075;154.065;0;T;True;3
1621216042000;11539566;154.055;154.075;154.065;0;T;True;3
1621216043000;11539567;154.055;154.075;154.065;0;T;True;3
1621216044000;11539568;154.055;154.075;154.065;0;T;True;3
1621216045000;11539569;154.055;154.075;154.065;0;T;True;3
1621216046000;11539570;154.055;154.075;154.065;0;T;True;3
1621216047000;11539571;154.055;154.075;154.065;0;T;True;3
1621216048000;11539572;154.055;154.075;154.065;0;T;True;3
1621216049000;11539573;154.055;154.075;154.065;0;T;True;3
1621216050000;11539576;154.051;154.071;154.061;2;T;True;3
1621216051000;11539578;154.049;154.069;154.059;1;T;True;3
1621216052000;11539579;154.049;154.069;154.059;0;T;True;3
1621216053000;11539580;154.049;154.069;154.059;0;T;True;3
1621216054000;11539584;154.05;154.07;154.06;3;T;True;3
1621216055000;11539587;154.052;154.072;154.062;2;T;True;3
1621216056000;11539588;154.052;154.072;154.062;0;T;True;3
1621216057000;11539590;154.053;154.073;154.063;1;T;True;3
1621216058000;11539591;154.053;154.073;154.063;0;T;True;3
1621216059000;11539592;154.053;154.073;154.063;0;T;True;3
1621216060000;11539593;154.053;154.073;154.063;0;T;True;3
1621216061000;11539596;154.049;154.069;154.059;2;T;True;3
1621216062000;11539597;154.049;154.069;154.059;0;T;True;3
1621216063000;11539599;154.047;154.067;154.057;1;T;True;3
1621216064000;11539600;154.047;154.067;154.057;0;T;True;3
1621216065000;11539601;154.047;154.067;154.057;0;T;True;3
1621216066000;11539602;154.047;154.067;154.057;0;T;True;3
1621216067000;11539604;154.049;154.069;154.059;1;T;True;3
1621216068000;11539605;154.049;154.069;154.059;0;T;True;3
1621216069000;11539606;154.049;154.069;154.059;0;T;True;3
1621216070000;11539607;154.049;154.069;154.059;0;T;True;3
1621216071000;11539608;154.049;154.069;154.059;0;T;True;3
1621216072000;11539609;154.049;154.069;154.059;0;T;True;3
1621216073000;11539610;154.049;154.069;154.059;0;T;True;3
1621216074000;11539611;154.049;154.069;154.059;0;T;True;3
1621216075000;11539614;154.052;154.072;154.062;2;T;True;3
1621216076000;11539616;154.053;154.073;154.063;1;T;True;3
1621216077000;11539618;154.055;154.075;154.065;1;T;True;3
1621216078000;11539619;154.055;154.075;154.065;0;T;True;3
1621216079000;11539620;154.055;154.075;154.065;0;T;True;3
1621216080000;11539621;154.055;154.075;154.065;0;T;True;3
1621216081000;11539622;154.055;154.075;154.065;0;T;True;3
1621216082000;11539625;154.049;154.069;154.059;2;T;True;3
1621216083000;11539626;154.049;154.069;154.059;0;T;True;3
1621216084000;11539627;154.049;154.069;154.059;0;T;True;3
1621216085000;11539628;154.049;154.069;154.059;0;T;True;3
1621216086000;11539629;154.049;154.069;154.059;0;T;True;3
1621216087000;11539630;154.049;154.069;154.059;0;T;True;3
1621216088000;11539631;154.049;154.069;154.059;0;T;True;3
1621216089000;11539632;154.049;154.069;154.059;0;T;True;3
1621216090000;11539633;154.049;154.069;154.059;0;T;True;3
1621216091000;11539636;154.045;154.065;154.055;2;T;True;3
1621216092000;11539637;154.045;154.065;154.055;0;T;True;3
1621216093000;11539639;154.043;154.063;154.053;1;T;True;3
1621216094000;11539640;154.043;154.063;154.053;0;T;True;3
1621216095000;11539641;154.043;154.063;154.053;0;T;True;3
1621216096000;11539642;154.043;154.063;154.053;0;T;True;3
1621216097000;11539643;154.043;154.063;154.053;0;T;True;3
1621216098000;11539644;154.043;154.063;154.053;0;T;True;3
1621216099000;11539645;154.043;154.063;154.053;0;T;True;3
1621216100000;11539646;154.043;154.063;154.053;0;T;True;3
1621216101000;11539647;154.043;154.063;154.053;0;T;True;3
1621216102000;11539648;154.043;154.063;154.053;0;T;True;3
1621216103000;11539651;154.047;154.067;154.057;2;T;True;3
1621216104000;11539653;154.045;154.065;154.055;1;T;True;3
1621216105000;11539654;154.045;154.065;154.055;0;T;True;3
1621216106000;11539655;154.045;154.065;154.055;0;T;True;3
1621216107000;11539656;154.045;154.065;154.055;0;T;True;3
1621216108000;11539657;154.045;154.065;154.055;0;T;True;3
1621216109000;11539658;154.045;154.065;154.055;0;T;True;3
1621216110000;11539659;154.045;154.065;154.055;0;T;True;3
1621216111000;11539663;154.041;154.061;154.051;3;T;True;3
1621216112000;11539665;154.04;154.06;154.05;1;T;True;3
1621216113000;11539666;154.04;154.06;154.05;0;T;True;3
1621216114000;11539667;154.04;154.06;154.05;0;T;True;3
1621216115000;11539668;154.04;154.06;154.05;0;T;True;3
1621216116000;11539669;154.04;154.06;154.05;0;T;True;3
1621216117000;11539673;154.033;154.053;154.043;3;T;True;3
1621216118000;11539674;154.033;154.053;154.043;0;T;True;3
1621216119000;11539675;154.033;154.053;154.043;0;T;True;3
1621216120000;11539676;154.033;154.053;154.043;0;T;True;3
1621216121000;11539677;154.033;154.053;154.043;0;T;True;3
1621216122000;11539678;154.033;154.053;154.043;0;T;True;3
1621216123000;11539679;154.033;154.053;154.043;0;T;True;3
1621216124000;11539683;154.032;154.052;154.042;3;T;True;3
1621216125000;11539685;154.033;154.053;154.043;1;T;True;3
1621216126000;11539686;154.033;154.053;154.043;0;T;True;3
1621216127000;11539687;154.033;154.053;154.043;0;T;True;3
1621216128000;11539688;154.033;154.053;154.043;0;T;True;3
1621216129000;11539689;154.033;154.053;154.043;0;T;True;3
1621216130000;11539690;154.033;154.053;154.043;0;T;True;3
1621216131000;11539691;154.033;154.053;154.043;0;T;True;3
1621216132000;11539692;154.033;154.053;154.043;0;T;True;3
1621216133000;11539693;154.033;154.053;154.043;0;T;True;3
1621216134000;11539695;154.035;154.055;154.045;1;T;True;3
1621216135000;11539696;154.035;154.055;154.045;0;T;True;3
1621216136000;11539697;154.035;154.055;154.045;0;T;True;3
1621216137000;11539698;154.035;154.055;154.045;0;T;True;3
1621216138000;11539699;154.035;154.055;154.045;0;T;True;3
1621216139000;11539700;154.035;154.055;154.045;0;T;True;3
1621216140000;11539701;154.035;154.055;154.045;0;T;True;3
1621216141000;11539703;154.036;154.056;154.046;1;T;True;3
1621216142000;11539706;154.041;154.061;154.051;2;T;True;3
1621216143000;11539707;154.041;154.061;154.051;0;T;True;3
1621216144000;11539709;154.043;154.063;154.053;1;T;True;3
1621216145000;11539710;154.043;154.063;154.053;0;T;True;3
1621216146000;11539713;154.043;154.063;154.053;2;T;True;3
1621216147000;11539714;154.043;154.063;154.053;0;T;True;3
1621216148000;11539716;154.044;154.064;154.054;1;T;True;3
1621216149000;11539718;154.045;154.065;154.055;1;T;True;3
1621216150000;11539719;154.045;154.065;154.055;0;T;True;3
1621216151000;11539720;154.045;154.065;154.055;0;T;True;3
1621216152000;11539721;154.045;154.065;154.055;0;T;True;3
1621216153000;11539723;154.046;154.066;154.056;1;T;True;3
1621216154000;11539726;154.049;154.069;154.059;2;T;True;3
1621216155000;11539727;154.049;154.069;154.059;0;T;True;3
1621216156000;11539729;154.051;154.071;154.061;1;T;True;3
1621216157000;11539730;154.051;154.071;154.061;0;T;True;3
1621216158000;11539731;154.051;154.071;154.061;0;T;True;3
1621216159000;11539735;154.057;154.077;154.067;3;T;True;3
1621216160000;11539737;154.058;154.078;154.068;1;T;True;3
1621216161000;11539739;154.059;154.079;154.069;1;T;True;3
1621216162000;11539743;154.053;154.073;154.063;3;T;True;3
1621216163000;11539744;154.053;154.073;154.063;0;T;True;3
1621216164000;11539745;154.053;154.073;154.063;0;T;True;3
1621216165000;11539746;154.053;154.073;154.063;0;T;True;3
1621216166000;11539748;154.051;154.071;154.061;1;T;True;3
1621216167000;11539749;154.051;154.071;154.061;0;T;True;3
1621216168000;11539750;154.051;154.071;154.061;0;T;True;3
1621216169000;11539751;154.051;154.071;154.061;0;T;True;3
1621216170000;11539752;154.051;154.071;154.061;0;T;True;3
1621216171000;11539755;154.049;154.069;154.059;2;T;True;3
1621216172000;11539756;154.049;154.069;154.059;0;T;True;3
1621216173000;11539757;154.049;154.069;154.059;0;T;True;3
1621216174000;11539758;154.049;154.069;154.059;0;T;True;3
1621216175000;11539759;154.049;154.069;154.059;0;T;True;3
1621216176000;11539760;154.049;154.069;154.059;0;T;True;3
1621216177000;11539761;154.049;154.069;154.059;0;T;True;3
1621216178000;11539765;154.046;154.066;154.056;3;T;True;3
1621216179000;11539767;154.047;154.067;154.057;1;T;True;3
1621216180000;11539768;154.047;154.067;154.057;0;T;True;3
1621216181000;11539769;154.047;154.067;154.057;0;T;True;3
1621216182000;11539770;154.047;154.067;154.057;0;T;True;3
1621216183000;11539771;154.047;154.067;154.057;0;T;True;3
1621216184000;11539772;154.047;154.067;154.057;0;T;True;3
1621216185000;11539774;154.045;154.065;154.055;1;T;True;3
1621216186000;11539777;154.048;154.068;154.058;2;T;True;3
1621216187000;11539779;154.047;154.067;154.057;1;T;True;3
1621216188000;11539780;154.047;154.067;154.057;0;T;True;3
1621216189000;11539781;154.047;154.067;154.057;0;T;True;3
1621216190000;11539782;154.047;154.067;154.057;0;T;True;3
1621216191000;11539783;154.047;154.067;154.057;0;T;True;3
1621216192000;11539787;154.05;154.07;154.06;3;T;True;3
1621216193000;11539788;154.05;154.07;154.06;0;T;True;3
1621216194000;11539790;154.049;154.069;154.059;1;T;True;3
1621216195000;11539791;154.049;154.069;154.059;0;T;True;3
1621216196000;11539793;154.048;154.068;154.058;1;T;True;3
1621216197000;11539796;154.051;154.071;154.061;2;T;True;3
1621216198000;11539798;154.049;154.069;154.059;1;T;True;3
1621216199000;11539800;154.047;154.067;154.057;1;T;True;3
1621216200000;11539801;154.047;154.067;154.057;0;T;True;3
1621216201000;11539802;154.047;154.067;154.057;0;T;True;3
1621216202000;11539803;154.047;154.067;154.057;0;T;True;3
1621216203000;11539804;154.047;154.067;154.057;0;T;True;3
1621216204000;11539805;154.047;154.067;154.057;0;T;True;3
1621216205000;11539806;154.047;154.067;154.057;0;T;True;3
1621216206000;11539808;154.049;154.069;154.059;1;T;True;3
1621216207000;11539809;154.049;154.069;154.059;0;T;True;3
1621216208000;11539812;154.047;154.067;154.057;2;T;True;3
1621216209000;11539813;154.047;154.067;154.057;0;T;True;3
1621216210000;11539814;154.047;154.067;154.057;0;T;True;3
1621216211000;11539815;154.047;154.067;154.057;0;T;True;3
1621216212000;11539816;154.047;154.067;154.057;0;T;True;3
1621216213000;11539817;154.047;154.067;154.057;0;T;True;3
1621216214000;11539818;154.047;154.067;154.057;0;T;True;3
1621216215000;11539819;154.047;154.067;154.057;0;T;True;3
1621216216000;11539821;154.049;154.069;154.059;1;T;True;3
1621216217000;11539824;154.046;154.066;154.056;2;T;True;3
1621216218000;11539828;154.049;154.069;154.059;3;T;True;3
1621216219000;11539830;154.051;154.071;154.061;1;T;True;3
1621216220000;11539831;154.051;154.071;154.061;0;T;True;3
1621216221000;11539832;154.051;154.071;154.061;0;T;True;3
1621216222000;11539833;154.051;154.071;154.061;0;T;True;3
1621216223000;11539834;154.051;154.071;154.061;0;T;True;3
1621216224000;11539838;154.05;154.07;154.06;3;T;True;3
1621216225000;11539843;154.053;154.073;154.063;4;T;True;3
1621216226000;11539845;154.055;154.075;154.065;1;T;True;3
1621216227000;11539846;154.055;154.075;154.065;0;T;True;3
1621216228000;11539847;154.055;154.075;154.065;0;T;True;3
1621216229000;11539849;154.056;154.076;154.066;1;T;True;3
1621216230000;11539852;154.055;154.075;154.065;2;T;True;3
1621216231000;11539853;154.055;154.075;154.065;0;T;True;3
1621216232000;11539854;154.055;154.075;154.065;0;T;True;3
1621216233000;11539856;154.053;154.073;154.063;1;T;True;3
1621216234000;11539857;154.053;154.073;154.063;0;T;True;3
1621216235000;11539858;154.053;154.073;154.063;0;T;True;3
1621216236000;11539860;154.051;154.071;154.061;1;T;True;3
1621216237000;11539863;154.047;154.067;154.057;2;T;True;3
1621216238000;11539864;154.047;154.067;154.057;0;T;True;3
1621216239000;11539865;154.047;154.067;154.057;0;T;True;3
1621216240000;11539866;154.047;154.067;154.057;0;T;True;3
1621216241000;11539868;154.046;154.066;154.056;1;T;True;3
1621216242000;11539871;154.041;154.061;154.051;2;T;True;3
1621216243000;11539872;154.041;154.061;154.051;0;T;True;3
1621216244000;11539875;154.041;154.061;154.051;2;T;True;3
1621216245000;11539876;154.041;154.061;154.051;0;T;True;3
1621216246000;11539878;154.04;154.06;154.05;1;T;True;3
1621216247000;11539879;154.04;154.06;154.05;0;T;True;3
1621216248000;11539882;154.037;154.057;154.047;2;T;True;3
1621216249000;11539883;154.037;154.057;154.047;0;T;True;3
1621216250000;11539884;154.037;154.057;154.047;0;T;True;3
1621216251000;11539886;154.041;154.061;154.051;1;T;True;3
1621216252000;11539888;154.045;154.065;154.055;1;T;True;3
1621216253000;11539889;154.045;154.065;154.055;0;T;True;3
1621216254000;11539890;154.045;154.065;154.055;0;T;True;3
1621216255000;11539891;154.045;154.065;154.055;0;T;True;3
1621216256000;11539892;154.045;154.065;154.055;0;T;True;3
1621216257000;11539893;154.045;154.065;154.055;0;T;True;3
1621216258000;11539894;154.045;154.065;154.055;0;T;True;3
1621216259000;11539895;154.045;154.065;154.055;0;T;True;3
1621216260000;11539897;154.041;154.061;154.051;1;T;True;3
1621216261000;11539898;154.041;154.061;154.051;0;T;True;3
1621216262000;11539899;154.041;154.061;154.051;0;T;True;3
1621216263000;11539900;154.041;154.061;154.051;0;T;True;3
1621216264000;11539901;154.041;154.061;154.051;0;T;True;3
1621216265000;11539903;154.04;154.06;154.05;1;T;True;3
1621216266000;11539904;154.04;154.06;154.05;0;T;True;3
1621216267000;11539905;154.04;154.06;154.05;0;T;True;3
1621216268000;11539906;154.04;154.06;154.05;0;T;True;3
1621216269000;11539907;154.04;154.06;154.05;0;T;True;3
1621216270000;11539908;154.04;154.06;154.05;0;T;True;3
1621216271000;11539909;154.04;154.06;154.05;0;T;True;3
1621216272000;11539910;154.04;154.06;154.05;0;T;True;3
1621216273000;11539911;154.04;154.06;154.05;0;T;True;3
1621216274000;11539912;154.04;154.06;154.05;0;T;True;3
1621216275000;11539913;154.04;154.06;154.05;0;T;True;3
1621216276000;11539914;154.04;154.06;154.05;0;T;True;3
1621216277000;11539915;154.04;154.06;154.05;0;T;True;3
1621216278000;11539916;154.04;154.06;154.05;0;T;True;3
1621216279000;11539917;154.04;154.06;154.05;0;T;True;3
1621216280000;11539918;154.04;154.06;154.05;0;T;True;3
1621216281000;11539919;154.04;154.06;154.05;0;T;True;3
1621216282000;11539920;154.04;154.06;154.05;0;T;True;3
1621216283000;11539923;154.038;154.058;154.048;2;T;True;3
1621216284000;11539924;154.038;154.058;154.048;0;T;True;3
1621216285000;11539925;154.038;154.058;154.048;0;T;True;3
1621216286000;11539927;154.037;154.057;154.047;1;T;True;3
1621216287000;11539928;154.037;154.057;154.047;0;T;True;3
1621216288000;11539929;154.037;154.057;154.047;0;T;True;3
1621216289000;11539930;154.037;154.057;154.047;0;T;True;3
1621216290000;11539931;154.037;154.057;154.047;0;T;True;3
1621216291000;11539932;154.037;154.057;154.047;0;T;True;3
1621216292000;11539933;154.037;154.057;154.047;0;T;True;3
1621216293000;11539937;154.037;154.057;154.047;3;T;True;3
1621216294000;11539938;154.037;154.057;154.047;0;T;True;3
1621216295000;11539939;154.037;154.057;154.047;0;T;True;3
1621216296000;11539941;154.035;154.055;154.045;1;T;True;3
1621216297000;11539943;154.029;154.049;154.039;1;T;True;3
1621216298000;11539944;154.029;154.049;154.039;0;T;True;3
1621216299000;11539946;154.03;154.05;154.04;1;T;True;3
1621216300000;11539947;154.03;154.05;154.04;0;T;True;3
1621216301000;11539950;154.027;154.047;154.037;2;T;True;3
1621216302000;11539951;154.027;154.047;154.037;0;T;True;3
1621216303000;11539953;154.031;154.051;154.041;1;T;True;3
1621216304000;11539954;154.031;154.051;154.041;0;T;True;3
1621216305000;11539955;154.031;154.051;154.041;0;T;True;3
1621216306000;11539956;154.031;154.051;154.041;0;T;True;3
1621216307000;11539957;154.031;154.051;154.041;0;T;True;3
1621216308000;11539958;154.031;154.051;154.041;0;T;True;3
1621216309000;11539959;154.031;154.051;154.041;0;T;True;3
1621216310000;11539960;154.031;154.051;154.041;0;T;True;3
1621216311000;11539961;154.031;154.051;154.041;0;T;True;3
1621216312000;11539963;154.033;154.053;154.043;1;T;True;3
1621216313000;11539964;154.033;154.053;154.043;0;T;True;3
1621216314000;11539965;154.033;154.053;154.043;0;T;True;3
1621216315000;11539969;154.034;154.054;154.044;3;T;True;3
1621216316000;11539971;154.035;154.055;154.045;1;T;True;3
1621216317000;11539972;154.035;154.055;154.045;0;T;True;3
1621216318000;11539973;154.035;154.055;154.045;0;T;True;3
1621216319000;11539974;154.035;154.055;154.045;0;T;True;3
1621216320000;11539975;154.035;154.055;154.045;0;T;True;3
1621216321000;11539976;154.035;154.055;154.045;0;T;True;3
1621216322000;11539977;154.035;154.055;154.045;0;T;True;3
1621216323000;11539978;154.035;154.055;154.045;0;T;True;3
1621216324000;11539979;154.035;154.055;154.045;0;T;True;3
1621216325000;11539980;154.035;154.055;154.045;0;T;True;3
1621216326000;11539981;154.035;154.055;154.045;0;T;True;3
1621216327000;11539984;154.033;154.053;154.043;2;T;True;3
1621216328000;11539985;154.033;154.053;154.043;0;T;True;3
1621216329000;11539986;154.033;154.053;154.043;0;T;True;3
1621216330000;11539987;154.033;154.053;154.043;0;T;True;3
1621216331000;11539988;154.033;154.053;154.043;0;T;True;3
1621216332000;11539989;154.033;154.053;154.043;0;T;True;3
1621216333000;11539991;154.032;154.052;154.042;1;T;True;3
1621216334000;11539994;154.03;154.05;154.04;2;T;True;3
1621216335000;11539995;154.03;154.05;154.04;0;T;True;3
1621216336000;11539999;154.027;154.047;154.037;3;T;True;3
1621216337000;11540000;154.027;154.047;154.037;0;T;True;3
1621216338000;11540001;154.027;154.047;154.037;0;T;True;3
1621216339000;11540002;154.027;154.047;154.037;0;T;True;3
1621216340000;11540003;154.027;154.047;154.037;0;T;True;3
1621216341000;11540006;154.027;154.047;154.037;2;T;True;3
1621216342000;11540007;154.027;154.047;154.037;0;T;True;3
1621216343000;11540008;154.027;154.047;154.037;0;T;True;3
1621216344000;11540009;154.027;154.047;154.037;0;T;True;3
1621216345000;11540010;154.027;154.047;154.037;0;T;True;3
1621216346000;11540011;154.027;154.047;154.037;0;T;True;3
1621216347000;11540013;154.029;154.049;154.039;1;T;True;3
1621216348000;11540014;154.029;154.049;154.039;0;T;True;3
1621216349000;11540015;154.029;154.049;154.039;0;T;True;3
1621216350000;11540016;154.029;154.049;154.039;0;T;True;3
1621216351000;11540017;154.029;154.049;154.039;0;T;True;3
1621216352000;11540018;154.029;154.049;154.039;0;T;True;3
1621216353000;11540019;154.029;154.049;154.039;0;T;True;3
1621216354000;11540021;154.031;154.051;154.041;1;T;True;3
1621216355000;11540023;154.03;154.05;154.04;1;T;True;3
1621216356000;11540025;154.031;154.051;154.041;1;T;True;3
1621216357000;11540026;154.031;154.051;154.041;0;T;True;3
1621216358000;11540027;154.031;154.051;154.041;0;T;True;3
1621216359000;11540028;154.031;154.051;154.041;0;T;True;3
1621216360000;11540029;154.031;154.051;154.041;0;T;True;3
1621216361000;11540030;154.031;154.051;154.041;0;T;True;3
1621216362000;11540031;154.031;154.051;154.041;0;T;True;3
1621216363000;11540033;154.03;154.05;154.04;1;T;True;3
1621216364000;11540034;154.03;154.05;154.04;0;T;True;3
1621216365000;11540035;154.03;154.05;154.04;0;T;True;3
1621216366000;11540038;154.033;154.053;154.043;2;T;True;3
1621216367000;11540039;154.033;154.053;154.043;0;T;True;3
1621216368000;11540040;154.033;154.053;154.043;0;T;True;3
1621216369000;11540041;154.033;154.053;154.043;0;T;True;3
1621216370000;11540043;154.035;154.055;154.045;1;T;True;3
1621216371000;11540046;154.037;154.057;154.047;2;T;True;3
1621216372000;11540047;154.037;154.057;154.047;0;T;True;3
1621216373000;11540048;154.037;154.057;154.047;0;T;True;3
1621216374000;11540049;154.037;154.057;154.047;0;T;True;3
1621216375000;11540050;154.037;154.057;154.047;0;T;True;3
1621216376000;11540051;154.037;154.057;154.047;0;T;True;3
1621216377000;11540052;154.037;154.057;154.047;0;T;True;3
1621216378000;11540053;154.037;154.057;154.047;0;T;True;3
1621216379000;11540054;154.037;154.057;154.047;0;T;True;3
1621216380000;11540057;154.034;154.054;154.044;2;T;True;3
1621216381000;11540059;154.033;154.053;154.043;1;T;True;3
1621216382000;11540061;154.035;154.055;154.045;1;T;True;3
1621216383000;11540063;154.038;154.058;154.048;1;T;True;3
1621216384000;11540068;154.037;154.057;154.047;4;T;True;3
1621216385000;11540069;154.037;154.057;154.047;0;T;True;3
1621216386000;11540070;154.037;154.057;154.047;0;T;True;3
1621216387000;11540071;154.037;154.057;154.047;0;T;True;3
1621216388000;11540072;154.037;154.057;154.047;0;T;True;3
1621216389000;11540073;154.037;154.057;154.047;0;T;True;3
1621216390000;11540074;154.037;154.057;154.047;0;T;True;3
1621216391000;11540077;154.042;154.062;154.052;2;T;True;3
1621216392000;11540080;154.045;154.065;154.055;2;T;True;3
1621216393000;11540081;154.045;154.065;154.055;0;T;True;3
1621216394000;11540082;154.045;154.065;154.055;0;T;True;3
1621216395000;11540083;154.045;154.065;154.055;0;T;True;3
1621216396000;11540084;154.045;154.065;154.055;0;T;True;3
1621216397000;11540085;154.045;154.065;154.055;0;T;True;3
1621216398000;11540086;154.045;154.065;154.055;0;T;True;3
1621216399000;11540089;154.043;154.063;154.053;2;T;True;3
1621216400000;11540090;154.043;154.063;154.053;0;T;True;3
1621216401000;11540091;154.043;154.063;154.053;0;T;True;3
1621216402000;11540093;154.042;154.062;154.052;1;T;True;3
1621216403000;11540094;154.042;154.062;154.052;0;T;True;3
1621216404000;11540095;154.042;154.062;154.052;0;T;True;3
1621216405000;11540096;154.042;154.062;154.052;0;T;True;3
1621216406000;11540097;154.042;154.062;154.052;0;T;True;3
1621216407000;11540098;154.042;154.062;154.052;0;T;True;3
1621216408000;11540100;154.041;154.061;154.051;1;T;True;3
1621216409000;11540102;154.042;154.062;154.052;1;T;True;3
1621216410000;11540103;154.042;154.062;154.052;0;T;True;3
1621216411000;11540104;154.042;154.062;154.052;0;T;True;3
1621216412000;11540105;154.042;154.062;154.052;0;T;True;3
1621216413000;11540106;154.042;154.062;154.052;0;T;True;3
1621216414000;11540107;154.042;154.062;154.052;0;T;True;3
1621216415000;11540108;154.042;154.062;154.052;0;T;True;3
1621216416000;11540109;154.042;154.062;154.052;0;T;True;3
1621216417000;11540110;154.042;154.062;154.052;0;T;True;3
1621216418000;11540111;154.042;154.062;154.052;0;T;True;3
1621216419000;11540112;154.042;154.062;154.052;0;T;True;3
1621216420000;11540113;154.042;154.062;154.052;0;T;True;3
1621216421000;11540114;154.042;154.062;154.052;0;T;True;3
1621216422000;11540115;154.042;154.062;154.052;0;T;True;3
1621216423000;11540116;154.042;154.062;154.052;0;T;True;3
1621216424000;11540117;154.042;154.062;154.052;0;T;True;3
1621216425000;11540119;154.041;154.061;154.051;1;T;True;3
1621216426000;11540121;154.04;154.06;154.05;1;T;True;3
1621216427000;11540122;154.04;154.06;154.05;0;T;True;3
1621216428000;11540123;154.04;154.06;154.05;0;T;True;3
1621216429000;11540125;154.039;154.059;154.049;1;T;True;3
1621216430000;11540126;154.039;154.059;154.049;0;T;True;3
1621216431000;11540129;154.041;154.061;154.051;2;T;True;3
1621216432000;11540131;154.04;154.06;154.05;1;T;True;3
1621216433000;11540135;154.037;154.057;154.047;3;T;True;3
1621216434000;11540136;154.037;154.057;154.047;0;T;True;3
1621216435000;11540137;154.037;154.057;154.047;0;T;True;3
1621216436000;11540138;154.037;154.057;154.047;0;T;True;3
1621216437000;11540141;154.037;154.057;154.047;2;T;True;3
1621216438000;11540143;154.038;154.058;154.048;1;T;True;3
1621216439000;11540144;154.038;154.058;154.048;0;T;True;3
1621216440000;11540148;154.041;154.061;154.051;3;T;True;3
1621216441000;11540149;154.041;154.061;154.051;0;T;True;3
1621216442000;11540150;154.041;154.061;154.051;0;T;True;3
1621216443000;11540151;154.041;154.061;154.051;0;T;True;3
1621216444000;11540152;154.041;154.061;154.051;0;T;True;3
1621216445000;11540153;154.041;154.061;154.051;0;T;True;3
1621216446000;11540155;154.045;154.065;154.055;1;T;True;3
1621216447000;11540156;154.045;154.065;154.055;0;T;True;3
1621216448000;11540157;154.045;154.065;154.055;0;T;True;3
1621216449000;11540158;154.045;154.065;154.055;0;T;True;3
1621216450000;11540159;154.045;154.065;154.055;0;T;True;3
1621216451000;11540160;154.045;154.065;154.055;0;T;True;3
1621216452000;11540161;154.045;154.065;154.055;0;T;True;3
1621216453000;11540162;154.045;154.065;154.055;0;T;True;3
1621216454000;11540163;154.045;154.065;154.055;0;T;True;3
1621216455000;11540164;154.045;154.065;154.055;0;T;True;3
1621216456000;11540165;154.045;154.065;154.055;0;T;True;3
1621216457000;11540169;154.051;154.071;154.061;3;T;True;3
1621216458000;11540170;154.051;154.071;154.061;0;T;True;3
1621216459000;11540171;154.051;154.071;154.061;0;T;True;3
1621216460000;11540172;154.051;154.071;154.061;0;T;True;3
1621216461000;11540173;154.051;154.071;154.061;0;T;True;3
1621216462000;11540175;154.049;154.069;154.059;1;T;True;3
1621216463000;11540176;154.049;154.069;154.059;0;T;True;3
1621216464000;11540177;154.049;154.069;154.059;0;T;True;3
1621216465000;11540178;154.049;154.069;154.059;0;T;True;3
1621216466000;11540179;154.049;154.069;154.059;0;T;True;3
1621216467000;11540180;154.049;154.069;154.059;0;T;True;3
1621216468000;11540181;154.049;154.069;154.059;0;T;True;3
1621216469000;11540182;154.049;154.069;154.059;0;T;True;3
1621216470000;11540183;154.049;154.069;154.059;0;T;True;3
1621216471000;11540184;154.049;154.069;154.059;0;T;True;3
1621216472000;11540185;154.049;154.069;154.059;0;T;True;3
1621216473000;11540186;154.049;154.069;154.059;0;T;True;3
1621216474000;11540187;154.049;154.069;154.059;0;T;True;3
1621216475000;11540189;154.047;154.067;154.057;1;T;True;3
1621216476000;11540190;154.047;154.067;154.057;0;T;True;3
1621216477000;11540191;154.047;154.067;154.057;0;T;True;3
1621216478000;11540193;154.045;154.065;154.055;1;T;True;3
1621216479000;11540194;154.045;154.065;154.055;0;T;True;3
1621216480000;11540196;154.044;154.064;154.054;1;T;True;3
1621216481000;11540197;154.044;154.064;154.054;0;T;True;3
1621216482000;11540198;154.044;154.064;154.054;0;T;True;3
1621216483000;11540199;154.044;154.064;154.054;0;T;True;3
1621216484000;11540200;154.044;154.064;154.054;0;T;True;3
1621216485000;11540201;154.044;154.064;154.054;0;T;True;3
1621216486000;11540202;154.044;154.064;154.054;0;T;True;3
1621216487000;11540203;154.044;154.064;154.054;0;T;True;3
1621216488000;11540204;154.044;154.064;154.054;0;T;True;3
1621216489000;11540205;154.044;154.064;154.054;0;T;True;3
1621216490000;11540206;154.044;154.064;154.054;0;T;True;3
1621216491000;11540208;154.043;154.063;154.053;1;T;True;3
1621216492000;11540209;154.043;154.063;154.053;0;T;True;3
1621216493000;11540210;154.043;154.063;154.053;0;T;True;3
1621216494000;11540212;154.042;154.062;154.052;1;T;True;3
1621216495000;11540213;154.042;154.062;154.052;0;T;True;3
1621216496000;11540215;154.043;154.063;154.053;1;T;True;3
1621216497000;11540217;154.045;154.065;154.055;1;T;True;3
1621216498000;11540218;154.045;154.065;154.055;0;T;True;3
1621216499000;11540219;154.045;154.065;154.055;0;T;True;3
1621216500000;11540220;154.045;154.065;154.055;0;T;True;3
1621216501000;11540221;154.045;154.065;154.055;0;T;True;3
1621216502000;11540225;154.043;154.063;154.053;3;T;True;3
1621216503000;11540226;154.043;154.063;154.053;0;T;True;3
1621216504000;11540227;154.043;154.063;154.053;0;T;True;3
1621216505000;11540228;154.043;154.063;154.053;0;T;True;3
1621216506000;11540229;154.043;154.063;154.053;0;T;True;3
1621216507000;11540230;154.043;154.063;154.053;0;T;True;3
1621216508000;11540234;154.041;154.061;154.051;3;T;True;3
1621216509000;11540237;154.041;154.061;154.051;2;T;True;3
1621216510000;11540238;154.041;154.061;154.051;0;T;True;3
1621216511000;11540240;154.039;154.059;154.049;1;T;True;3
1621216512000;11540241;154.039;154.059;154.049;0;T;True;3
1621216513000;11540242;154.039;154.059;154.049;0;T;True;3
1621216514000;11540243;154.039;154.059;154.049;0;T;True;3
1621216515000;11540244;154.039;154.059;154.049;0;T;True;3
1621216516000;11540245;154.039;154.059;154.049;0;T;True;3
1621216517000;11540246;154.039;154.059;154.049;0;T;True;3
1621216518000;11540247;154.039;154.059;154.049;0;T;True;3
1621216519000;11540251;154.035;154.055;154.045;3;T;True;3
1621216520000;11540252;154.035;154.055;154.045;0;T;True;3
1621216521000;11540253;154.035;154.055;154.045;0;T;True;3
1621216522000;11540256;154.031;154.051;154.041;2;T;True;3
1621216523000;11540257;154.031;154.051;154.041;0;T;True;3
1621216524000;11540258;154.031;154.051;154.041;0;T;True;3
1621216525000;11540259;154.031;154.051;154.041;0;T;True;3
1621216526000;11540261;154.03;154.05;154.04;1;T;True;3
1621216527000;11540263;154.029;154.049;154.039;1;T;True;3
1621216528000;11540265;154.027;154.047;154.037;1;T;True;3
1621216529000;11540266;154.027;154.047;154.037;0;T;True;3
1621216530000;11540267;154.027;154.047;154.037;0;T;True;3
1621216531000;11540268;154.027;154.047;154.037;0;T;True;3
1621216532000;11540269;154.027;154.047;154.037;0;T;True;3
1621216533000;11540270;154.027;154.047;154.037;0;T;True;3
1621216534000;11540271;154.027;154.047;154.037;0;T;True;3
1621216535000;11540272;154.027;154.047;154.037;0;T;True;3
1621216536000;11540276;154.023;154.043;154.033;3;T;True;3
1621216537000;11540279;154.023;154.043;154.033;2;T;True;3
1621216538000;11540280;154.023;154.043;154.033;0;T;True;3
1621216539000;11540281;154.023;154.043;154.033;0;T;True;3
1621216540000;11540282;154.023;154.043;154.033;0;T;True;3
1621216541000;11540285;154.025;154.045;154.035;2;T;True;3
1621216542000;11540288;154.021;154.041;154.031;2;T;True;3
1621216543000;11540289;154.021;154.041;154.031;0;T;True;3
1621216544000;11540290;154.021;154.041;154.031;0;T;True;3
1621216545000;11540291;154.021;154.041;154.031;0;T;True;3
1621216546000;11540292;154.021;154.041;154.031;0;T;True;3
1621216547000;11540293;154.021;154.041;154.031;0;T;True;3
1621216548000;11540295;154.018;154.038;154.028;1;T;True;3
1621216549000;11540296;154.018;154.038;154.028;0;T;True;3
1621216550000;11540297;154.018;154.038;154.028;0;T;True;3
1621216551000;11540299;154.019;154.039;154.029;1;T;True;3
1621216552000;11540301;154.02;154.04;154.03;1;T;True;3
1621216553000;11540305;154.021;154.041;154.031;3;T;True;3
1621216554000;11540307;154.022;154.042;154.032;1;T;True;3
1621216555000;11540309;154.023;154.043;154.033;1;T;True;3
1621216556000;11540311;154.021;154.041;154.031;1;T;True;3
1621216557000;11540312;154.021;154.041;154.031;0;T;True;3
1621216558000;11540315;154.019;154.039;154.029;2;T;True;3
1621216559000;11540316;154.019;154.039;154.029;0;T;True;3
1621216560000;11540317;154.019;154.039;154.029;0;T;True;3
1621216561000;11540318;154.019;154.039;154.029;0;T;True;3
1621216562000;11540319;154.019;154.039;154.029;0;T;True;3
1621216563000;11540321;154.017;154.037;154.027;1;T;True;3
1621216564000;11540322;154.017;154.037;154.027;0;T;True;3
1621216565000;11540324;154.018;154.038;154.028;1;T;True;3
1621216566000;11540326;154.019;154.039;154.029;1;T;True;3
1621216567000;11540328;154.02;154.04;154.03;1;T;True;3
1621216568000;11540329;154.02;154.04;154.03;0;T;True;3
1621216569000;11540330;154.02;154.04;154.03;0;T;True;3
1621216570000;11540331;154.02;154.04;154.03;0;T;True;3
1621216571000;11540333;154.021;154.041;154.031;1;T;True;3
1621216572000;11540334;154.021;154.041;154.031;0;T;True;3
1621216573000;11540335;154.021;154.041;154.031;0;T;True;3
1621216574000;11540336;154.021;154.041;154.031;0;T;True;3
1621216575000;11540337;154.021;154.041;154.031;0;T;True;3
1621216576000;11540338;154.021;154.041;154.031;0;T;True;3
1621216577000;11540339;154.021;154.041;154.031;0;T;True;3
1621216578000;11540340;154.021;154.041;154.031;0;T;True;3
1621216579000;11540341;154.021;154.041;154.031;0;T;True;3
1621216580000;11540342;154.021;154.041;154.031;0;T;True;3
1621216581000;11540343;154.021;154.041;154.031;0;T;True;3
1621216582000;11540344;154.021;154.041;154.031;0;T;True;3
1621216583000;11540345;154.021;154.041;154.031;0;T;True;3
1621216584000;11540347;154.019;154.039;154.029;1;T;True;3
1621216585000;11540348;154.019;154.039;154.029;0;T;True;3
1621216586000;11540349;154.019;154.039;154.029;0;T;True;3
1621216587000;11540350;154.019;154.039;154.029;0;T;True;3
1621216588000;11540351;154.019;154.039;154.029;0;T;True;3
1621216589000;11540352;154.019;154.039;154.029;0;T;True;3
1621216590000;11540353;154.019;154.039;154.029;0;T;True;3
1621216591000;11540360;154.007;154.027;154.017;6;T;True;3
1621216592000;11540363;154.003;154.023;154.013;2;T;True;3
1621216593000;11540364;154.003;154.023;154.013;0;T;True;3
1621216594000;11540366;154.004;154.024;154.014;1;T;True;3
1621216595000;11540367;154.004;154.024;154.014;0;T;True;3
1621216596000;11540368;154.004;154.024;154.014;0;T;True;3
1621216597000;11540369;154.004;154.024;154.014;0;T;True;3
1621216598000;11540370;154.004;154.024;154.014;0;T;True;3
1621216599000;11540371;154.004;154.024;154.014;0;T;True;3
1621216600000;11540372;154.004;154.024;154.014;0;T;True;3
1621216601000;11540373;154.004;154.024;154.014;0;T;True;3
1621216602000;11540375;154.005;154.025;154.015;1;T;True;3
1621216603000;11540376;154.005;154.025;154.015;0;T;True;3
1621216604000;11540378;154.003;154.023;154.013;1;T;True;3
1621216605000;11540380;154.001;154.021;154.011;1;T;True;3
1621216606000;11540381;154.001;154.021;154.011;0;T;True;3
1621216607000;11540382;154.001;154.021;154.011;0;T;True;3
1621216608000;11540383;154.001;154.021;154.011;0;T;True;3
1621216609000;11540384;154.001;154.021;154.011;0;T;True;3
1621216610000;11540385;154.001;154.021;154.011;0;T;True;3
1621216611000;11540386;154.001;154.021;154.011;0;T;True;3
1621216612000;11540387;154.001;154.021;154.011;0;T;True;3
1621216613000;11540388;154.001;154.021;154.011;0;T;True;3
1621216614000;11540389;154.001;154.021;154.011;0;T;True;3
1621216615000;11540390;154.001;154.021;154.011;0;T;True;3
1621216616000;11540391;154.001;154.021;154.011;0;T;True;3
1621216617000;11540394;153.997;154.017;154.007;2;T;True;3
1621216618000;11540395;153.997;154.017;154.007;0;T;True;3
1621216619000;11540396;153.997;154.017;154.007;0;T;True;3
1621216620000;11540397;153.997;154.017;154.007;0;T;True;3
1621216621000;11540399;153.998;154.018;154.008;1;T;True;3
1621216622000;11540400;153.998;154.018;154.008;0;T;True;3
1621216623000;11540401;153.998;154.018;154.008;0;T;True;3
1621216624000;11540402;153.998;154.018;154.008;0;T;True;3
1621216625000;11540404;153.997;154.017;154.007;1;T;True;3
1621216626000;11540405;153.997;154.017;154.007;0;T;True;3
1621216627000;11540406;153.997;154.017;154.007;0;T;True;3
1621216628000;11540407;153.997;154.017;154.007;0;T;True;3
1621216629000;11540408;153.997;154.017;154.007;0;T;True;3
1621216630000;11540409;153.997;154.017;154.007;0;T;True;3
1621216631000;11540414;153.995;154.015;154.005;4;T;True;3
1621216632000;11540415;153.995;154.015;154.005;0;T;True;3
1621216633000;11540416;153.995;154.015;154.005;0;T;True;3
1621216634000;11540417;153.995;154.015;154.005;0;T;True;3
1621216635000;11540418;153.995;154.015;154.005;0;T;True;3
1621216636000;11540420;153.997;154.017;154.007;1;T;True;3
1621216637000;11540421;153.997;154.017;154.007;0;T;True;3
1621216638000;11540423;153.997;154.017;154.007;1;T;True;3
1621216639000;11540424;153.997;154.017;154.007;0;T;True;3
1621216640000;11540425;153.997;154.017;154.007;0;T;True;3
1621216641000;11540426;153.997;154.017;154.007;0;T;True;3
1621216642000;11540427;153.997;154.017;154.007;0;T;True;3
1621216643000;11540428;153.997;154.017;154.007;0;T;True;3
1621216644000;11540429;153.997;154.017;154.007;0;T;True;3
1621216645000;11540430;153.997;154.017;154.007;0;T;True;3
1621216646000;11540431;153.997;154.017;154.007;0;T;True;3
1621216647000;11540432;153.997;154.017;154.007;0;T;True;3
1621216648000;11540433;153.997;154.017;154.007;0;T;True;3
1621216649000;11540434;153.997;154.017;154.007;0;T;True;3
1621216650000;11540435;153.997;154.017;154.007;0;T;True;3
1621216651000;11540436;153.997;154.017;154.007;0;T;True;3
1621216652000;11540438;153.996;154.016;154.006;1;T;True;3
1621216653000;11540439;153.996;154.016;154.006;0;T;True;3
1621216654000;11540440;153.996;154.016;154.006;0;T;True;3
1621216655000;11540443;153.995;154.015;154.005;2;T;True;3
1621216656000;11540444;153.995;154.015;154.005;0;T;True;3
1621216657000;11540445;153.995;154.015;154.005;0;T;True;3
1621216658000;11540447;153.998;154.018;154.008;1;T;True;3
1621216659000;11540448;153.998;154.018;154.008;0;T;True;3
1621216660000;11540449;153.998;154.018;154.008;0;T;True;3
1621216661000;11540450;153.998;154.018;154.008;0;T;True;3
1621216662000;11540452;153.997;154.017;154.007;1;T;True;3
