ts;n;bid;ask;value;volume;phase;round;active_id
1621225662000;11553814;154.055;154.075;154.065;0;T;True;3
1621225663000;11553815;154.055;154.075;154.065;0;T;True;3
1621225664000;11553816;154.055;154.075;154.065;0;T;True;3
1621225665000;11553817;154.055;154.075;154.065;0;T;True;3
1621225666000;11553818;154.055;154.075;154.065;0;T;True;3
1621225667000;11553819;154.055;154.075;154.065;0;T;True;3
1621225668000;11553820;154.055;154.075;154.065;0;T;True;3
1621225669000;11553821;154.055;154.075;154.065;0;T;True;3
1621225670000;11553822;154.055;154.075;154.065;0;T;True;3
1621225671000;11553823;154.055;154.075;154.065;0;T;True;3
1621225672000;11553824;154.055;154.075;154.065;0;T;True;3
1621225673000;11553825;154.055;154.075;154.065;0;T;True;3
1621225674000;11553826;154.055;154.075;154.065;0;T;True;3
1621225675000;11553827;154.055;154.075;154.065;0;T;True;3
1621225676000;11553828;154.055;154.075;154.065;0;T;True;3
1621225677000;11553829;154.055;154.075;154.065;0;T;True;3
1621225678000;11553830;154.055;154.075;154.065;0;T;True;3
1621225679000;11553831;154.055;154.075;154.065;0;T;True;3
1621225680000;11553832;154.055;154.075;154.065;0;T;True;3
1621225681000;11553833;154.055;154.075;154.065;0;T;True;3
1621225682000;11553834;154.055;154.075;154.065;0;T;True;3
1621225683000;11553835;154.055;154.075;154.065;0;T;True;3
1621225684000;11553836;154.055;154.075;154.065;0;T;True;3
1621225685000;11553837;154.055;154.075;154.065;0;T;True;3
1621225686000;11553838;154.055;154.075;154.065;0;T;True;3
1621225687000;11553839;154.055;154.075;154.065;0;T;True;3
1621225688000;11553840;154.055;154.075;154.065;0;T;True;3
1621225689000;11553841;154.055;154.075;154.065;0;T;True;3
1621225690000;11553842;154.055;154.075;154.065;0;T;True;3
1621225691000;11553843;154.055;154.075;154.065;0;T;True;3
1621225692000;11553847;154.055;154.075;154.065;3;T;True;3
1621225693000;11553848;154.055;154.075;154.065;0;T;True;3
1621225694000;11553853;154.058;154.078;154.068;4;T;True;3
1621225695000;11553855;154.059;154.079;154.069;1;T;True;3
1621225696000;11553856;154.059;154.079;154.069;0;T;True;3
1621225697000;11553858;154.058;154.078;154.068;1;T;True;3
1621225698000;11553859;154.058;154.078;154.068;0;T;True;3
1621225699000;11553861;154.057;154.077;154.067;1;T;True;3
1621225700000;11553862;154.057;154.077;154.067;0;T;True;3
1621225701000;11553863;154.057;154.077;154.067;0;T;True;3
1621225702000;11553865;154.058;154.078;154.068;1;T;True;3
1621225703000;11553866;154.058;154.078;154.068;0;T;True;3
1621225704000;11553867;154.058;154.078;154.068;0;T;True;3
1621225705000;11553868;154.058;154.078;154.068;0;T;True;3
1621225706000;11553869;154.058;154.078;154.068;0;T;True;3
1621225707000;11553872;154.057;154.077;154.067;2;T;True;3
1621225708000;11553873;154.057;154.077;154.067;0;T;True;3
1621225709000;11553875;154.055;154.075;154.065;1;T;True;3
1621225710000;11553878;154.056;154.076;154.066;2;T;True;3
1621225711000;11553879;154.056;154.076;154.066;0;T;True;3
1621225712000;11553880;154.056;154.076;154.066;0;T;True;3
1621225713000;11553881;154.056;154.076;154.066;0;T;True;3
1621225714000;11553882;154.056;154.076;154.066;0;T;True;3
1621225715000;11553884;154.055;154.075;154.065;1;T;True;3
1621225716000;11553885;154.055;154.075;154.065;0;T;True;3
1621225717000;11553886;154.055;154.075;154.065;0;T;True;3
1621225718000;11553887;154.055;154.075;154.065;0;T;True;3
1621225719000;11553888;154.055;154.075;154.065;0;T;True;3
1621225720000;11553889;154.055;154.075;154.065;0;T;True;3
1621225721000;11553890;154.055;154.075;154.065;0;T;True;3
1621225722000;11553892;154.053;154.073;154.063;1;T;True;3
1621225723000;11553893;154.053;154.073;154.063;0;T;True;3
1621225724000;11553894;154.053;154.073;154.063;0;T;True;3
1621225725000;11553895;154.053;154.073;154.063;0;T;True;3
1621225726000;11553896;154.053;154.073;154.063;0;T;True;3
1621225727000;11553897;154.053;154.073;154.063;0;T;True;3
1621225728000;11553898;154.053;154.073;154.063;0;T;True;3
1621225729000;11553899;154.053;154.073;154.063;0;T;True;3
1621225730000;11553900;154.053;154.073;154.063;0;T;True;3
1621225731000;11553901;154.053;154.073;154.063;0;T;True;3
1621225732000;11553903;154.054;154.074;154.064;1;T;True;3
1621225733000;11553904;154.054;154.074;154.064;0;T;True;3
1621225734000;11553905;154.054;154.074;154.064;0;T;True;3
1621225735000;11553909;154.049;154.069;154.059;3;T;True;3
1621225736000;11553911;154.051;154.071;154.061;1;T;True;3
1621225737000;11553912;154.051;154.071;154.061;0;T;True;3
1621225738000;11553915;154.051;154.071;154.061;2;T;True;3
1621225739000;11553916;154.051;154.071;154.061;0;T;True;3
1621225740000;11553917;154.051;154.071;154.061;0;T;True;3
1621225741000;11553918;154.051;154.071;154.061;0;T;True;3
1621225742000;11553919;154.051;154.071;154.061;0;T;True;3
1621225743000;11553920;154.051;154.071;154.061;0;T;True;3
1621225744000;11553921;154.051;154.071;154.061;0;T;True;3
1621225745000;11553922;154.051;154.071;154.061;0;T;True;3
1621225746000;11553923;154.051;154.071;154.061;0;T;True;3
1621225747000;11553925;154.05;154.07;154.06;1;T;True;3
1621225748000;11553926;154.05;154.07;154.06;0;T;True;3
1621225749000;11553928;154.049;154.069;154.059;1;T;True;3
1621225750000;11553929;154.049;154.069;154.059;0;T;True;3
1621225751000;11553930;154.049;154.069;154.059;0;T;True;3
1621225752000;11553931;154.049;154.069;154.059;0;T;True;3
1621225753000;11553932;154.049;154.069;154.059;0;T;True;3
1621225754000;11553933;154.049;154.069;154.059;0;T;True;3
1621225755000;11553934;154.049;154.069;154.059;0;T;True;3
1621225756000;11553935;154.049;154.069;154.059;0;T;True;3
1621225757000;11553936;154.049;154.069;154.059;0;T;True;3
1621225758000;11553937;154.049;154.069;154.059;0;T;True;3
1621225759000;11553938;154.049;154.069;154.059;0;T;True;3
1621225760000;11553939;154.049;154.069;154.059;0;T;True;3
1621225761000;11553940;154.049;154.069;154.059;0;T;True;3
1621225762000;11553941;154.049;154.069;154.059;0;T;True;3
1621225763000;11553945;154.053;154.073;154.063;3;T;True;3
1621225764000;11553947;154.056;154.076;154.066;1;T;True;3
1621225765000;11553948;154.056;154.076;154.066;0;T;True;3
1621225766000;11553949;154.056;154.076;154.066;0;T;True;3
1621225767000;11553952;154.053;154.073;154.063;2;T;True;3
1621225768000;11553953;154.053;154.073;154.063;0;T;True;3
1621225769000;11553955;154.052;154.072;154.062;1;T;True;3
1621225770000;11553956;154.052;154.072;154.062;0;T;True;3
1621225771000;11553957;154.052;154.072;154.062;0;T;True;3
1621225772000;11553959;154.053;154.073;154.063;1;T;True;3
1621225773000;11553960;154.053;154.073;154.063;0;T;True;3
1621225774000;11553961;154.053;154.073;154.063;0;T;True;3
1621225775000;11553962;154.053;154.073;154.063;0;T;True;3
1621225776000;11553963;154.053;154.073;154.063;0;T;True;3
1621225777000;11553964;154.053;154.073;154.063;0;T;True;3
1621225778000;11553965;154.053;154.073;154.063;0;T;True;3
1621225779000;11553966;154.053;154.073;154.063;0;T;True;3
1621225780000;11553968;154.052;154.072;154.062;1;T;True;3
1621225781000;11553969;154.052;154.072;154.062;0;T;True;3
1621225782000;11553970;154.052;154.072;154.062;0;T;True;3
1621225783000;11553971;154.052;154.072;154.062;0;T;True;3
1621225784000;11553972;154.052;154.072;154.062;0;T;True;3
1621225785000;11553973;154.052;154.072;154.062;0;T;True;3
1621225786000;11553974;154.052;154.072;154.062;0;T;True;3
1621225787000;11553975;154.052;154.072;154.062;0;T;True;3
1621225788000;11553977;154.051;154.071;154.061;1;T;True;3
1621225789000;11553978;154.051;154.071;154.061;0;T;True;3
1621225790000;11553979;154.051;154.071;154.061;0;T;True;3
1621225791000;11553980;154.051;154.071;154.061;0;T;True;3
1621225792000;11553981;154.051;154.071;154.061;0;T;True;3
1621225793000;11553982;154.051;154.071;154.061;0;T;True;3
1621225794000;11553983;154.051;154.071;154.061;0;T;True;3
1621225795000;11553984;154.051;154.071;154.061;0;T;True;3
1621225796000;11553985;154.051;154.071;154.061;0;T;True;3
1621225797000;11553986;154.051;154.071;154.061;0;T;True;3
1621225798000;11553987;154.051;154.071;154.061;0;T;True;3
1621225799000;11553989;154.053;154.073;154.063;1;T;True;3
1621225800000;11553991;154.061;154.081;154.071;1;T;True;3
1621225801000;11553992;154.061;154.081;154.071;0;T;True;3
1621225802000;11553993;154.061;154.081;154.071;0;T;True;3
1621225803000;11553994;154.061;154.081;154.071;0;T;True;3
1621225804000;11553995;154.061;154.081;154.071;0;T;True;3
1621225805000;11553996;154.061;154.081;154.071;0;T;True;3
1621225806000;11553997;154.061;154.081;154.071;0;T;True;3
1621225807000;11553998;154.061;154.081;154.071;0;T;True;3
1621225808000;11553999;154.061;154.081;154.071;0;T;True;3
1621225809000;11554000;154.061;154.081;154.071;0;T;True;3
1621225810000;11554001;154.061;154.081;154.071;0;T;True;3
1621225811000;11554002;154.061;154.081;154.071;0;T;True;3
1621225812000;11554003;154.061;154.081;154.071;0;T;True;3
1621225813000;11554004;154.061;154.081;154.071;0;T;True;3
1621225814000;11554005;154.061;154.081;154.071;0;T;True;3
1621225815000;11554006;154.061;154.081;154.071;0;T;True;3
1621225816000;11554007;154.061;154.081;154.071;0;T;True;3
1621225817000;11554008;154.061;154.081;154.071;0;T;True;3
1621225818000;11554009;154.061;154.081;154.071;0;T;True;3
1621225819000;11554010;154.061;154.081;154.071;0;T;True;3
1621225820000;11554012;154.063;154.083;154.073;1;T;True;3
1621225821000;11554014;154.065;154.085;154.075;1;T;True;3
1621225822000;11554016;154.067;154.087;154.077;1;T;True;3
1621225823000;11554018;154.069;154.089;154.079;1;T;True;3
1621225824000;11554019;154.069;154.089;154.079;0;T;True;3
1621225825000;11554020;154.069;154.089;154.079;0;T;True;3
1621225826000;11554021;154.069;154.089;154.079;0;T;True;3
1621225827000;11554024;154.067;154.087;154.077;2;T;True;3
1621225828000;11554025;154.067;154.087;154.077;0;T;True;3
1621225829000;11554026;154.067;154.087;154.077;0;T;True;3
1621225830000;11554033;154.068;154.088;154.078;6;T;True;3
1621225831000;11554036;154.067;154.087;154.077;2;T;True;3
1621225832000;11554037;154.067;154.087;154.077;0;T;True;3
1621225833000;11554038;154.067;154.087;154.077;0;T;True;3
1621225834000;11554039;154.067;154.087;154.077;0;T;True;3
1621225835000;11554040;154.067;154.087;154.077;0;T;True;3
1621225836000;11554041;154.067;154.087;154.077;0;T;True;3
1621225837000;11554042;154.067;154.087;154.077;0;T;True;3
1621225838000;11554045;154.066;154.086;154.076;2;T;True;3
1621225839000;11554046;154.066;154.086;154.076;0;T;True;3
1621225840000;11554047;154.066;154.086;154.076;0;T;True;3
1621225841000;11554048;154.066;154.086;154.076;0;T;True;3
1621225842000;11554050;154.065;154.085;154.075;1;T;True;3
1621225843000;11554051;154.065;154.085;154.075;0;T;True;3
1621225844000;11554052;154.065;154.085;154.075;0;T;True;3
1621225845000;11554056;154.071;154.091;154.081;3;T;True;3
1621225846000;11554059;154.071;154.091;154.081;2;T;True;3
1621225847000;11554060;154.071;154.091;154.081;0;T;True;3
1621225848000;11554061;154.071;154.091;154.081;0;T;True;3
1621225849000;11554062;154.071;154.091;154.081;0;T;True;3
1621225850000;11554063;154.071;154.091;154.081;0;T;True;3
1621225851000;11554064;154.071;154.091;154.081;0;T;True;3
1621225852000;11554065;154.071;154.091;154.081;0;T;True;3
1621225853000;11554067;154.073;154.093;154.083;1;T;True;3
1621225854000;11554068;154.073;154.093;154.083;0;T;True;3
1621225855000;11554069;154.073;154.093;154.083;0;T;True;3
1621225856000;11554070;154.073;154.093;154.083;0;T;True;3
1621225857000;11554071;154.073;154.093;154.083;0;T;True;3
1621225858000;11554072;154.073;154.093;154.083;0;T;True;3
1621225859000;11554073;154.073;154.093;154.083;0;T;True;3
1621225860000;11554075;154.072;154.092;154.082;1;T;True;3
1621225861000;11554078;154.071;154.091;154.081;2;T;True;3
1621225862000;11554079;154.071;154.091;154.081;0;T;True;3
1621225863000;11554080;154.071;154.091;154.081;0;T;True;3
1621225864000;11554081;154.071;154.091;154.081;0;T;True;3
1621225865000;11554082;154.071;154.091;154.081;0;T;True;3
1621225866000;11554083;154.071;154.091;154.081;0;T;True;3
1621225867000;11554084;154.071;154.091;154.081;0;T;True;3
1621225868000;11554085;154.071;154.091;154.081;0;T;True;3
1621225869000;11554086;154.071;154.091;154.081;0;T;True;3
1621225870000;11554088;154.073;154.093;154.083;1;T;True;3
1621225871000;11554089;154.073;154.093;154.083;0;T;True;3
1621225872000;11554092;154.075;154.095;154.085;2;T;True;3
1621225873000;11554093;154.075;154.095;154.085;0;T;True;3
1621225874000;11554094;154.075;154.095;154.085;0;T;True;3
1621225875000;11554096;154.073;154.093;154.083;1;T;True;3
1621225876000;11554097;154.073;154.093;154.083;0;T;True;3
1621225877000;11554098;154.073;154.093;154.083;0;T;True;3
1621225878000;11554099;154.073;154.093;154.083;0;T;True;3
1621225879000;11554100;154.073;154.093;154.083;0;T;True;3
1621225880000;11554101;154.073;154.093;154.083;0;T;True;3
1621225881000;11554102;154.073;154.093;154.083;0;T;True;3
1621225882000;11554103;154.073;154.093;154.083;0;T;True;3
1621225883000;11554104;154.073;154.093;154.083;0;T;True;3
1621225884000;11554107;154.075;154.095;154.085;2;T;True;3
1621225885000;11554112;154.08;154.1;154.09;4;T;True;3
1621225886000;11554113;154.08;154.1;154.09;0;T;True;3
1621225887000;11554114;154.08;154.1;154.09;0;T;True;3
1621225888000;11554115;154.08;154.1;154.09;0;T;True;3
1621225889000;11554116;154.08;154.1;154.09;0;T;True;3
1621225890000;11554118;154.081;154.101;154.091;1;T;True;3
1621225891000;11554119;154.081;154.101;154.091;0;T;True;3
1621225892000;11554122;154.085;154.105;154.095;2;T;True;3
1621225893000;11554123;154.085;154.105;154.095;0;T;True;3
1621225894000;11554124;154.085;154.105;154.095;0;T;True;3
1621225895000;11554125;154.085;154.105;154.095;0;T;True;3
1621225896000;11554126;154.085;154.105;154.095;0;T;True;3
1621225897000;11554127;154.085;154.105;154.095;0;T;True;3
1621225898000;11554128;154.085;154.105;154.095;0;T;True;3
1621225899000;11554129;154.085;154.105;154.095;0;T;True;3
1621225900000;11554130;154.085;154.105;154.095;0;T;True;3
1621225901000;11554131;154.085;154.105;154.095;0;T;True;3
1621225902000;11554132;154.085;154.105;154.095;0;T;True;3
1621225903000;11554133;154.085;154.105;154.095;0;T;True;3
1621225904000;11554134;154.085;154.105;154.095;0;T;True;3
1621225905000;11554137;154.089;154.109;154.099;2;T;True;3
1621225906000;11554138;154.089;154.109;154.099;0;T;True;3
1621225907000;11554142;154.081;154.101;154.091;3;T;True;3
1621225908000;11554143;154.081;154.101;154.091;0;T;True;3
1621225909000;11554144;154.081;154.101;154.091;0;T;True;3
1621225910000;11554145;154.081;154.101;154.091;0;T;True;3
1621225911000;11554146;154.081;154.101;154.091;0;T;True;3
1621225912000;11554149;154.078;154.098;154.088;2;T;True;3
1621225913000;11554151;154.077;154.097;154.087;1;T;True;3
1621225914000;11554152;154.077;154.097;154.087;0;T;True;3
1621225915000;11554153;154.077;154.097;154.087;0;T;True;3
1621225916000;11554155;154.075;154.095;154.085;1;T;True;3
1621225917000;11554156;154.075;154.095;154.085;0;T;True;3
1621225918000;11554157;154.075;154.095;154.085;0;T;True;3
1621225919000;11554158;154.075;154.095;154.085;0;T;True;3
1621225920000;11554159;154.075;154.095;154.085;0;T;True;3
1621225921000;11554160;154.075;154.095;154.085;0;T;True;3
1621225922000;11554161;154.075;154.095;154.085;0;T;True;3
1621225923000;11554163;154.076;154.096;154.086;1;T;True;3
1621225924000;11554166;154.073;154.093;154.083;2;T;True;3
1621225925000;11554167;154.073;154.093;154.083;0;T;True;3
1621225926000;11554168;154.073;154.093;154.083;0;T;True;3
1621225927000;11554169;154.073;154.093;154.083;0;T;True;3
1621225928000;11554171;154.071;154.091;154.081;1;T;True;3
1621225929000;11554172;154.071;154.091;154.081;0;T;True;3
1621225930000;11554173;154.071;154.091;154.081;0;T;True;3
1621225931000;11554174;154.071;154.091;154.081;0;T;True;3
1621225932000;11554175;154.071;154.091;154.081;0;T;True;3
1621225933000;11554176;154.071;154.091;154.081;0;T;True;3
1621225934000;11554177;154.071;154.091;154.081;0;T;True;3
1621225935000;11554181;154.079;154.099;154.089;3;T;True;3
1621225936000;11554182;154.079;154.099;154.089;0;T;True;3
1621225937000;11554183;154.079;154.099;154.089;0;T;True;3
1621225938000;11554184;154.079;154.099;154.089;0;T;True;3
1621225939000;11554185;154.079;154.099;154.089;0;T;True;3
1621225940000;11554186;154.079;154.099;154.089;0;T;True;3
1621225941000;11554187;154.079;154.099;154.089;0;T;True;3
1621225942000;11554188;154.079;154.099;154.089;0;T;True;3
1621225943000;11554189;154.079;154.099;154.089;0;T;True;3
1621225944000;11554190;154.079;154.099;154.089;0;T;True;3
1621225945000;11554191;154.079;154.099;154.089;0;T;True;3
1621225946000;11554193;154.081;154.101;154.091;1;T;True;3
1621225947000;11554195;154.082;154.102;154.092;1;T;True;3
1621225948000;11554196;154.082;154.102;154.092;0;T;True;3
1621225949000;11554197;154.082;154.102;154.092;0;T;True;3
1621225950000;11554198;154.082;154.102;154.092;0;T;True;3
1621225951000;11554199;154.082;154.102;154.092;0;T;True;3
1621225952000;11554201;154.083;154.103;154.093;1;T;True;3
1621225953000;11554202;154.083;154.103;154.093;0;T;True;3
1621225954000;11554203;154.083;154.103;154.093;0;T;True;3
1621225955000;11554204;154.083;154.103;154.093;0;T;True;3
1621225956000;11554205;154.083;154.103;154.093;0;T;True;3
1621225957000;11554206;154.083;154.103;154.093;0;T;True;3
1621225958000;11554207;154.083;154.103;154.093;0;T;True;3
1621225959000;11554208;154.083;154.103;154.093;0;T;True;3
1621225960000;11554211;154.081;154.101;154.091;2;T;True;3
1621225961000;11554212;154.081;154.101;154.091;0;T;True;3
1621225962000;11554213;154.081;154.101;154.091;0;T;True;3
1621225963000;11554214;154.081;154.101;154.091;0;T;True;3
1621225964000;11554215;154.081;154.101;154.091;0;T;True;3
1621225965000;11554216;154.081;154.101;154.091;0;T;True;3
1621225966000;11554219;154.079;154.099;154.089;2;T;True;3
1621225967000;11554221;154.08;154.1;154.09;1;T;True;3
1621225968000;11554222;154.08;154.1;154.09;0;T;True;3
1621225969000;11554223;154.08;154.1;154.09;0;T;True;3
1621225970000;11554224;154.08;154.1;154.09;0;T;True;3
1621225971000;11554225;154.08;154.1;154.09;0;T;True;3
1621225972000;11554233;154.088;154.108;154.098;7;T;True;3
1621225973000;11554235;154.089;154.109;154.099;1;T;True;3
1621225974000;11554236;154.089;154.109;154.099;0;T;True;3
1621225975000;11554237;154.089;154.109;154.099;0;T;True;3
1621225976000;11554238;154.089;154.109;154.099;0;T;True;3
1621225977000;11554239;154.089;154.109;154.099;0;T;True;3
1621225978000;11554241;154.088;154.108;154.098;1;T;True;3
1621225979000;11554242;154.088;154.108;154.098;0;T;True;3
1621225980000;11554245;154.086;154.106;154.096;2;T;True;3
1621225981000;11554246;154.086;154.106;154.096;0;T;True;3
1621225982000;11554247;154.086;154.106;154.096;0;T;True;3
1621225983000;11554248;154.086;154.106;154.096;0;T;True;3
1621225984000;11554249;154.086;154.106;154.096;0;T;True;3
1621225985000;11554250;154.086;154.106;154.096;0;T;True;3
1621225986000;11554251;154.086;154.106;154.096;0;T;True;3
1621225987000;11554252;154.086;154.106;154.096;0;T;True;3
1621225988000;11554253;154.086;154.106;154.096;0;T;True;3
1621225989000;11554254;154.086;154.106;154.096;0;T;True;3
1621225990000;11554255;154.086;154.106;154.096;0;T;True;3
1621225991000;11554256;154.086;154.106;154.096;0;T;True;3
1621225992000;11554259;154.088;154.108;154.098;2;T;True;3
1621225993000;11554260;154.088;154.108;154.098;0;T;True;3
1621225994000;11554261;154.088;154.108;154.098;0;T;True;3
1621225995000;11554262;154.088;154.108;154.098;0;T;True;3
1621225996000;11554263;154.088;154.108;154.098;0;T;True;3
1621225997000;11554265;154.089;154.109;154.099;1;T;True;3
1621225998000;11554266;154.089;154.109;154.099;0;T;True;3
1621225999000;11554267;154.089;154.109;154.099;0;T;True;3
1621226000000;11554269;154.09;154.11;154.1;1;T;True;3
1621226001000;11554270;154.09;154.11;154.1;0;T;True;3
1621226002000;11554273;154.097;154.117;154.107;2;T;True;3
1621226003000;11554275;154.098;154.118;154.108;1;T;True;3
1621226004000;11554276;154.098;154.118;154.108;0;T;True;3
1621226005000;11554277;154.098;154.118;154.108;0;T;True;3
1621226006000;11554278;154.098;154.118;154.108;0;T;True;3
1621226007000;11554280;154.097;154.117;154.107;1;T;True;3
1621226008000;11554281;154.097;154.117;154.107;0;T;True;3
1621226009000;11554282;154.097;154.117;154.107;0;T;True;3
1621226010000;11554283;154.097;154.117;154.107;0;T;True;3
1621226011000;11554285;154.095;154.115;154.105;1;T;True;3
1621226012000;11554286;154.095;154.115;154.105;0;T;True;3
1621226013000;11554287;154.095;154.115;154.105;0;T;True;3
1621226014000;11554288;154.095;154.115;154.105;0;T;True;3
1621226015000;11554289;154.095;154.115;154.105;0;T;True;3
1621226016000;11554290;154.095;154.115;154.105;0;T;True;3
1621226017000;11554291;154.095;154.115;154.105;0;T;True;3
1621226018000;11554292;154.095;154.115;154.105;0;T;True;3
1621226019000;11554295;154.093;154.113;154.103;2;T;True;3
1621226020000;11554297;154.094;154.114;154.104;1;T;True;3
1621226021000;11554298;154.094;154.114;154.104;0;T;True;3
1621226022000;11554300;154.093;154.113;154.103;1;T;True;3
1621226023000;11554301;154.093;154.113;154.103;0;T;True;3
1621226024000;11554302;154.093;154.113;154.103;0;T;True;3
1621226025000;11554305;154.093;154.113;154.103;2;T;True;3
1621226026000;11554306;154.093;154.113;154.103;0;T;True;3
1621226027000;11554307;154.093;154.113;154.103;0;T;True;3
1621226028000;11554308;154.093;154.113;154.103;0;T;True;3
1621226029000;11554309;154.093;154.113;154.103;0;T;True;3
1621226030000;11554310;154.093;154.113;154.103;0;T;True;3
1621226031000;11554311;154.093;154.113;154.103;0;T;True;3
1621226032000;11554312;154.093;154.113;154.103;0;T;True;3
1621226033000;11554313;154.093;154.113;154.103;0;T;True;3
1621226034000;11554314;154.093;154.113;154.103;0;T;True;3
1621226035000;11554315;154.093;154.113;154.103;0;T;True;3
1621226036000;11554316;154.093;154.113;154.103;0;T;True;3
1621226037000;11554317;154.093;154.113;154.103;0;T;True;3
1621226038000;11554318;154.093;154.113;154.103;0;T;True;3
1621226039000;11554319;154.093;154.113;154.103;0;T;True;3
1621226040000;11554320;154.093;154.113;154.103;0;T;True;3
1621226041000;11554321;154.093;154.113;154.103;0;T;True;3
1621226042000;11554322;154.093;154.113;154.103;0;T;True;3
1621226043000;11554323;154.093;154.113;154.103;0;T;True;3
1621226044000;11554324;154.093;154.113;154.103;0;T;True;3
1621226045000;11554326;154.095;154.115;154.105;1;T;True;3
1621226046000;11554327;154.095;154.115;154.105;0;T;True;3
1621226047000;11554329;154.097;154.117;154.107;1;T;True;3
1621226048000;11554332;154.096;154.116;154.106;2;T;True;3
1621226049000;11554333;154.096;154.116;154.106;0;T;True;3
1621226050000;11554334;154.096;154.116;154.106;0;T;True;3
1621226051000;11554338;154.095;154.115;154.105;3;T;True;3
1621226052000;11554339;154.095;154.115;154.105;0;T;True;3
1621226053000;11554340;154.095;154.115;154.105;0;T;True;3
1621226054000;11554341;154.095;154.115;154.105;0;T;True;3
1621226055000;11554342;154.095;154.115;154.105;0;T;True;3
1621226056000;11554345;154.091;154.111;154.101;2;T;True;3
1621226057000;11554346;154.091;154.111;154.101;0;T;True;3
1621226058000;11554347;154.091;154.111;154.101;0;T;True;3
1621226059000;11554348;154.091;154.111;154.101;0;T;True;3
1621226060000;11554349;154.091;154.111;154.101;0;T;True;3
1621226061000;11554350;154.091;154.111;154.101;0;T;True;3
1621226062000;11554354;154.087;154.107;154.097;3;T;True;3
1621226063000;11554355;154.087;154.107;154.097;0;T;True;3
1621226064000;11554356;154.087;154.107;154.097;0;T;True;3
1621226065000;11554357;154.087;154.107;154.097;0;T;True;3
1621226066000;11554358;154.087;154.107;154.097;0;T;True;3
1621226067000;11554359;154.087;154.107;154.097;0;T;True;3
1621226068000;11554360;154.087;154.107;154.097;0;T;True;3
1621226069000;11554361;154.087;154.107;154.097;0;T;True;3
1621226070000;11554362;154.087;154.107;154.097;0;T;True;3
1621226071000;11554363;154.087;154.107;154.097;0;T;True;3
1621226072000;11554364;154.087;154.107;154.097;0;T;True;3
1621226073000;11554365;154.087;154.107;154.097;0;T;True;3
1621226074000;11554366;154.087;154.107;154.097;0;T;True;3
1621226075000;11554367;154.087;154.107;154.097;0;T;True;3
1621226076000;11554369;154.088;154.108;154.098;1;T;True;3
1621226077000;11554370;154.088;154.108;154.098;0;T;True;3
1621226078000;11554371;154.088;154.108;154.098;0;T;True;3
1621226079000;11554372;154.088;154.108;154.098;0;T;True;3
1621226080000;11554376;154.085;154.105;154.095;3;T;True;3
1621226081000;11554377;154.085;154.105;154.095;0;T;True;3
1621226082000;11554378;154.085;154.105;154.095;0;T;True;3
1621226083000;11554379;154.085;154.105;154.095;0;T;True;3
1621226084000;11554380;154.085;154.105;154.095;0;T;True;3
1621226085000;11554382;154.087;154.107;154.097;1;T;True;3
1621226086000;11554384;154.089;154.109;154.099;1;T;True;3
1621226087000;11554385;154.089;154.109;154.099;0;T;True;3
1621226088000;11554386;154.089;154.109;154.099;0;T;True;3
1621226089000;11554387;154.089;154.109;154.099;0;T;True;3
1621226090000;11554388;154.089;154.109;154.099;0;T;True;3
1621226091000;11554389;154.089;154.109;154.099;0;T;True;3
1621226092000;11554390;154.089;154.109;154.099;0;T;True;3
1621226093000;11554391;154.089;154.109;154.099;0;T;True;3
1621226094000;11554392;154.089;154.109;154.099;0;T;True;3
1621226095000;11554396;154.097;154.117;154.107;3;T;True;3
1621226096000;11554397;154.097;154.117;154.107;0;T;True;3
1621226097000;11554398;154.097;154.117;154.107;0;T;True;3
1621226098000;11554399;154.097;154.117;154.107;0;T;True;3
1621226099000;11554400;154.097;154.117;154.107;0;T;True;3
1621226100000;11554401;154.097;154.117;154.107;0;T;True;3
1621226101000;11554403;154.098;154.118;154.108;1;T;True;3
1621226102000;11554405;154.099;154.119;154.109;1;T;True;3
1621226103000;11554406;154.099;154.119;154.109;0;T;True;3
1621226104000;11554411;154.104;154.124;154.114;4;T;True;3
1621226105000;11554413;154.103;154.123;154.113;1;T;True;3
1621226106000;11554414;154.103;154.123;154.113;0;T;True;3
1621226107000;11554415;154.103;154.123;154.113;0;T;True;3
1621226108000;11554416;154.103;154.123;154.113;0;T;True;3
1621226109000;11554417;154.103;154.123;154.113;0;T;True;3
1621226110000;11554420;154.105;154.125;154.115;2;T;True;3
1621226111000;11554421;154.105;154.125;154.115;0;T;True;3
1621226112000;11554422;154.105;154.125;154.115;0;T;True;3
1621226113000;11554423;154.105;154.125;154.115;0;T;True;3
1621226114000;11554426;154.106;154.126;154.116;2;T;True;3
1621226115000;11554427;154.106;154.126;154.116;0;T;True;3
1621226116000;11554428;154.106;154.126;154.116;0;T;True;3
1621226117000;11554430;154.105;154.125;154.115;1;T;True;3
1621226118000;11554431;154.105;154.125;154.115;0;T;True;3
1621226119000;11554432;154.105;154.125;154.115;0;T;True;3
1621226120000;11554433;154.105;154.125;154.115;0;T;True;3
1621226121000;11554435;154.107;154.127;154.117;1;T;True;3
1621226122000;11554437;154.108;154.128;154.118;1;T;True;3
1621226123000;11554438;154.108;154.128;154.118;0;T;True;3
1621226124000;11554439;154.108;154.128;154.118;0;T;True;3
1621226125000;11554440;154.108;154.128;154.118;0;T;True;3
1621226126000;11554442;154.107;154.127;154.117;1;T;True;3
1621226127000;11554443;154.107;154.127;154.117;0;T;True;3
1621226128000;11554444;154.107;154.127;154.117;0;T;True;3
1621226129000;11554445;154.107;154.127;154.117;0;T;True;3
1621226130000;11554446;154.107;154.127;154.117;0;T;True;3
1621226131000;11554447;154.107;154.127;154.117;0;T;True;3
1621226132000;11554451;154.113;154.133;154.123;3;T;True;3
1621226133000;11554453;154.111;154.131;154.121;1;T;True;3
1621226134000;11554455;154.109;154.129;154.119;1;T;True;3
1621226135000;11554456;154.109;154.129;154.119;0;T;True;3
1621226136000;11554457;154.109;154.129;154.119;0;T;True;3
1621226137000;11554458;154.109;154.129;154.119;0;T;True;3
1621226138000;11554459;154.109;154.129;154.119;0;T;True;3
1621226139000;11554460;154.109;154.129;154.119;0;T;True;3
1621226140000;11554461;154.109;154.129;154.119;0;T;True;3
1621226141000;11554463;154.108;154.128;154.118;1;T;True;3
1621226142000;11554464;154.108;154.128;154.118;0;T;True;3
1621226143000;11554465;154.108;154.128;154.118;0;T;True;3
1621226144000;11554466;154.108;154.128;154.118;0;T;True;3
1621226145000;11554467;154.108;154.128;154.118;0;T;True;3
1621226146000;11554469;154.107;154.127;154.117;1;T;True;3
1621226147000;11554470;154.107;154.127;154.117;0;T;True;3
1621226148000;11554471;154.107;154.127;154.117;0;T;True;3
1621226149000;11554472;154.107;154.127;154.117;0;T;True;3
1621226150000;11554473;154.107;154.127;154.117;0;T;True;3
1621226151000;11554474;154.107;154.127;154.117;0;T;True;3
1621226152000;11554475;154.107;154.127;154.117;0;T;True;3
1621226153000;11554476;154.107;154.127;154.117;0;T;True;3
1621226154000;11554478;154.105;154.125;154.115;1;T;True;3
1621226155000;11554479;154.105;154.125;154.115;0;T;True;3
1621226156000;11554482;154.103;154.123;154.113;2;T;True;3
1621226157000;11554484;154.099;154.119;154.109;1;T;True;3
1621226158000;11554485;154.099;154.119;154.109;0;T;True;3
1621226159000;11554486;154.099;154.119;154.109;0;T;True;3
1621226160000;11554487;154.099;154.119;154.109;0;T;True;3
1621226161000;11554490;154.104;154.124;154.114;2;T;True;3
1621226162000;11554491;154.104;154.124;154.114;0;T;True;3
1621226163000;11554492;154.104;154.124;154.114;0;T;True;3
1621226164000;11554493;154.104;154.124;154.114;0;T;True;3
1621226165000;11554495;154.103;154.123;154.113;1;T;True;3
1621226166000;11554496;154.103;154.123;154.113;0;T;True;3
1621226167000;11554497;154.103;154.123;154.113;0;T;True;3
1621226168000;11554498;154.103;154.123;154.113;0;T;True;3
1621226169000;11554499;154.103;154.123;154.113;0;T;True;3
1621226170000;11554500;154.103;154.123;154.113;0;T;True;3
1621226171000;11554501;154.103;154.123;154.113;0;T;True;3
1621226172000;11554502;154.103;154.123;154.113;0;T;True;3
1621226173000;11554503;154.103;154.123;154.113;0;T;True;3
1621226174000;11554504;154.103;154.123;154.113;0;T;True;3
1621226175000;11554506;154.101;154.121;154.111;1;T;True;3
1621226176000;11554507;154.101;154.121;154.111;0;T;True;3
1621226177000;11554508;154.101;154.121;154.111;0;T;True;3
1621226178000;11554509;154.101;154.121;154.111;0;T;True;3
1621226179000;11554510;154.101;154.121;154.111;0;T;True;3
1621226180000;11554511;154.101;154.121;154.111;0;T;True;3
1621226181000;11554512;154.101;154.121;154.111;0;T;True;3
1621226182000;11554513;154.101;154.121;154.111;0;T;True;3
1621226183000;11554514;154.101;154.121;154.111;0;T;True;3
1621226184000;11554515;154.101;154.121;154.111;0;T;True;3
1621226185000;11554516;154.101;154.121;154.111;0;T;True;3
1621226186000;11554517;154.101;154.121;154.111;0;T;True;3
1621226187000;11554519;154.1;154.12;154.11;1;T;True;3
1621226188000;11554520;154.1;154.12;154.11;0;T;True;3
1621226189000;11554521;154.1;154.12;154.11;0;T;True;3
1621226190000;11554522;154.1;154.12;154.11;0;T;True;3
1621226191000;11554523;154.1;154.12;154.11;0;T;True;3
1621226192000;11554524;154.1;154.12;154.11;0;T;True;3
1621226193000;11554525;154.1;154.12;154.11;0;T;True;3
1621226194000;11554526;154.1;154.12;154.11;0;T;True;3
1621226195000;11554527;154.1;154.12;154.11;0;T;True;3
1621226196000;11554528;154.1;154.12;154.11;0;T;True;3
1621226197000;11554529;154.1;154.12;154.11;0;T;True;3
1621226198000;11554530;154.1;154.12;154.11;0;T;True;3
1621226199000;11554534;154.103;154.123;154.113;3;T;True;3
1621226200000;11554535;154.103;154.123;154.113;0;T;True;3
1621226201000;11554536;154.103;154.123;154.113;0;T;True;3
1621226202000;11554537;154.103;154.123;154.113;0;T;True;3
1621226203000;11554538;154.103;154.123;154.113;0;T;True;3
1621226204000;11554539;154.103;154.123;154.113;0;T;True;3
1621226205000;11554540;154.103;154.123;154.113;0;T;True;3
1621226206000;11554541;154.103;154.123;154.113;0;T;True;3
1621226207000;11554542;154.103;154.123;154.113;0;T;True;3
1621226208000;11554543;154.103;154.123;154.113;0;T;True;3
1621226209000;11554544;154.103;154.123;154.113;0;T;True;3
1621226210000;11554545;154.103;154.123;154.113;0;T;True;3
1621226211000;11554546;154.103;154.123;154.113;0;T;True;3
1621226212000;11554548;154.101;154.121;154.111;1;T;True;3
1621226213000;11554549;154.101;154.121;154.111;0;T;True;3
1621226214000;11554550;154.101;154.121;154.111;0;T;True;3
1621226215000;11554551;154.101;154.121;154.111;0;T;True;3
1621226216000;11554552;154.101;154.121;154.111;0;T;True;3
1621226217000;11554553;154.101;154.121;154.111;0;T;True;3
1621226218000;11554556;154.099;154.119;154.109;2;T;True;3
1621226219000;11554557;154.099;154.119;154.109;0;T;True;3
1621226220000;11554559;154.1;154.12;154.11;1;T;True;3
1621226221000;11554560;154.1;154.12;154.11;0;T;True;3
1621226222000;11554561;154.1;154.12;154.11;0;T;True;3
1621226223000;11554562;154.1;154.12;154.11;0;T;True;3
1621226224000;11554563;154.1;154.12;154.11;0;T;True;3
1621226225000;11554564;154.1;154.12;154.11;0;T;True;3
1621226226000;11554565;154.1;154.12;154.11;0;T;True;3
1621226227000;11554566;154.1;154.12;154.11;0;T;True;3
1621226228000;11554567;154.1;154.12;154.11;0;T;True;3
1621226229000;11554568;154.1;154.12;154.11;0;T;True;3
1621226230000;11554569;154.1;154.12;154.11;0;T;True;3
1621226231000;11554570;154.1;154.12;154.11;0;T;True;3
1621226232000;11554571;154.1;154.12;154.11;0;T;True;3
1621226233000;11554572;154.1;154.12;154.11;0;T;True;3
1621226234000;11554573;154.1;154.12;154.11;0;T;True;3
1621226235000;11554576;154.095;154.115;154.105;2;T;True;3
1621226236000;11554577;154.095;154.115;154.105;0;T;True;3
1621226237000;11554578;154.095;154.115;154.105;0;T;True;3
1621226238000;11554579;154.095;154.115;154.105;0;T;True;3
1621226239000;11554580;154.095;154.115;154.105;0;T;True;3
1621226240000;11554581;154.095;154.115;154.105;0;T;True;3
1621226241000;11554582;154.095;154.115;154.105;0;T;True;3
1621226242000;11554583;154.095;154.115;154.105;0;T;True;3
1621226243000;11554584;154.095;154.115;154.105;0;T;True;3
1621226244000;11554585;154.095;154.115;154.105;0;T;True;3
1621226245000;11554586;154.095;154.115;154.105;0;T;True;3
1621226246000;11554587;154.095;154.115;154.105;0;T;True;3
1621226247000;11554588;154.095;154.115;154.105;0;T;True;3
1621226248000;11554589;154.095;154.115;154.105;0;T;True;3
1621226249000;11554590;154.095;154.115;154.105;0;T;True;3
1621226250000;11554591;154.095;154.115;154.105;0;T;True;3
1621226251000;11554592;154.095;154.115;154.105;0;T;True;3
1621226252000;11554593;154.095;154.115;154.105;0;T;True;3
1621226253000;11554594;154.095;154.115;154.105;0;T;True;3
1621226254000;11554595;154.095;154.115;154.105;0;T;True;3
1621226255000;11554596;154.095;154.115;154.105;0;T;True;3
1621226256000;11554597;154.095;154.115;154.105;0;T;True;3
1621226257000;11554598;154.095;154.115;154.105;0;T;True;3
1621226258000;11554599;154.095;154.115;154.105;0;T;True;3
1621226259000;11554600;154.095;154.115;154.105;0;T;True;3
1621226260000;11554601;154.095;154.115;154.105;0;T;True;3
1621226261000;11554603;154.093;154.113;154.103;1;T;True;3
1621226262000;11554604;154.093;154.113;154.103;0;T;True;3
1621226263000;11554605;154.093;154.113;154.103;0;T;True;3
1621226264000;11554606;154.093;154.113;154.103;0;T;True;3
1621226265000;11554607;154.093;154.113;154.103;0;T;True;3
1621226266000;11554608;154.093;154.113;154.103;0;T;True;3
1621226267000;11554609;154.093;154.113;154.103;0;T;True;3
1621226268000;11554610;154.093;154.113;154.103;0;T;True;3
1621226269000;11554611;154.093;154.113;154.103;0;T;True;3
1621226270000;11554612;154.093;154.113;154.103;0;T;True;3
1621226271000;11554613;154.093;154.113;154.103;0;T;True;3
1621226272000;11554614;154.093;154.113;154.103;0;T;True;3
1621226273000;11554615;154.093;154.113;154.103;0;T;True;3
1621226274000;11554616;154.093;154.113;154.103;0;T;True;3
1621226275000;11554617;154.093;154.113;154.103;0;T;True;3
1621226276000;11554618;154.093;154.113;154.103;0;T;True;3
1621226277000;11554619;154.093;154.113;154.103;0;T;True;3
1621226278000;11554620;154.093;154.113;154.103;0;T;True;3
1621226279000;11554622;154.094;154.114;154.104;1;T;True;3
1621226280000;11554624;154.097;154.117;154.107;1;T;True;3
1621226281000;11554626;154.095;154.115;154.105;1;T;True;3
1621226282000;11554627;154.095;154.115;154.105;0;T;True;3
1621226283000;11554628;154.095;154.115;154.105;0;T;True;3
1621226284000;11554629;154.095;154.115;154.105;0;T;True;3
1621226285000;11554630;154.095;154.115;154.105;0;T;True;3
1621226286000;11554631;154.095;154.115;154.105;0;T;True;3
1621226287000;11554632;154.095;154.115;154.105;0;T;True;3
1621226288000;11554633;154.095;154.115;154.105;0;T;True;3
1621226289000;11554634;154.095;154.115;154.105;0;T;True;3
1621226290000;11554635;154.095;154.115;154.105;0;T;True;3
1621226291000;11554636;154.095;154.115;154.105;0;T;True;3
1621226292000;11554637;154.095;154.115;154.105;0;T;True;3
1621226293000;11554640;154.097;154.117;154.107;2;T;True;3
1621226294000;11554642;154.095;154.115;154.105;1;T;True;3
1621226295000;11554643;154.095;154.115;154.105;0;T;True;3
1621226296000;11554644;154.095;154.115;154.105;0;T;True;3
1621226297000;11554645;154.095;154.115;154.105;0;T;True;3
1621226298000;11554648;154.091;154.111;154.101;2;T;True;3
1621226299000;11554649;154.091;154.111;154.101;0;T;True;3
1621226300000;11554650;154.091;154.111;154.101;0;T;True;3
1621226301000;11554651;154.091;154.111;154.101;0;T;True;3
1621226302000;11554652;154.091;154.111;154.101;0;T;True;3
1621226303000;11554653;154.091;154.111;154.101;0;T;True;3
1621226304000;11554654;154.091;154.111;154.101;0;T;True;3
1621226305000;11554655;154.091;154.111;154.101;0;T;True;3
1621226306000;11554656;154.091;154.111;154.101;0;T;True;3
1621226307000;11554657;154.091;154.111;154.101;0;T;True;3
1621226308000;11554658;154.091;154.111;154.101;0;T;True;3
1621226309000;11554659;154.091;154.111;154.101;0;T;True;3
1621226310000;11554660;154.091;154.111;154.101;0;T;True;3
1621226311000;11554661;154.091;154.111;154.101;0;T;True;3
1621226312000;11554662;154.091;154.111;154.101;0;T;True;3
1621226313000;11554663;154.091;154.111;154.101;0;T;True;3
1621226314000;11554664;154.091;154.111;154.101;0;T;True;3
1621226315000;11554665;154.091;154.111;154.101;0;T;True;3
1621226316000;11554666;154.091;154.111;154.101;0;T;True;3
1621226317000;11554669;154.09;154.11;154.1;2;T;True;3
1621226318000;11554671;154.089;154.109;154.099;1;T;True;3
1621226319000;11554672;154.089;154.109;154.099;0;T;True;3
1621226320000;11554673;154.089;154.109;154.099;0;T;True;3
1621226321000;11554674;154.089;154.109;154.099;0;T;True;3
1621226322000;11554675;154.089;154.109;154.099;0;T;True;3
1621226323000;11554676;154.089;154.109;154.099;0;T;True;3
1621226324000;11554677;154.089;154.109;154.099;0;T;True;3
1621226325000;11554678;154.089;154.109;154.099;0;T;True;3
1621226326000;11554682;154.089;154.109;154.099;3;T;True;3
1621226327000;11554684;154.091;154.111;154.101;1;T;True;3
1621226328000;11554686;154.089;154.109;154.099;1;T;True;3
1621226329000;11554687;154.089;154.109;154.099;0;T;True;3
1621226330000;11554688;154.089;154.109;154.099;0;T;True;3
1621226331000;11554689;154.089;154.109;154.099;0;T;True;3
1621226332000;11554690;154.089;154.109;154.099;0;T;True;3
1621226333000;11554691;154.089;154.109;154.099;0;T;True;3
1621226334000;11554692;154.089;154.109;154.099;0;T;True;3
1621226335000;11554693;154.089;154.109;154.099;0;T;True;3
1621226336000;11554694;154.089;154.109;154.099;0;T;True;3
1621226337000;11554695;154.089;154.109;154.099;0;T;True;3
1621226338000;11554696;154.089;154.109;154.099;0;T;True;3
1621226339000;11554697;154.089;154.109;154.099;0;T;True;3
1621226340000;11554698;154.089;154.109;154.099;0;T;True;3
1621226341000;11554700;154.087;154.107;154.097;1;T;True;3
1621226342000;11554702;154.089;154.109;154.099;1;T;True;3
1621226343000;11554703;154.089;154.109;154.099;0;T;True;3
1621226344000;11554704;154.089;154.109;154.099;0;T;True;3
1621226345000;11554705;154.089;154.109;154.099;0;T;True;3
1621226346000;11554707;154.091;154.111;154.101;1;T;True;3
1621226347000;11554708;154.091;154.111;154.101;0;T;True;3
1621226348000;11554709;154.091;154.111;154.101;0;T;True;3
1621226349000;11554711;154.092;154.112;154.102;1;T;True;3
1621226350000;11554716;154.101;154.121;154.111;4;T;True;3
1621226351000;11554717;154.101;154.121;154.111;0;T;True;3
1621226352000;11554718;154.101;154.121;154.111;0;T;True;3
1621226353000;11554719;154.101;154.121;154.111;0;T;True;3
1621226354000;11554720;154.101;154.121;154.111;0;T;True;3
1621226355000;11554721;154.101;154.121;154.111;0;T;True;3
1621226356000;11554722;154.101;154.121;154.111;0;T;True;3
1621226357000;11554723;154.101;154.121;154.111;0;T;True;3
1621226358000;11554725;154.1;154.12;154.11;1;T;True;3
1621226359000;11554726;154.1;154.12;154.11;0;T;True;3
1621226360000;11554727;154.1;154.12;154.11;0;T;True;3
1621226361000;11554728;154.1;154.12;154.11;0;T;True;3
1621226362000;11554729;154.1;154.12;154.11;0;T;True;3
1621226363000;11554730;154.1;154.12;154.11;0;T;True;3
1621226364000;11554731;154.1;154.12;154.11;0;T;True;3
1621226365000;11554732;154.1;154.12;154.11;0;T;True;3
1621226366000;11554734;154.099;154.119;154.109;1;T;True;3
1621226367000;11554737;154.097;154.117;154.107;2;T;True;3
1621226368000;11554740;154.091;154.111;154.101;2;T;True;3
1621226369000;11554743;154.089;154.109;154.099;2;T;True;3
1621226370000;11554744;154.089;154.109;154.099;0;T;True;3
1621226371000;11554748;154.08;154.1;154.09;3;T;True;3
1621226372000;11554752;154.083;154.103;154.093;3;T;True;3
1621226373000;11554753;154.083;154.103;154.093;0;T;True;3
1621226374000;11554754;154.083;154.103;154.093;0;T;True;3
1621226375000;11554758;154.079;154.099;154.089;3;T;True;3
1621226376000;11554759;154.079;154.099;154.089;0;T;True;3
1621226377000;11554761;154.077;154.097;154.087;1;T;True;3
1621226378000;11554762;154.077;154.097;154.087;0;T;True;3
1621226379000;11554764;154.078;154.098;154.088;1;T;True;3
1621226380000;11554765;154.078;154.098;154.088;0;T;True;3
1621226381000;11554766;154.078;154.098;154.088;0;T;True;3
1621226382000;11554767;154.078;154.098;154.088;0;T;True;3
1621226383000;11554769;154.077;154.097;154.087;1;T;True;3
1621226384000;11554770;154.077;154.097;154.087;0;T;True;3
1621226385000;11554771;154.077;154.097;154.087;0;T;True;3
1621226386000;11554772;154.077;154.097;154.087;0;T;True;3
1621226387000;11554774;154.075;154.095;154.085;1;T;True;3
1621226388000;11554775;154.075;154.095;154.085;0;T;True;3
1621226389000;11554776;154.075;154.095;154.085;0;T;True;3
1621226390000;11554778;154.074;154.094;154.084;1;T;True;3
1621226391000;11554779;154.074;154.094;154.084;0;T;True;3
1621226392000;11554783;154.07;154.09;154.08;3;T;True;3
1621226393000;11554785;154.067;154.087;154.077;1;T;True;3
1621226394000;11554789;154.073;154.093;154.083;3;T;True;3
1621226395000;11554790;154.073;154.093;154.083;0;T;True;3
1621226396000;11554791;154.073;154.093;154.083;0;T;True;3
1621226397000;11554792;154.073;154.093;154.083;0;T;True;3
1621226398000;11554793;154.073;154.093;154.083;0;T;True;3
1621226399000;11554794;154.073;154.093;154.083;0;T;True;3
1621226400000;11554795;154.073;154.093;154.083;0;T;True;3
1621226401000;11554797;154.075;154.095;154.085;1;T;True;3
1621226402000;11554798;154.075;154.095;154.085;0;T;True;3
1621226403000;11554799;154.075;154.095;154.085;0;T;True;3
1621226404000;11554801;154.079;154.099;154.089;1;T;True;3
1621226405000;11554803;154.077;154.097;154.087;1;T;True;3
1621226406000;11554804;154.077;154.097;154.087;0;T;True;3
1621226407000;11554805;154.077;154.097;154.087;0;T;True;3
1621226408000;11554806;154.077;154.097;154.087;0;T;True;3
1621226409000;11554807;154.077;154.097;154.087;0;T;True;3
1621226410000;11554808;154.077;154.097;154.087;0;T;True;3
1621226411000;11554809;154.077;154.097;154.087;0;T;True;3
1621226412000;11554810;154.077;154.097;154.087;0;T;True;3
1621226413000;11554811;154.077;154.097;154.087;0;T;True;3
1621226414000;11554812;154.077;154.097;154.087;0;T;True;3
1621226415000;11554813;154.077;154.097;154.087;0;T;True;3
1621226416000;11554814;154.077;154.097;154.087;0;T;True;3
1621226417000;11554815;154.077;154.097;154.087;0;T;True;3
1621226418000;11554816;154.077;154.097;154.087;0;T;True;3
1621226419000;11554819;154.075;154.095;154.085;2;T;True;3
1621226420000;11554820;154.075;154.095;154.085;0;T;True;3
1621226421000;11554821;154.075;154.095;154.085;0;T;True;3
1621226422000;11554822;154.075;154.095;154.085;0;T;True;3
1621226423000;11554823;154.075;154.095;154.085;0;T;True;3
1621226424000;11554824;154.075;154.095;154.085;0;T;True;3
1621226425000;11554825;154.075;154.095;154.085;0;T;True;3
1621226426000;11554826;154.075;154.095;154.085;0;T;True;3
1621226427000;11554827;154.075;154.095;154.085;0;T;True;3
1621226428000;11554829;154.073;154.093;154.083;1;T;True;3
1621226429000;11554831;154.074;154.094;154.084;1;T;True;3
1621226430000;11554832;154.074;154.094;154.084;0;T;True;3
1621226431000;11554833;154.074;154.094;154.084;0;T;True;3
1621226432000;11554835;154.075;154.095;154.085;1;T;True;3
1621226433000;11554836;154.075;154.095;154.085;0;T;True;3
1621226434000;11554837;154.075;154.095;154.085;0;T;True;3
1621226435000;11554838;154.075;154.095;154.085;0;T;True;3
1621226436000;11554839;154.075;154.095;154.085;0;T;True;3
1621226437000;11554840;154.075;154.095;154.085;0;T;True;3
1621226438000;11554841;154.075;154.095;154.085;0;T;True;3
1621226439000;11554842;154.075;154.095;154.085;0;T;True;3
1621226440000;11554845;154.071;154.091;154.081;2;T;True;3
1621226441000;11554847;154.069;154.089;154.079;1;T;True;3
1621226442000;11554848;154.069;154.089;154.079;0;T;True;3
1621226443000;11554849;154.069;154.089;154.079;0;T;True;3
1621226444000;11554850;154.069;154.089;154.079;0;T;True;3
1621226445000;11554851;154.069;154.089;154.079;0;T;True;3
1621226446000;11554852;154.069;154.089;154.079;0;T;True;3
1621226447000;11554853;154.069;154.089;154.079;0;T;True;3
1621226448000;11554854;154.069;154.089;154.079;0;T;True;3
1621226449000;11554855;154.069;154.089;154.079;0;T;True;3
1621226450000;11554856;154.069;154.089;154.079;0;T;True;3
1621226451000;11554857;154.069;154.089;154.079;0;T;True;3
1621226452000;11554858;154.069;154.089;154.079;0;T;True;3
1621226453000;11554859;154.069;154.089;154.079;0;T;True;3
1621226454000;11554860;154.069;154.089;154.079;0;T;True;3
1621226455000;11554861;154.069;154.089;154.079;0;T;True;3
1621226456000;11554862;154.069;154.089;154.079;0;T;True;3
1621226457000;11554863;154.069;154.089;154.079;0;T;True;3
1621226458000;11554864;154.069;154.089;154.079;0;T;True;3
1621226459000;11554865;154.069;154.089;154.079;0;T;True;3
1621226460000;11554866;154.069;154.089;154.079;0;T;True;3
1621226461000;11554867;154.069;154.089;154.079;0;T;True;3
1621226462000;11554869;154.07;154.09;154.08;1;T;True;3
1621226463000;11554871;154.071;154.091;154.081;1;T;True;3
1621226464000;11554872;154.071;154.091;154.081;0;T;True;3
1621226465000;11554873;154.071;154.091;154.081;0;T;True;3
1621226466000;11554874;154.071;154.091;154.081;0;T;True;3
1621226467000;11554878;154.079;154.099;154.089;3;T;True;3
1621226468000;11554880;154.081;154.101;154.091;1;T;True;3
1621226469000;11554882;154.08;154.1;154.09;1;T;True;3
1621226470000;11554883;154.08;154.1;154.09;0;T;True;3
1621226471000;11554884;154.08;154.1;154.09;0;T;True;3
1621226472000;11554886;154.081;154.101;154.091;1;T;True;3
1621226473000;11554887;154.081;154.101;154.091;0;T;True;3
1621226474000;11554888;154.081;154.101;154.091;0;T;True;3
1621226475000;11554889;154.081;154.101;154.091;0;T;True;3
1621226476000;11554890;154.081;154.101;154.091;0;T;True;3
1621226477000;11554891;154.081;154.101;154.091;0;T;True;3
1621226478000;11554892;154.081;154.101;154.091;0;T;True;3
1621226479000;11554893;154.081;154.101;154.091;0;T;True;3
1621226480000;11554894;154.081;154.101;154.091;0;T;True;3
1621226481000;11554895;154.081;154.101;154.091;0;T;True;3
1621226482000;11554896;154.081;154.101;154.091;0;T;True;3
1621226483000;11554897;154.081;154.101;154.091;0;T;True;3
1621226484000;11554898;154.081;154.101;154.091;0;T;True;3
1621226485000;11554900;154.084;154.104;154.094;1;T;True;3
1621226486000;11554904;154.085;154.105;154.095;3;T;True;3
1621226487000;11554905;154.085;154.105;154.095;0;T;True;3
1621226488000;11554906;154.085;154.105;154.095;0;T;True;3
1621226489000;11554907;154.085;154.105;154.095;0;T;True;3
1621226490000;11554908;154.085;154.105;154.095;0;T;True;3
1621226491000;11554909;154.085;154.105;154.095;0;T;True;3
1621226492000;11554910;154.085;154.105;154.095;0;T;True;3
1621226493000;11554912;154.087;154.107;154.097;1;T;True;3
1621226494000;11554913;154.087;154.107;154.097;0;T;True;3
1621226495000;11554914;154.087;154.107;154.097;0;T;True;3
1621226496000;11554915;154.087;154.107;154.097;0;T;True;3
1621226497000;11554916;154.087;154.107;154.097;0;T;True;3
1621226498000;11554917;154.087;154.107;154.097;0;T;True;3
1621226499000;11554918;154.087;154.107;154.097;0;T;True;3
1621226500000;11554919;154.087;154.107;154.097;0;T;True;3
1621226501000;11554920;154.087;154.107;154.097;0;T;True;3
1621226502000;11554921;154.087;154.107;154.097;0;T;True;3
1621226503000;11554924;154.087;154.107;154.097;2;T;True;3
1621226504000;11554925;154.087;154.107;154.097;0;T;True;3
1621226505000;11554926;154.087;154.107;154.097;0;T;True;3
1621226506000;11554927;154.087;154.107;154.097;0;T;True;3
1621226507000;11554928;154.087;154.107;154.097;0;T;True;3
1621226508000;11554929;154.087;154.107;154.097;0;T;True;3
1621226509000;11554930;154.087;154.107;154.097;0;T;True;3
1621226510000;11554931;154.087;154.107;154.097;0;T;True;3
1621226511000;11554932;154.087;154.107;154.097;0;T;True;3
1621226512000;11554934;154.086;154.106;154.096;1;T;True;3
1621226513000;11554936;154.087;154.107;154.097;1;T;True;3
1621226514000;11554937;154.087;154.107;154.097;0;T;True;3
1621226515000;11554938;154.087;154.107;154.097;0;T;True;3
1621226516000;11554939;154.087;154.107;154.097;0;T;True;3
1621226517000;11554940;154.087;154.107;154.097;0;T;True;3
1621226518000;11554941;154.087;154.107;154.097;0;T;True;3
1621226519000;11554942;154.087;154.107;154.097;0;T;True;3
1621226520000;11554943;154.087;154.107;154.097;0;T;True;3
1621226521000;11554945;154.085;154.105;154.095;1;T;True;3
1621226522000;11554946;154.085;154.105;154.095;0;T;True;3
1621226523000;11554947;154.085;154.105;154.095;0;T;True;3
1621226524000;11554950;154.086;154.106;154.096;2;T;True;3
1621226525000;11554951;154.086;154.106;154.096;0;T;True;3
1621226526000;11554952;154.086;154.106;154.096;0;T;True;3
1621226527000;11554953;154.086;154.106;154.096;0;T;True;3
1621226528000;11554954;154.086;154.106;154.096;0;T;True;3
1621226529000;11554956;154.085;154.105;154.095;1;T;True;3
1621226530000;11554957;154.085;154.105;154.095;0;T;True;3
1621226531000;11554958;154.085;154.105;154.095;0;T;True;3
1621226532000;11554959;154.085;154.105;154.095;0;T;True;3
1621226533000;11554961;154.083;154.103;154.093;1;T;True;3
1621226534000;11554962;154.083;154.103;154.093;0;T;True;3
1621226535000;11554963;154.083;154.103;154.093;0;T;True;3
1621226536000;11554964;154.083;154.103;154.093;0;T;True;3
1621226537000;11554965;154.083;154.103;154.093;0;T;True;3
1621226538000;11554966;154.083;154.103;154.093;0;T;True;3
1621226539000;11554967;154.083;154.103;154.093;0;T;True;3
1621226540000;11554968;154.083;154.103;154.093;0;T;True;3
1621226541000;11554969;154.083;154.103;154.093;0;T;True;3
1621226542000;11554970;154.083;154.103;154.093;0;T;True;3
1621226543000;11554972;154.082;154.102;154.092;1;T;True;3
1621226544000;11554973;154.082;154.102;154.092;0;T;True;3
1621226545000;11554974;154.082;154.102;154.092;0;T;True;3
1621226546000;11554975;154.082;154.102;154.092;0;T;True;3
1621226547000;11554976;154.082;154.102;154.092;0;T;True;3
1621226548000;11554978;154.081;154.101;154.091;1;T;True;3
1621226549000;11554979;154.081;154.101;154.091;0;T;True;3
1621226550000;11554980;154.081;154.101;154.091;0;T;True;3
1621226551000;11554983;154.088;154.108;154.098;2;T;True;3
1621226552000;11554985;154.089;154.109;154.099;1;T;True;3
1621226553000;11554986;154.089;154.109;154.099;0;T;True;3
1621226554000;11554987;154.089;154.109;154.099;0;T;True;3
1621226555000;11554988;154.089;154.109;154.099;0;T;True;3
1621226556000;11554989;154.089;154.109;154.099;0;T;True;3
1621226557000;11554990;154.089;154.109;154.099;0;T;True;3
1621226558000;11554994;154.095;154.115;154.105;3;T;True;3
1621226559000;11554995;154.095;154.115;154.105;0;T;True;3
1621226560000;11554996;154.095;154.115;154.105;0;T;True;3
1621226561000;11554997;154.095;154.115;154.105;0;T;True;3
1621226562000;11554998;154.095;154.115;154.105;0;T;True;3
1621226563000;11554999;154.095;154.115;154.105;0;T;True;3
1621226564000;11555000;154.095;154.115;154.105;0;T;True;3
1621226565000;11555001;154.095;154.115;154.105;0;T;True;3
1621226566000;11555002;154.095;154.115;154.105;0;T;True;3
1621226567000;11555003;154.095;154.115;154.105;0;T;True;3
1621226568000;11555005;154.097;154.117;154.107;1;T;True;3
1621226569000;11555006;154.097;154.117;154.107;0;T;True;3
1621226570000;11555007;154.097;154.117;154.107;0;T;True;3
1621226571000;11555009;154.096;154.116;154.106;1;T;True;3
1621226572000;11555010;154.096;154.116;154.106;0;T;True;3
1621226573000;11555011;154.096;154.116;154.106;0;T;True;3
1621226574000;11555015;154.091;154.111;154.101;3;T;True;3
1621226575000;11555016;154.091;154.111;154.101;0;T;True;3
1621226576000;11555017;154.091;154.111;154.101;0;T;True;3
1621226577000;11555018;154.091;154.111;154.101;0;T;True;3
1621226578000;11555019;154.091;154.111;154.101;0;T;True;3
1621226579000;11555020;154.091;154.111;154.101;0;T;True;3
1621226580000;11555021;154.091;154.111;154.101;0;T;True;3
1621226581000;11555022;154.091;154.111;154.101;0;T;True;3
1621226582000;11555023;154.091;154.111;154.101;0;T;True;3
1621226583000;11555024;154.091;154.111;154.101;0;T;True;3
1621226584000;11555025;154.091;154.111;154.101;0;T;True;3
1621226585000;11555026;154.091;154.111;154.101;0;T;True;3
1621226586000;11555027;154.091;154.111;154.101;0;T;True;3
1621226587000;11555029;154.09;154.11;154.1;1;T;True;3
1621226588000;11555031;154.089;154.109;154.099;1;T;True;3
1621226589000;11555032;154.089;154.109;154.099;0;T;True;3
1621226590000;11555035;154.093;154.113;154.103;2;T;True;3
1621226591000;11555036;154.093;154.113;154.103;0;T;True;3
1621226592000;11555037;154.093;154.113;154.103;0;T;True;3
1621226593000;11555038;154.093;154.113;154.103;0;T;True;3
1621226594000;11555039;154.093;154.113;154.103;0;T;True;3
1621226595000;11555040;154.093;154.113;154.103;0;T;True;3
1621226596000;11555041;154.093;154.113;154.103;0;T;True;3
1621226597000;11555042;154.093;154.113;154.103;0;T;True;3
1621226598000;11555045;154.097;154.117;154.107;2;T;True;3
1621226599000;11555046;154.097;154.117;154.107;0;T;True;3
1621226600000;11555047;154.097;154.117;154.107;0;T;True;3
1621226601000;11555048;154.097;154.117;154.107;0;T;True;3
1621226602000;11555050;154.099;154.119;154.109;1;T;True;3
1621226603000;11555052;154.097;154.117;154.107;1;T;True;3
1621226604000;11555054;154.095;154.115;154.105;1;T;True;3
1621226605000;11555056;154.093;154.113;154.103;1;T;True;3
1621226606000;11555057;154.093;154.113;154.103;0;T;True;3
1621226607000;11555058;154.093;154.113;154.103;0;T;True;3
1621226608000;11555059;154.093;154.113;154.103;0;T;True;3
1621226609000;11555060;154.093;154.113;154.103;0;T;True;3
1621226610000;11555061;154.093;154.113;154.103;0;T;True;3
1621226611000;11555062;154.093;154.113;154.103;0;T;True;3
1621226612000;11555063;154.093;154.113;154.103;0;T;True;3
1621226613000;11555064;154.093;154.113;154.103;0;T;True;3
1621226614000;11555065;154.093;154.113;154.103;0;T;True;3
1621226615000;11555067;154.092;154.112;154.102;1;T;True;3
1621226616000;11555068;154.092;154.112;154.102;0;T;True;3
1621226617000;11555069;154.092;154.112;154.102;0;T;True;3
1621226618000;11555070;154.092;154.112;154.102;0;T;True;3
1621226619000;11555071;154.092;154.112;154.102;0;T;True;3
1621226620000;11555072;154.092;154.112;154.102;0;T;True;3
1621226621000;11555073;154.092;154.112;154.102;0;T;True;3
1621226622000;11555078;154.088;154.108;154.098;4;T;True;3
1621226623000;11555082;154.082;154.102;154.092;3;T;True;3
1621226624000;11555084;154.083;154.103;154.093;1;T;True;3
1621226625000;11555086;154.084;154.104;154.094;1;T;True;3
1621226626000;11555087;154.084;154.104;154.094;0;T;True;3
1621226627000;11555088;154.084;154.104;154.094;0;T;True;3
1621226628000;11555089;154.084;154.104;154.094;0;T;True;3
1621226629000;11555092;154.087;154.107;154.097;2;T;True;3
1621226630000;11555093;154.087;154.107;154.097;0;T;True;3
1621226631000;11555094;154.087;154.107;154.097;0;T;True;3
1621226632000;11555096;154.086;154.106;154.096;1;T;True;3
1621226633000;11555097;154.086;154.106;154.096;0;T;True;3
1621226634000;11555098;154.086;154.106;154.096;0;T;True;3
1621226635000;11555099;154.086;154.106;154.096;0;T;True;3
1621226636000;11555100;154.086;154.106;154.096;0;T;True;3
1621226637000;11555101;154.086;154.106;154.096;0;T;True;3
1621226638000;11555102;154.086;154.106;154.096;0;T;True;3
1621226639000;11555103;154.086;154.106;154.096;0;T;True;3
1621226640000;11555105;154.085;154.105;154.095;1;T;True;3
1621226641000;11555106;154.085;154.105;154.095;0;T;True;3
1621226642000;11555107;154.085;154.105;154.095;0;T;True;3
1621226643000;11555108;154.085;154.105;154.095;0;T;True;3
1621226644000;11555109;154.085;154.105;154.095;0;T;True;3
1621226645000;11555110;154.085;154.105;154.095;0;T;True;3
1621226646000;11555111;154.085;154.105;154.095;0;T;True;3
1621226647000;11555112;154.085;154.105;154.095;0;T;True;3
1621226648000;11555114;154.086;154.106;154.096;1;T;True;3
1621226649000;11555115;154.086;154.106;154.096;0;T;True;3
1621226650000;11555116;154.086;154.106;154.096;0;T;True;3
1621226651000;11555120;154.083;154.103;154.093;3;T;True;3
1621226652000;11555123;154.082;154.102;154.092;2;T;True;3
1621226653000;11555124;154.082;154.102;154.092;0;T;True;3
1621226654000;11555125;154.082;154.102;154.092;0;T;True;3
1621226655000;11555126;154.082;154.102;154.092;0;T;True;3
1621226656000;11555127;154.082;154.102;154.092;0;T;True;3
1621226657000;11555128;154.082;154.102;154.092;0;T;True;3
1621226658000;11555129;154.082;154.102;154.092;0;T;True;3
1621226659000;11555131;154.083;154.103;154.093;1;T;True;3
1621226660000;11555132;154.083;154.103;154.093;0;T;True;3
1621226661000;11555133;154.083;154.103;154.093;0;T;True;3
1621226662000;11555134;154.083;154.103;154.093;0;T;True;3
1621226663000;11555135;154.083;154.103;154.093;0;T;True;3
1621226664000;11555136;154.083;154.103;154.093;0;T;True;3
1621226665000;11555137;154.083;154.103;154.093;0;T;True;3
1621226666000;11555138;154.083;154.103;154.093;0;T;True;3
1621226667000;11555139;154.083;154.103;154.093;0;T;True;3
1621226668000;11555140;154.083;154.103;154.093;0;T;True;3
1621226669000;11555141;154.083;154.103;154.093;0;T;True;3
1621226670000;11555142;154.083;154.103;154.093;0;T;True;3
1621226671000;11555143;154.083;154.103;154.093;0;T;True;3
1621226672000;11555144;154.083;154.103;154.093;0;T;True;3
1621226673000;11555145;154.083;154.103;154.093;0;T;True;3
1621226674000;11555146;154.083;154.103;154.093;0;T;True;3
1621226675000;11555147;154.083;154.103;154.093;0;T;True;3
1621226676000;11555148;154.083;154.103;154.093;0;T;True;3
1621226677000;11555149;154.083;154.103;154.093;0;T;True;3
1621226678000;11555150;154.083;154.103;154.093;0;T;True;3
1621226679000;11555153;154.08;154.1;154.09;2;T;True;3
1621226680000;11555155;154.081;154.101;154.091;1;T;True;3
1621226681000;11555158;154.077;154.097;154.087;2;T;True;3
1621226682000;11555159;154.077;154.097;154.087;0;T;True;3
1621226683000;11555160;154.077;154.097;154.087;0;T;True;3
1621226684000;11555163;154.078;154.098;154.088;2;T;True;3
1621226685000;11555166;154.078;154.098;154.088;2;T;True;3
1621226686000;11555169;154.078;154.098;154.088;2;T;True;3
1621226687000;11555171;154.079;154.099;154.089;1;T;True;3
1621226688000;11555174;154.079;154.099;154.089;2;T;True;3
1621226689000;11555176;154.081;154.101;154.091;1;T;True;3
1621226690000;11555177;154.081;154.101;154.091;0;T;True;3
1621226691000;11555178;154.081;154.101;154.091;0;T;True;3
1621226692000;11555179;154.081;154.101;154.091;0;T;True;3
1621226693000;11555182;154.078;154.098;154.088;2;T;True;3
1621226694000;11555184;154.077;154.097;154.087;1;T;True;3
1621226695000;11555185;154.077;154.097;154.087;0;T;True;3
1621226696000;11555186;154.077;154.097;154.087;0;T;True;3
1621226697000;11555187;154.077;154.097;154.087;0;T;True;3
1621226698000;11555188;154.077;154.097;154.087;0;T;True;3
1621226699000;11555189;154.077;154.097;154.087;0;T;True;3
1621226700000;11555191;154.076;154.096;154.086;1;T;True;3
1621226701000;11555193;154.077;154.097;154.087;1;T;True;3
1621226702000;11555194;154.077;154.097;154.087;0;T;True;3
1621226703000;11555196;154.079;154.099;154.089;1;T;True;3
1621226704000;11555197;154.079;154.099;154.089;0;T;True;3
1621226705000;11555198;154.079;154.099;154.089;0;T;True;3
1621226706000;11555199;154.079;154.099;154.089;0;T;True;3
1621226707000;11555200;154.079;154.099;154.089;0;T;True;3
1621226708000;11555201;154.079;154.099;154.089;0;T;True;3
1621226709000;11555204;154.077;154.097;154.087;2;T;True;3
1621226710000;11555205;154.077;154.097;154.087;0;T;True;3
1621226711000;11555206;154.077;154.097;154.087;0;T;True;3
1621226712000;11555211;154.085;154.105;154.095;4;T;True;3
1621226713000;11555212;154.085;154.105;154.095;0;T;True;3
1621226714000;11555213;154.085;154.105;154.095;0;T;True;3
1621226715000;11555214;154.085;154.105;154.095;0;T;True;3
1621226716000;11555215;154.085;154.105;154.095;0;T;True;3
1621226717000;11555216;154.085;154.105;154.095;0;T;True;3
1621226718000;11555217;154.085;154.105;154.095;0;T;True;3
1621226719000;11555218;154.085;154.105;154.095;0;T;True;3
1621226720000;11555219;154.085;154.105;154.095;0;T;True;3
1621226721000;11555220;154.085;154.105;154.095;0;T;True;3
1621226722000;11555221;154.085;154.105;154.095;0;T;True;3
1621226723000;11555222;154.085;154.105;154.095;0;T;True;3
1621226724000;11555226;154.088;154.108;154.098;3;T;True;3
1621226725000;11555228;154.089;154.109;154.099;1;T;True;3
1621226726000;11555229;154.089;154.109;154.099;0;T;True;3
1621226727000;11555233;154.087;154.107;154.097;3;T;True;3
1621226728000;11555235;154.086;154.106;154.096;1;T;True;3
1621226729000;11555237;154.087;154.107;154.097;1;T;True;3
1621226730000;11555238;154.087;154.107;154.097;0;T;True;3
1621226731000;11555239;154.087;154.107;154.097;0;T;True;3
1621226732000;11555242;154.085;154.105;154.095;2;T;True;3
1621226733000;11555243;154.085;154.105;154.095;0;T;True;3
1621226734000;11555244;154.085;154.105;154.095;0;T;True;3
1621226735000;11555245;154.085;154.105;154.095;0;T;True;3
1621226736000;11555246;154.085;154.105;154.095;0;T;True;3
1621226737000;11555247;154.085;154.105;154.095;0;T;True;3
1621226738000;11555248;154.085;154.105;154.095;0;T;True;3
1621226739000;11555249;154.085;154.105;154.095;0;T;True;3
1621226740000;11555250;154.085;154.105;154.095;0;T;True;3
1621226741000;11555251;154.085;154.105;154.095;0;T;True;3
1621226742000;11555258;154.081;154.101;154.091;6;T;True;3
1621226743000;11555259;154.081;154.101;154.091;0;T;True;3
1621226744000;11555262;154.081;154.101;154.091;2;T;True;3
1621226745000;11555263;154.081;154.101;154.091;0;T;True;3
1621226746000;11555264;154.081;154.101;154.091;0;T;True;3
1621226747000;11555265;154.081;154.101;154.091;0;T;True;3
1621226748000;11555266;154.081;154.101;154.091;0;T;True;3
1621226749000;11555267;154.081;154.101;154.091;0;T;True;3
1621226750000;11555268;154.081;154.101;154.091;0;T;True;3
1621226751000;11555270;154.08;154.1;154.09;1;T;True;3
1621226752000;11555271;154.08;154.1;154.09;0;T;True;3
1621226753000;11555272;154.08;154.1;154.09;0;T;True;3
1621226754000;11555273;154.08;154.1;154.09;0;T;True;3
1621226755000;11555274;154.08;154.1;154.09;0;T;True;3
1621226756000;11555277;154.078;154.098;154.088;2;T;True;3
1621226757000;11555278;154.078;154.098;154.088;0;T;True;3
1621226758000;11555279;154.078;154.098;154.088;0;T;True;3
1621226759000;11555280;154.078;154.098;154.088;0;T;True;3
1621226760000;11555281;154.078;154.098;154.088;0;T;True;3
1621226761000;11555282;154.078;154.098;154.088;0;T;True;3
1621226762000;11555284;154.079;154.099;154.089;1;T;True;3
1621226763000;11555285;154.079;154.099;154.089;0;T;True;3
1621226764000;11555286;154.079;154.099;154.089;0;T;True;3
1621226765000;11555287;154.079;154.099;154.089;0;T;True;3
1621226766000;11555289;154.081;154.101;154.091;1;T;True;3
1621226767000;11555290;154.081;154.101;154.091;0;T;True;3
1621226768000;11555291;154.081;154.101;154.091;0;T;True;3
1621226769000;11555292;154.081;154.101;154.091;0;T;True;3
1621226770000;11555293;154.081;154.101;154.091;0;T;True;3
1621226771000;11555294;154.081;154.101;154.091;0;T;True;3
1621226772000;11555295;154.081;154.101;154.091;0;T;True;3
1621226773000;11555296;154.081;154.101;154.091;0;T;True;3
1621226774000;11555297;154.081;154.101;154.091;0;T;True;3
1621226775000;11555298;154.081;154.101;154.091;0;T;True;3
1621226776000;11555299;154.081;154.101;154.091;0;T;True;3
1621226777000;11555300;154.081;154.101;154.091;0;T;True;3
1621226778000;11555303;154.079;154.099;154.089;2;T;True;3
1621226779000;11555304;154.079;154.099;154.089;0;T;True;3
1621226780000;11555305;154.079;154.099;154.089;0;T;True;3
1621226781000;11555306;154.079;154.099;154.089;0;T;True;3
1621226782000;11555307;154.079;154.099;154.089;0;T;True;3
1621226783000;11555308;154.079;154.099;154.089;0;T;True;3
1621226784000;11555309;154.079;154.099;154.089;0;T;True;3
1621226785000;11555310;154.079;154.099;154.089;0;T;True;3
1621226786000;11555311;154.079;154.099;154.089;0;T;True;3
1621226787000;11555313;154.08;154.1;154.09;1;T;True;3
1621226788000;11555314;154.08;154.1;154.09;0;T;True;3
1621226789000;11555315;154.08;154.1;154.09;0;T;True;3
1621226790000;11555317;154.079;154.099;154.089;1;T;True;3
1621226791000;11555321;154.073;154.093;154.083;3;T;True;3
1621226792000;11555322;154.073;154.093;154.083;0;T;True;3
1621226793000;11555323;154.073;154.093;154.083;0;T;True;3
1621226794000;11555324;154.073;154.093;154.083;0;T;True;3
1621226795000;11555325;154.073;154.093;154.083;0;T;True;3
1621226796000;11555326;154.073;154.093;154.083;0;T;True;3
1621226797000;11555327;154.073;154.093;154.083;0;T;True;3
1621226798000;11555328;154.073;154.093;154.083;0;T;True;3
1621226799000;11555329;154.073;154.093;154.083;0;T;True;3
1621226800000;11555330;154.073;154.093;154.083;0;T;True;3
1621226801000;11555331;154.073;154.093;154.083;0;T;True;3
1621226802000;11555332;154.073;154.093;154.083;0;T;True;3
1621226803000;11555335;154.072;154.092;154.082;2;T;True;3
1621226804000;11555338;154.073;154.093;154.083;2;T;True;3
1621226805000;11555339;154.073;154.093;154.083;0;T;True;3
1621226806000;11555340;154.073;154.093;154.083;0;T;True;3
1621226807000;11555342;154.072;154.092;154.082;1;T;True;3
1621226808000;11555343;154.072;154.092;154.082;0;T;True;3
1621226809000;11555344;154.072;154.092;154.082;0;T;True;3
1621226810000;11555345;154.072;154.092;154.082;0;T;True;3
1621226811000;11555346;154.072;154.092;154.082;0;T;True;3
1621226812000;11555347;154.072;154.092;154.082;0;T;True;3
1621226813000;11555348;154.072;154.092;154.082;0;T;True;3
1621226814000;11555349;154.072;154.092;154.082;0;T;True;3
1621226815000;11555354;154.07;154.09;154.08;4;T;True;3
1621226816000;11555356;154.069;154.089;154.079;1;T;True;3
1621226817000;11555359;154.07;154.09;154.08;2;T;True;3
1621226818000;11555361;154.069;154.089;154.079;1;T;True;3
1621226819000;11555362;154.069;154.089;154.079;0;T;True;3
1621226820000;11555363;154.069;154.089;154.079;0;T;True;3
1621226821000;11555364;154.069;154.089;154.079;0;T;True;3
1621226822000;11555365;154.069;154.089;154.079;0;T;True;3
1621226823000;11555366;154.069;154.089;154.079;0;T;True;3
1621226824000;11555367;154.069;154.089;154.079;0;T;True;3
1621226825000;11555368;154.069;154.089;154.079;0;T;True;3
1621226826000;11555369;154.069;154.089;154.079;0;T;True;3
1621226827000;11555370;154.069;154.089;154.079;0;T;True;3
1621226828000;11555371;154.069;154.089;154.079;0;T;True;3
1621226829000;11555372;154.069;154.089;154.079;0;T;True;3
1621226830000;11555373;154.069;154.089;154.079;0;T;True;3
1621226831000;11555374;154.069;154.089;154.079;0;T;True;3
1621226832000;11555375;154.069;154.089;154.079;0;T;True;3
1621226833000;11555377;154.07;154.09;154.08;1;T;True;3
1621226834000;11555378;154.07;154.09;154.08;0;T;True;3
1621226835000;11555379;154.07;154.09;154.08;0;T;True;3
1621226836000;11555380;154.07;154.09;154.08;0;T;True;3
1621226837000;11555382;154.071;154.091;154.081;1;T;True;3
1621226838000;11555383;154.071;154.091;154.081;0;T;True;3
1621226839000;11555384;154.071;154.091;154.081;0;T;True;3
1621226840000;11555385;154.071;154.091;154.081;0;T;True;3
1621226841000;11555386;154.071;154.091;154.081;0;T;True;3
1621226842000;11555387;154.071;154.091;154.081;0;T;True;3
1621226843000;11555388;154.071;154.091;154.081;0;T;True;3
1621226844000;11555390;154.069;154.089;154.079;1;T;True;3
1621226845000;11555391;154.069;154.089;154.079;0;T;True;3
1621226846000;11555392;154.069;154.089;154.079;0;T;True;3
1621226847000;11555393;154.069;154.089;154.079;0;T;True;3
1621226848000;11555394;154.069;154.089;154.079;0;T;True;3
1621226849000;11555395;154.069;154.089;154.079;0;T;True;3
1621226850000;11555396;154.069;154.089;154.079;0;T;True;3
1621226851000;11555398;154.067;154.087;154.077;1;T;True;3
1621226852000;11555399;154.067;154.087;154.077;0;T;True;3
1621226853000;11555400;154.067;154.087;154.077;0;T;True;3
1621226854000;11555401;154.067;154.087;154.077;0;T;True;3
1621226855000;11555402;154.067;154.087;154.077;0;T;True;3
1621226856000;11555403;154.067;154.087;154.077;0;T;True;3
1621226857000;11555404;154.067;154.087;154.077;0;T;True;3
1621226858000;11555405;154.067;154.087;154.077;0;T;True;3
1621226859000;11555406;154.067;154.087;154.077;0;T;True;3
1621226860000;11555407;154.067;154.087;154.077;0;T;True;3
1621226861000;11555410;154.069;154.089;154.079;2;T;True;3
1621226862000;11555411;154.069;154.089;154.079;0;T;True;3
1621226863000;11555412;154.069;154.089;154.079;0;T;True;3
1621226864000;11555413;154.069;154.089;154.079;0;T;True;3
1621226865000;11555414;154.069;154.089;154.079;0;T;True;3
1621226866000;11555415;154.069;154.089;154.079;0;T;True;3
1621226867000;11555416;154.069;154.089;154.079;0;T;True;3
1621226868000;11555417;154.069;154.089;154.079;0;T;True;3
1621226869000;11555418;154.069;154.089;154.079;0;T;True;3
1621226870000;11555419;154.069;154.089;154.079;0;T;True;3
1621226871000;11555420;154.069;154.089;154.079;0;T;True;3
1621226872000;11555421;154.069;154.089;154.079;0;T;True;3
1621226873000;11555422;154.069;154.089;154.079;0;T;True;3
1621226874000;11555423;154.069;154.089;154.079;0;T;True;3
1621226875000;11555424;154.069;154.089;154.079;0;T;True;3
1621226876000;11555425;154.069;154.089;154.079;0;T;True;3
1621226877000;11555428;154.065;154.085;154.075;2;T;True;3
1621226878000;11555430;154.066;154.086;154.076;1;T;True;3
1621226879000;11555431;154.066;154.086;154.076;0;T;True;3
1621226880000;11555433;154.065;154.085;154.075;1;T;True;3
1621226881000;11555434;154.065;154.085;154.075;0;T;True;3
1621226882000;11555436;154.063;154.083;154.073;1;T;True;3
1621226883000;11555437;154.063;154.083;154.073;0;T;True;3
1621226884000;11555438;154.063;154.083;154.073;0;T;True;3
1621226885000;11555439;154.063;154.083;154.073;0;T;True;3
1621226886000;11555440;154.063;154.083;154.073;0;T;True;3
1621226887000;11555442;154.062;154.082;154.072;1;T;True;3
1621226888000;11555443;154.062;154.082;154.072;0;T;True;3
1621226889000;11555444;154.062;154.082;154.072;0;T;True;3
1621226890000;11555445;154.062;154.082;154.072;0;T;True;3
1621226891000;11555446;154.062;154.082;154.072;0;T;True;3
1621226892000;11555447;154.062;154.082;154.072;0;T;True;3
1621226893000;11555448;154.062;154.082;154.072;0;T;True;3
1621226894000;11555449;154.062;154.082;154.072;0;T;True;3
1621226895000;11555450;154.062;154.082;154.072;0;T;True;3
1621226896000;11555451;154.062;154.082;154.072;0;T;True;3
1621226897000;11555452;154.062;154.082;154.072;0;T;True;3
1621226898000;11555453;154.062;154.082;154.072;0;T;True;3
1621226899000;11555454;154.062;154.082;154.072;0;T;True;3
1621226900000;11555455;154.062;154.082;154.072;0;T;True;3
1621226901000;11555456;154.062;154.082;154.072;0;T;True;3
1621226902000;11555457;154.062;154.082;154.072;0;T;True;3
1621226903000;11555458;154.062;154.082;154.072;0;T;True;3
1621226904000;11555459;154.062;154.082;154.072;0;T;True;3
1621226905000;11555460;154.062;154.082;154.072;0;T;True;3
1621226906000;11555461;154.062;154.082;154.072;0;T;True;3
1621226907000;11555463;154.061;154.081;154.071;1;T;True;3
1621226908000;11555464;154.061;154.081;154.071;0;T;True;3
1621226909000;11555465;154.061;154.081;154.071;0;T;True;3
1621226910000;11555466;154.061;154.081;154.071;0;T;True;3
1621226911000;11555467;154.061;154.081;154.071;0;T;True;3
1621226912000;11555468;154.061;154.081;154.071;0;T;True;3
1621226913000;11555469;154.061;154.081;154.071;0;T;True;3
1621226914000;11555470;154.061;154.081;154.071;0;T;True;3
1621226915000;11555471;154.061;154.081;154.071;0;T;True;3
1621226916000;11555472;154.061;154.081;154.071;0;T;True;3
1621226917000;11555473;154.061;154.081;154.071;0;T;True;3
1621226918000;11555474;154.061;154.081;154.071;0;T;True;3
1621226919000;11555475;154.061;154.081;154.071;0;T;True;3
1621226920000;11555478;154.056;154.076;154.066;2;T;True;3
1621226921000;11555479;154.056;154.076;154.066;0;T;True;3
1621226922000;11555480;154.056;154.076;154.066;0;T;True;3
1621226923000;11555482;154.053;154.073;154.063;1;T;True;3
1621226924000;11555483;154.053;154.073;154.063;0;T;True;3
1621226925000;11555484;154.053;154.073;154.063;0;T;True;3
1621226926000;11555485;154.053;154.073;154.063;0;T;True;3
1621226927000;11555486;154.053;154.073;154.063;0;T;True;3
1621226928000;11555487;154.053;154.073;154.063;0;T;True;3
1621226929000;11555488;154.053;154.073;154.063;0;T;True;3
1621226930000;11555489;154.053;154.073;154.063;0;T;True;3
1621226931000;11555490;154.053;154.073;154.063;0;T;True;3
1621226932000;11555491;154.053;154.073;154.063;0;T;True;3
1621226933000;11555493;154.054;154.074;154.064;1;T;True;3
1621226934000;11555494;154.054;154.074;154.064;0;T;True;3
1621226935000;11555496;154.055;154.075;154.065;1;T;True;3
1621226936000;11555497;154.055;154.075;154.065;0;T;True;3
1621226937000;11555498;154.055;154.075;154.065;0;T;True;3
1621226938000;11555499;154.055;154.075;154.065;0;T;True;3
1621226939000;11555500;154.055;154.075;154.065;0;T;True;3
1621226940000;11555501;154.055;154.075;154.065;0;T;True;3
1621226941000;11555502;154.055;154.075;154.065;0;T;True;3
1621226942000;11555503;154.055;154.075;154.065;0;T;True;3
1621226943000;11555505;154.054;154.074;154.064;1;T;True;3
1621226944000;11555506;154.054;154.074;154.064;0;T;True;3
1621226945000;11555508;154.055;154.075;154.065;1;T;True;3
1621226946000;11555509;154.055;154.075;154.065;0;T;True;3
1621226947000;11555510;154.055;154.075;154.065;0;T;True;3
1621226948000;11555511;154.055;154.075;154.065;0;T;True;3
1621226949000;11555512;154.055;154.075;154.065;0;T;True;3
1621226950000;11555513;154.055;154.075;154.065;0;T;True;3
1621226951000;11555516;154.051;154.071;154.061;2;T;True;3
1621226952000;11555518;154.053;154.073;154.063;1;T;True;3
1621226953000;11555520;154.054;154.074;154.064;1;T;True;3
1621226954000;11555521;154.054;154.074;154.064;0;T;True;3
1621226955000;11555522;154.054;154.074;154.064;0;T;True;3
1621226956000;11555523;154.054;154.074;154.064;0;T;True;3
1621226957000;11555524;154.054;154.074;154.064;0;T;True;3
1621226958000;11555525;154.054;154.074;154.064;0;T;True;3
1621226959000;11555526;154.054;154.074;154.064;0;T;True;3
1621226960000;11555527;154.054;154.074;154.064;0;T;True;3
1621226961000;11555528;154.054;154.074;154.064;0;T;True;3
1621226962000;11555529;154.054;154.074;154.064;0;T;True;3
1621226963000;11555530;154.054;154.074;154.064;0;T;True;3
1621226964000;11555531;154.054;154.074;154.064;0;T;True;3
1621226965000;11555532;154.054;154.074;154.064;0;T;True;3
1621226966000;11555533;154.054;154.074;154.064;0;T;True;3
1621226967000;11555534;154.054;154.074;154.064;0;T;True;3
1621226968000;11555535;154.054;154.074;154.064;0;T;True;3
1621226969000;11555536;154.054;154.074;154.064;0;T;True;3
1621226970000;11555537;154.054;154.074;154.064;0;T;True;3
1621226971000;11555538;154.054;154.074;154.064;0;T;True;3
1621226972000;11555539;154.054;154.074;154.064;0;T;True;3
1621226973000;11555540;154.054;154.074;154.064;0;T;True;3
1621226974000;11555541;154.054;154.074;154.064;0;T;True;3
1621226975000;11555542;154.054;154.074;154.064;0;T;True;3
1621226976000;11555543;154.054;154.074;154.064;0;T;True;3
1621226977000;11555544;154.054;154.074;154.064;0;T;True;3
1621226978000;11555545;154.054;154.074;154.064;0;T;True;3
1621226979000;11555547;154.055;154.075;154.065;1;T;True;3
1621226980000;11555548;154.055;154.075;154.065;0;T;True;3
1621226981000;11555549;154.055;154.075;154.065;0;T;True;3
1621226982000;11555550;154.055;154.075;154.065;0;T;True;3
1621226983000;11555552;154.057;154.077;154.067;1;T;True;3
1621226984000;11555556;154.055;154.075;154.065;3;T;True;3
1621226985000;11555557;154.055;154.075;154.065;0;T;True;3
1621226986000;11555558;154.055;154.075;154.065;0;T;True;3
1621226987000;11555560;154.056;154.076;154.066;1;T;True;3
1621226988000;11555561;154.056;154.076;154.066;0;T;True;3
1621226989000;11555563;154.055;154.075;154.065;1;T;True;3
1621226990000;11555564;154.055;154.075;154.065;0;T;True;3
1621226991000;11555565;154.055;154.075;154.065;0;T;True;3
1621226992000;11555567;154.056;154.076;154.066;1;T;True;3
1621226993000;11555568;154.056;154.076;154.066;0;T;True;3
1621226994000;11555569;154.056;154.076;154.066;0;T;True;3
1621226995000;11555570;154.056;154.076;154.066;0;T;True;3
1621226996000;11555571;154.056;154.076;154.066;0;T;True;3
1621226997000;11555572;154.056;154.076;154.066;0;T;True;3
1621226998000;11555573;154.056;154.076;154.066;0;T;True;3
1621226999000;11555574;154.056;154.076;154.066;0;T;True;3
1621227000000;11555576;154.055;154.075;154.065;1;T;True;3
1621227001000;11555577;154.055;154.075;154.065;0;T;True;3
1621227002000;11555578;154.055;154.075;154.065;0;T;True;3
1621227003000;11555579;154.055;154.075;154.065;0;T;True;3
1621227004000;11555580;154.055;154.075;154.065;0;T;True;3
1621227005000;11555581;154.055;154.075;154.065;0;T;True;3
1621227006000;11555582;154.055;154.075;154.065;0;T;True;3
1621227007000;11555583;154.055;154.075;154.065;0;T;True;3
1621227008000;11555584;154.055;154.075;154.065;0;T;True;3
1621227009000;11555586;154.056;154.076;154.066;1;T;True;3
1621227010000;11555587;154.056;154.076;154.066;0;T;True;3
1621227011000;11555588;154.056;154.076;154.066;0;T;True;3
1621227012000;11555589;154.056;154.076;154.066;0;T;True;3
1621227013000;11555590;154.056;154.076;154.066;0;T;True;3
1621227014000;11555591;154.056;154.076;154.066;0;T;True;3
1621227015000;11555592;154.056;154.076;154.066;0;T;True;3
1621227016000;11555593;154.056;154.076;154.066;0;T;True;3
1621227017000;11555594;154.056;154.076;154.066;0;T;True;3
1621227018000;11555595;154.056;154.076;154.066;0;T;True;3
1621227019000;11555597;154.057;154.077;154.067;1;T;True;3
1621227020000;11555598;154.057;154.077;154.067;0;T;True;3
1621227021000;11555599;154.057;154.077;154.067;0;T;True;3
1621227022000;11555600;154.057;154.077;154.067;0;T;True;3
1621227023000;11555601;154.057;154.077;154.067;0;T;True;3
1621227024000;11555602;154.057;154.077;154.067;0;T;True;3
1621227025000;11555603;154.057;154.077;154.067;0;T;True;3
1621227026000;11555604;154.057;154.077;154.067;0;T;True;3
1621227027000;11555605;154.057;154.077;154.067;0;T;True;3
1621227028000;11555606;154.057;154.077;154.067;0;T;True;3
1621227029000;11555607;154.057;154.077;154.067;0;T;True;3
1621227030000;11555609;154.055;154.075;154.065;1;T;True;3
1621227031000;11555610;154.055;154.075;154.065;0;T;True;3
1621227032000;11555611;154.055;154.075;154.065;0;T;True;3
1621227033000;11555612;154.055;154.075;154.065;0;T;True;3
1621227034000;11555613;154.055;154.075;154.065;0;T;True;3
1621227035000;11555614;154.055;154.075;154.065;0;T;True;3
1621227036000;11555615;154.055;154.075;154.065;0;T;True;3
1621227037000;11555616;154.055;154.075;154.065;0;T;True;3
1621227038000;11555617;154.055;154.075;154.065;0;T;True;3
1621227039000;11555618;154.055;154.075;154.065;0;T;True;3
1621227040000;11555619;154.055;154.075;154.065;0;T;True;3
1621227041000;11555620;154.055;154.075;154.065;0;T;True;3
1621227042000;11555621;154.055;154.075;154.065;0;T;True;3
1621227043000;11555622;154.055;154.075;154.065;0;T;True;3
1621227044000;11555623;154.055;154.075;154.065;0;T;True;3
1621227045000;11555624;154.055;154.075;154.065;0;T;True;3
1621227046000;11555625;154.055;154.075;154.065;0;T;True;3
1621227047000;11555626;154.055;154.075;154.065;0;T;True;3
1621227048000;11555627;154.055;154.075;154.065;0;T;True;3
1621227049000;11555628;154.055;154.075;154.065;0;T;True;3
1621227050000;11555629;154.055;154.075;154.065;0;T;True;3
1621227051000;11555630;154.055;154.075;154.065;0;T;True;3
1621227052000;11555632;154.056;154.076;154.066;1;T;True;3
1621227053000;11555633;154.056;154.076;154.066;0;T;True;3
1621227054000;11555635;154.055;154.075;154.065;1;T;True;3
1621227055000;11555636;154.055;154.075;154.065;0;T;True;3
1621227056000;11555637;154.055;154.075;154.065;0;T;True;3
1621227057000;11555638;154.055;154.075;154.065;0;T;True;3
1621227058000;11555639;154.055;154.075;154.065;0;T;True;3
1621227059000;11555640;154.055;154.075;154.065;0;T;True;3
1621227060000;11555641;154.055;154.075;154.065;0;T;True;3
1621227061000;11555642;154.055;154.075;154.065;0;T;True;3
1621227062000;11555644;154.056;154.076;154.066;1;T;True;3
1621227063000;11555645;154.056;154.076;154.066;0;T;True;3
1621227064000;11555646;154.056;154.076;154.066;0;T;True;3
1621227065000;11555647;154.056;154.076;154.066;0;T;True;3
1621227066000;11555650;154.057;154.077;154.067;2;T;True;3
1621227067000;11555651;154.057;154.077;154.067;0;T;True;3
1621227068000;11555652;154.057;154.077;154.067;0;T;True;3
1621227069000;11555653;154.057;154.077;154.067;0;T;True;3
1621227070000;11555654;154.057;154.077;154.067;0;T;True;3
1621227071000;11555655;154.057;154.077;154.067;0;T;True;3
1621227072000;11555656;154.057;154.077;154.067;0;T;True;3
1621227073000;11555658;154.056;154.076;154.066;1;T;True;3
1621227074000;11555659;154.056;154.076;154.066;0;T;True;3
1621227075000;11555660;154.056;154.076;154.066;0;T;True;3
1621227076000;11555661;154.056;154.076;154.066;0;T;True;3
1621227077000;11555662;154.056;154.076;154.066;0;T;True;3
1621227078000;11555663;154.056;154.076;154.066;0;T;True;3
1621227079000;11555664;154.056;154.076;154.066;0;T;True;3
1621227080000;11555665;154.056;154.076;154.066;0;T;True;3
1621227081000;11555666;154.056;154.076;154.066;0;T;True;3
1621227082000;11555667;154.056;154.076;154.066;0;T;True;3
1621227083000;11555668;154.056;154.076;154.066;0;T;True;3
1621227084000;11555669;154.056;154.076;154.066;0;T;True;3
1621227085000;11555670;154.056;154.076;154.066;0;T;True;3
1621227086000;11555671;154.056;154.076;154.066;0;T;True;3
1621227087000;11555672;154.056;154.076;154.066;0;T;True;3
1621227088000;11555674;154.057;154.077;154.067;1;T;True;3
1621227089000;11555675;154.057;154.077;154.067;0;T;True;3
1621227090000;11555676;154.057;154.077;154.067;0;T;True;3
1621227091000;11555677;154.057;154.077;154.067;0;T;True;3
1621227092000;11555678;154.057;154.077;154.067;0;T;True;3
1621227093000;11555679;154.057;154.077;154.067;0;T;True;3
1621227094000;11555680;154.057;154.077;154.067;0;T;True;3
1621227095000;11555681;154.057;154.077;154.067;0;T;True;3
1621227096000;11555682;154.057;154.077;154.067;0;T;True;3
1621227097000;11555683;154.057;154.077;154.067;0;T;True;3
1621227098000;11555684;154.057;154.077;154.067;0;T;True;3
1621227099000;11555687;154.065;154.085;154.075;2;T;True;3
1621227100000;11555688;154.065;154.085;154.075;0;T;True;3
1621227101000;11555690;154.063;154.083;154.073;1;T;True;3
1621227102000;11555691;154.063;154.083;154.073;0;T;True;3
1621227103000;11555694;154.064;154.084;154.074;2;T;True;3
1621227104000;11555697;154.058;154.078;154.068;2;T;True;3
1621227105000;11555700;154.055;154.075;154.065;2;T;True;3
1621227106000;11555701;154.055;154.075;154.065;0;T;True;3
1621227107000;11555702;154.055;154.075;154.065;0;T;True;3
1621227108000;11555703;154.055;154.075;154.065;0;T;True;3
1621227109000;11555704;154.055;154.075;154.065;0;T;True;3
1621227110000;11555705;154.055;154.075;154.065;0;T;True;3
1621227111000;11555706;154.055;154.075;154.065;0;T;True;3
1621227112000;11555710;154.055;154.075;154.065;3;T;True;3
1621227113000;11555711;154.055;154.075;154.065;0;T;True;3
1621227114000;11555712;154.055;154.075;154.065;0;T;True;3
1621227115000;11555713;154.055;154.075;154.065;0;T;True;3
1621227116000;11555714;154.055;154.075;154.065;0;T;True;3
1621227117000;11555715;154.055;154.075;154.065;0;T;True;3
1621227118000;11555716;154.055;154.075;154.065;0;T;True;3
1621227119000;11555717;154.055;154.075;154.065;0;T;True;3
1621227120000;11555718;154.055;154.075;154.065;0;T;True;3
1621227121000;11555719;154.055;154.075;154.065;0;T;True;3
1621227122000;11555720;154.055;154.075;154.065;0;T;True;3
1621227123000;11555721;154.055;154.075;154.065;0;T;True;3
1621227124000;11555722;154.055;154.075;154.065;0;T;True;3
1621227125000;11555723;154.055;154.075;154.065;0;T;True;3
1621227126000;11555724;154.055;154.075;154.065;0;T;True;3
1621227127000;11555725;154.055;154.075;154.065;0;T;True;3
1621227128000;11555726;154.055;154.075;154.065;0;T;True;3
1621227129000;11555727;154.055;154.075;154.065;0;T;True;3
1621227130000;11555728;154.055;154.075;154.065;0;T;True;3
1621227131000;11555729;154.055;154.075;154.065;0;T;True;3
1621227132000;11555730;154.055;154.075;154.065;0;T;True;3
1621227133000;11555731;154.055;154.075;154.065;0;T;True;3
1621227134000;11555733;154.056;154.076;154.066;1;T;True;3
1621227135000;11555734;154.056;154.076;154.066;0;T;True;3
1621227136000;11555736;154.057;154.077;154.067;1;T;True;3
1621227137000;11555737;154.057;154.077;154.067;0;T;True;3
1621227138000;11555738;154.057;154.077;154.067;0;T;True;3
1621227139000;11555739;154.057;154.077;154.067;0;T;True;3
1621227140000;11555742;154.057;154.077;154.067;2;T;True;3
1621227141000;11555743;154.057;154.077;154.067;0;T;True;3
1621227142000;11555748;154.068;154.088;154.078;4;T;True;3
1621227143000;11555749;154.068;154.088;154.078;0;T;True;3
1621227144000;11555750;154.068;154.088;154.078;0;T;True;3
1621227145000;11555751;154.068;154.088;154.078;0;T;True;3
1621227146000;11555755;154.074;154.094;154.084;3;T;True;3
1621227147000;11555757;154.073;154.093;154.083;1;T;True;3
1621227148000;11555758;154.073;154.093;154.083;0;T;True;3
1621227149000;11555759;154.073;154.093;154.083;0;T;True;3
1621227150000;11555763;154.077;154.097;154.087;3;T;True;3
1621227151000;11555765;154.079;154.099;154.089;1;T;True;3
1621227152000;11555767;154.078;154.098;154.088;1;T;True;3
1621227153000;11555768;154.078;154.098;154.088;0;T;True;3
1621227154000;11555769;154.078;154.098;154.088;0;T;True;3
1621227155000;11555771;154.077;154.097;154.087;1;T;True;3
1621227156000;11555773;154.076;154.096;154.086;1;T;True;3
1621227157000;11555774;154.076;154.096;154.086;0;T;True;3
1621227158000;11555775;154.076;154.096;154.086;0;T;True;3
1621227159000;11555776;154.076;154.096;154.086;0;T;True;3
1621227160000;11555777;154.076;154.096;154.086;0;T;True;3
1621227161000;11555779;154.075;154.095;154.085;1;T;True;3
1621227162000;11555780;154.075;154.095;154.085;0;T;True;3
1621227163000;11555781;154.075;154.095;154.085;0;T;True;3
1621227164000;11555782;154.075;154.095;154.085;0;T;True;3
1621227165000;11555783;154.075;154.095;154.085;0;T;True;3
1621227166000;11555785;154.073;154.093;154.083;1;T;True;3
1621227167000;11555787;154.075;154.095;154.085;1;T;True;3
1621227168000;11555789;154.077;154.097;154.087;1;T;True;3
1621227169000;11555790;154.077;154.097;154.087;0;T;True;3
1621227170000;11555791;154.077;154.097;154.087;0;T;True;3
1621227171000;11555792;154.077;154.097;154.087;0;T;True;3
1621227172000;11555794;154.075;154.095;154.085;1;T;True;3
1621227173000;11555798;154.07;154.09;154.08;3;T;True;3
1621227174000;11555801;154.071;154.091;154.081;2;T;True;3
1621227175000;11555807;154.068;154.088;154.078;5;T;True;3
1621227176000;11555809;154.067;154.087;154.077;1;T;True;3
1621227177000;11555811;154.068;154.088;154.078;1;T;True;3
1621227178000;11555813;154.067;154.087;154.077;1;T;True;3
1621227179000;11555814;154.067;154.087;154.077;0;T;True;3
1621227180000;11555815;154.067;154.087;154.077;0;T;True;3
1621227181000;11555817;154.066;154.086;154.076;1;T;True;3
1621227182000;11555818;154.066;154.086;154.076;0;T;True;3
1621227183000;11555820;154.067;154.087;154.077;1;T;True;3
1621227184000;11555822;154.069;154.089;154.079;1;T;True;3
1621227185000;11555823;154.069;154.089;154.079;0;T;True;3
1621227186000;11555824;154.069;154.089;154.079;0;T;True;3
1621227187000;11555827;154.064;154.084;154.074;2;T;True;3
1621227188000;11555828;154.064;154.084;154.074;0;T;True;3
1621227189000;11555829;154.064;154.084;154.074;0;T;True;3
1621227190000;11555830;154.064;154.084;154.074;0;T;True;3
1621227191000;11555832;154.065;154.085;154.075;1;T;True;3
1621227192000;11555833;154.065;154.085;154.075;0;T;True;3
1621227193000;11555834;154.065;154.085;154.075;0;T;True;3
1621227194000;11555836;154.068;154.088;154.078;1;T;True;3
1621227195000;11555837;154.068;154.088;154.078;0;T;True;3
1621227196000;11555838;154.068;154.088;154.078;0;T;True;3
1621227197000;11555839;154.068;154.088;154.078;0;T;True;3
1621227198000;11555840;154.068;154.088;154.078;0;T;True;3
1621227199000;11555841;154.068;154.088;154.078;0;T;True;3
1621227200000;11555842;154.068;154.088;154.078;0;T;True;3
1621227201000;11555845;154.065;154.085;154.075;2;T;True;3
1621227202000;11555846;154.065;154.085;154.075;0;T;True;3
1621227203000;11555848;154.067;154.087;154.077;1;T;True;3
1621227204000;11555849;154.067;154.087;154.077;0;T;True;3
1621227205000;11555850;154.067;154.087;154.077;0;T;True;3
1621227206000;11555851;154.067;154.087;154.077;0;T;True;3
1621227207000;11555852;154.067;154.087;154.077;0;T;True;3
1621227208000;11555854;154.066;154.086;154.076;1;T;True;3
1621227209000;11555855;154.066;154.086;154.076;0;T;True;3
1621227210000;11555856;154.066;154.086;154.076;0;T;True;3
1621227211000;11555860;154.067;154.087;154.077;3;T;True;3
1621227212000;11555861;154.067;154.087;154.077;0;T;True;3
1621227213000;11555864;154.065;154.085;154.075;2;T;True;3
1621227214000;11555865;154.065;154.085;154.075;0;T;True;3
1621227215000;11555866;154.065;154.085;154.075;0;T;True;3
1621227216000;11555867;154.065;154.085;154.075;0;T;True;3
1621227217000;11555869;154.064;154.084;154.074;1;T;True;3
1621227218000;11555871;154.063;154.083;154.073;1;T;True;3
1621227219000;11555873;154.062;154.082;154.072;1;T;True;3
1621227220000;11555874;154.062;154.082;154.072;0;T;True;3
1621227221000;11555875;154.062;154.082;154.072;0;T;True;3
1621227222000;11555876;154.062;154.082;154.072;0;T;True;3
1621227223000;11555877;154.062;154.082;154.072;0;T;True;3
1621227224000;11555878;154.062;154.082;154.072;0;T;True;3
1621227225000;11555879;154.062;154.082;154.072;0;T;True;3
1621227226000;11555880;154.062;154.082;154.072;0;T;True;3
1621227227000;11555881;154.062;154.082;154.072;0;T;True;3
1621227228000;11555882;154.062;154.082;154.072;0;T;True;3
1621227229000;11555883;154.062;154.082;154.072;0;T;True;3
1621227230000;11555884;154.062;154.082;154.072;0;T;True;3
1621227231000;11555887;154.065;154.085;154.075;2;T;True;3
1621227232000;11555888;154.065;154.085;154.075;0;T;True;3
1621227233000;11555889;154.065;154.085;154.075;0;T;True;3
1621227234000;11555890;154.065;154.085;154.075;0;T;True;3
1621227235000;11555891;154.065;154.085;154.075;0;T;True;3
1621227236000;11555892;154.065;154.085;154.075;0;T;True;3
1621227237000;11555893;154.065;154.085;154.075;0;T;True;3
1621227238000;11555894;154.065;154.085;154.075;0;T;True;3
1621227239000;11555895;154.065;154.085;154.075;0;T;True;3
1621227240000;11555896;154.065;154.085;154.075;0;T;True;3
1621227241000;11555897;154.065;154.085;154.075;0;T;True;3
1621227242000;11555898;154.065;154.085;154.075;0;T;True;3
1621227243000;11555900;154.064;154.084;154.074;1;T;True;3
1621227244000;11555901;154.064;154.084;154.074;0;T;True;3
1621227245000;11555902;154.064;154.084;154.074;0;T;True;3
1621227246000;11555903;154.064;154.084;154.074;0;T;True;3
1621227247000;11555905;154.063;154.083;154.073;1;T;True;3
1621227248000;11555906;154.063;154.083;154.073;0;T;True;3
1621227249000;11555907;154.063;154.083;154.073;0;T;True;3
1621227250000;11555908;154.063;154.083;154.073;0;T;True;3
1621227251000;11555909;154.063;154.083;154.073;0;T;True;3
1621227252000;11555911;154.06;154.08;154.07;1;T;True;3
1621227253000;11555912;154.06;154.08;154.07;0;T;True;3
1621227254000;11555913;154.06;154.08;154.07;0;T;True;3
1621227255000;11555914;154.06;154.08;154.07;0;T;True;3
1621227256000;11555920;154.067;154.087;154.077;5;T;True;3
1621227257000;11555922;154.066;154.086;154.076;1;T;True;3
1621227258000;11555924;154.065;154.085;154.075;1;T;True;3
1621227259000;11555925;154.065;154.085;154.075;0;T;True;3
1621227260000;11555926;154.065;154.085;154.075;0;T;True;3
1621227261000;11555928;154.063;154.083;154.073;1;T;True;3
1621227262000;11555933;154.055;154.075;154.065;4;T;True;3
1621227263000;11555940;154.061;154.081;154.071;6;T;True;3
1621227264000;11555941;154.061;154.081;154.071;0;T;True;3
1621227265000;11555942;154.061;154.081;154.071;0;T;True;3
1621227266000;11555947;154.065;154.085;154.075;4;T;True;3
1621227267000;11555948;154.065;154.085;154.075;0;T;True;3
1621227268000;11555949;154.065;154.085;154.075;0;T;True;3
1621227269000;11555950;154.065;154.085;154.075;0;T;True;3
1621227270000;11555953;154.063;154.083;154.073;2;T;True;3
1621227271000;11555954;154.063;154.083;154.073;0;T;True;3
1621227272000;11555957;154.055;154.075;154.065;2;T;True;3
1621227273000;11555959;154.057;154.077;154.067;1;T;True;3
1621227274000;11555960;154.057;154.077;154.067;0;T;True;3
1621227275000;11555961;154.057;154.077;154.067;0;T;True;3
1621227276000;11555963;154.058;154.078;154.068;1;T;True;3
1621227277000;11555964;154.058;154.078;154.068;0;T;True;3
1621227278000;11555965;154.058;154.078;154.068;0;T;True;3
1621227279000;11555966;154.058;154.078;154.068;0;T;True;3
1621227280000;11555967;154.058;154.078;154.068;0;T;True;3
1621227281000;11555968;154.058;154.078;154.068;0;T;True;3
1621227282000;11555969;154.058;154.078;154.068;0;T;True;3
1621227283000;11555970;154.058;154.078;154.068;0;T;True;3
1621227284000;11555971;154.058;154.078;154.068;0;T;True;3
1621227285000;11555973;154.057;154.077;154.067;1;T;True;3
1621227286000;11555977;154.063;154.083;154.073;3;T;True;3
1621227287000;11555978;154.063;154.083;154.073;0;T;True;3
1621227288000;11555981;154.061;154.081;154.071;2;T;True;3
1621227289000;11555982;154.061;154.081;154.071;0;T;True;3
1621227290000;11555983;154.061;154.081;154.071;0;T;True;3
1621227291000;11555984;154.061;154.081;154.071;0;T;True;3
1621227292000;11555987;154.057;154.077;154.067;2;T;True;3
1621227293000;11555988;154.057;154.077;154.067;0;T;True;3
1621227294000;11555989;154.057;154.077;154.067;0;T;True;3
1621227295000;11555990;154.057;154.077;154.067;0;T;True;3
1621227296000;11555991;154.057;154.077;154.067;0;T;True;3
1621227297000;11555992;154.057;154.077;154.067;0;T;True;3
1621227298000;11555993;154.057;154.077;154.067;0;T;True;3
1621227299000;11555994;154.057;154.077;154.067;0;T;True;3
1621227300000;11555995;154.057;154.077;154.067;0;T;True;3
1621227301000;11555996;154.057;154.077;154.067;0;T;True;3
1621227302000;11555997;154.057;154.077;154.067;0;T;True;3
1621227303000;11555998;154.057;154.077;154.067;0;T;True;3
1621227304000;11555999;154.057;154.077;154.067;0;T;True;3
1621227305000;11556000;154.057;154.077;154.067;0;T;True;3
1621227306000;11556002;154.058;154.078;154.068;1;T;True;3
1621227307000;11556004;154.059;154.079;154.069;1;T;True;3
1621227308000;11556005;154.059;154.079;154.069;0;T;True;3
1621227309000;11556006;154.059;154.079;154.069;0;T;True;3
1621227310000;11556007;154.059;154.079;154.069;0;T;True;3
1621227311000;11556009;154.06;154.08;154.07;1;T;True;3
1621227312000;11556010;154.06;154.08;154.07;0;T;True;3
1621227313000;11556011;154.06;154.08;154.07;0;T;True;3
1621227314000;11556012;154.06;154.08;154.07;0;T;True;3
1621227315000;11556013;154.06;154.08;154.07;0;T;True;3
1621227316000;11556014;154.06;154.08;154.07;0;T;True;3
1621227317000;11556015;154.06;154.08;154.07;0;T;True;3
1621227318000;11556016;154.06;154.08;154.07;0;T;True;3
1621227319000;11556017;154.06;154.08;154.07;0;T;True;3
1621227320000;11556021;154.057;154.077;154.067;3;T;True;3
1621227321000;11556022;154.057;154.077;154.067;0;T;True;3
1621227322000;11556023;154.057;154.077;154.067;0;T;True;3
1621227323000;11556024;154.057;154.077;154.067;0;T;True;3
1621227324000;11556025;154.057;154.077;154.067;0;T;True;3
1621227325000;11556026;154.057;154.077;154.067;0;T;True;3
1621227326000;11556027;154.057;154.077;154.067;0;T;True;3
1621227327000;11556028;154.057;154.077;154.067;0;T;True;3
1621227328000;11556029;154.057;154.077;154.067;0;T;True;3
1621227329000;11556030;154.057;154.077;154.067;0;T;True;3
1621227330000;11556031;154.057;154.077;154.067;0;T;True;3
1621227331000;11556032;154.057;154.077;154.067;0;T;True;3
1621227332000;11556033;154.057;154.077;154.067;0;T;True;3
1621227333000;11556034;154.057;154.077;154.067;0;T;True;3
1621227334000;11556035;154.057;154.077;154.067;0;T;True;3
1621227335000;11556036;154.057;154.077;154.067;0;T;True;3
1621227336000;11556037;154.057;154.077;154.067;0;T;True;3
1621227337000;11556038;154.057;154.077;154.067;0;T;True;3
1621227338000;11556039;154.057;154.077;154.067;0;T;True;3
1621227339000;11556040;154.057;154.077;154.067;0;T;True;3
1621227340000;11556041;154.057;154.077;154.067;0;T;True;3
1621227341000;11556042;154.057;154.077;154.067;0;T;True;3
1621227342000;11556043;154.057;154.077;154.067;0;T;True;3
1621227343000;11556044;154.057;154.077;154.067;0;T;True;3
1621227344000;11556045;154.057;154.077;154.067;0;T;True;3
1621227345000;11556046;154.057;154.077;154.067;0;T;True;3
1621227346000;11556047;154.057;154.077;154.067;0;T;True;3
1621227347000;11556048;154.057;154.077;154.067;0;T;True;3
1621227348000;11556049;154.057;154.077;154.067;0;T;True;3
1621227349000;11556050;154.057;154.077;154.067;0;T;True;3
1621227350000;11556051;154.057;154.077;154.067;0;T;True;3
1621227351000;11556052;154.057;154.077;154.067;0;T;True;3
1621227352000;11556054;154.055;154.075;154.065;1;T;True;3
1621227353000;11556056;154.047;154.067;154.057;1;T;True;3
1621227354000;11556057;154.047;154.067;154.057;0;T;True;3
1621227355000;11556058;154.047;154.067;154.057;0;T;True;3
1621227356000;11556059;154.047;154.067;154.057;0;T;True;3
1621227357000;11556061;154.045;154.065;154.055;1;T;True;3
1621227358000;11556063;154.047;154.067;154.057;1;T;True;3
1621227359000;11556064;154.047;154.067;154.057;0;T;True;3
1621227360000;11556065;154.047;154.067;154.057;0;T;True;3
1621227361000;11556070;154.054;154.074;154.064;4;T;True;3
1621227362000;11556072;154.055;154.075;154.065;1;T;True;3
1621227363000;11556074;154.056;154.076;154.066;1;T;True;3
1621227364000;11556075;154.056;154.076;154.066;0;T;True;3
1621227365000;11556076;154.056;154.076;154.066;0;T;True;3
1621227366000;11556078;154.057;154.077;154.067;1;T;True;3
1621227367000;11556079;154.057;154.077;154.067;0;T;True;3
1621227368000;11556080;154.057;154.077;154.067;0;T;True;3
1621227369000;11556081;154.057;154.077;154.067;0;T;True;3
1621227370000;11556082;154.057;154.077;154.067;0;T;True;3
1621227371000;11556083;154.057;154.077;154.067;0;T;True;3
1621227372000;11556084;154.057;154.077;154.067;0;T;True;3
1621227373000;11556087;154.057;154.077;154.067;2;T;True;3
1621227374000;11556088;154.057;154.077;154.067;0;T;True;3
1621227375000;11556089;154.057;154.077;154.067;0;T;True;3
1621227376000;11556090;154.057;154.077;154.067;0;T;True;3
1621227377000;11556091;154.057;154.077;154.067;0;T;True;3
1621227378000;11556093;154.059;154.079;154.069;1;T;True;3
1621227379000;11556094;154.059;154.079;154.069;0;T;True;3
1621227380000;11556095;154.059;154.079;154.069;0;T;True;3
1621227381000;11556096;154.059;154.079;154.069;0;T;True;3
1621227382000;11556097;154.059;154.079;154.069;0;T;True;3
1621227383000;11556098;154.059;154.079;154.069;0;T;True;3
1621227384000;11556099;154.059;154.079;154.069;0;T;True;3
1621227385000;11556100;154.059;154.079;154.069;0;T;True;3
1621227386000;11556101;154.059;154.079;154.069;0;T;True;3
1621227387000;11556102;154.059;154.079;154.069;0;T;True;3
1621227388000;11556103;154.059;154.079;154.069;0;T;True;3
1621227389000;11556104;154.059;154.079;154.069;0;T;True;3
