ts;n;bid;ask;value;volume;phase;round;active_id
1621250862000;11596447;153.883;153.903;153.893;0;T;True;3
1621250863000;11596448;153.883;153.903;153.893;0;T;True;3
1621250864000;11596449;153.883;153.903;153.893;0;T;True;3
1621250865000;11596450;153.883;153.903;153.893;0;T;True;3
1621250866000;11596451;153.883;153.903;153.893;0;T;True;3
1621250867000;11596452;153.883;153.903;153.893;0;T;True;3
1621250868000;11596453;153.883;153.903;153.893;0;T;True;3
1621250869000;11596455;153.881;153.901;153.891;1;T;True;3
1621250870000;11596458;153.881;153.901;153.891;2;T;True;3
1621250871000;11596460;153.879;153.899;153.889;1;T;True;3
1621250872000;11596462;153.88;153.9;153.89;1;T;True;3
1621250873000;11596463;153.88;153.9;153.89;0;T;True;3
1621250874000;11596464;153.88;153.9;153.89;0;T;True;3
1621250875000;11596465;153.88;153.9;153.89;0;T;True;3
1621250876000;11596466;153.88;153.9;153.89;0;T;True;3
1621250877000;11596470;153.885;153.905;153.895;3;T;True;3
1621250878000;11596471;153.885;153.905;153.895;0;T;True;3
1621250879000;11596473;153.887;153.907;153.897;1;T;True;3
1621250880000;11596474;153.887;153.907;153.897;0;T;True;3
1621250881000;11596475;153.887;153.907;153.897;0;T;True;3
1621250882000;11596476;153.887;153.907;153.897;0;T;True;3
1621250883000;11596478;153.885;153.905;153.895;1;T;True;3
1621250884000;11596480;153.883;153.903;153.893;1;T;True;3
1621250885000;11596481;153.883;153.903;153.893;0;T;True;3
1621250886000;11596482;153.883;153.903;153.893;0;T;True;3
1621250887000;11596485;153.885;153.905;153.895;2;T;True;3
1621250888000;11596486;153.885;153.905;153.895;0;T;True;3
1621250889000;11596487;153.885;153.905;153.895;0;T;True;3
1621250890000;11596488;153.885;153.905;153.895;0;T;True;3
1621250891000;11596489;153.885;153.905;153.895;0;T;True;3
1621250892000;11596491;153.887;153.907;153.897;1;T;True;3
1621250893000;11596492;153.887;153.907;153.897;0;T;True;3
1621250894000;11596493;153.887;153.907;153.897;0;T;True;3
1621250895000;11596496;153.889;153.909;153.899;2;T;True;3
1621250896000;11596497;153.889;153.909;153.899;0;T;True;3
1621250897000;11596498;153.889;153.909;153.899;0;T;True;3
1621250898000;11596501;153.892;153.912;153.902;2;T;True;3
1621250899000;11596502;153.892;153.912;153.902;0;T;True;3
1621250900000;11596503;153.892;153.912;153.902;0;T;True;3
1621250901000;11596505;153.893;153.913;153.903;1;T;True;3
1621250902000;11596506;153.893;153.913;153.903;0;T;True;3
1621250903000;11596508;153.889;153.909;153.899;1;T;True;3
1621250904000;11596509;153.889;153.909;153.899;0;T;True;3
1621250905000;11596510;153.889;153.909;153.899;0;T;True;3
1621250906000;11596511;153.889;153.909;153.899;0;T;True;3
1621250907000;11596512;153.889;153.909;153.899;0;T;True;3
1621250908000;11596513;153.889;153.909;153.899;0;T;True;3
1621250909000;11596515;153.891;153.911;153.901;1;T;True;3
1621250910000;11596519;153.898;153.918;153.908;3;T;True;3
1621250911000;11596520;153.898;153.918;153.908;0;T;True;3
1621250912000;11596521;153.898;153.918;153.908;0;T;True;3
1621250913000;11596522;153.898;153.918;153.908;0;T;True;3
1621250914000;11596524;153.897;153.917;153.907;1;T;True;3
1621250915000;11596525;153.897;153.917;153.907;0;T;True;3
1621250916000;11596526;153.897;153.917;153.907;0;T;True;3
1621250917000;11596527;153.897;153.917;153.907;0;T;True;3
1621250918000;11596528;153.897;153.917;153.907;0;T;True;3
1621250919000;11596529;153.897;153.917;153.907;0;T;True;3
1621250920000;11596530;153.897;153.917;153.907;0;T;True;3
1621250921000;11596531;153.897;153.917;153.907;0;T;True;3
1621250922000;11596533;153.894;153.914;153.904;1;T;True;3
1621250923000;11596534;153.894;153.914;153.904;0;T;True;3
1621250924000;11596537;153.891;153.911;153.901;2;T;True;3
1621250925000;11596541;153.896;153.916;153.906;3;T;True;3
1621250926000;11596543;153.895;153.915;153.905;1;T;True;3
1621250927000;11596544;153.895;153.915;153.905;0;T;True;3
1621250928000;11596545;153.895;153.915;153.905;0;T;True;3
1621250929000;11596546;153.895;153.915;153.905;0;T;True;3
1621250930000;11596547;153.895;153.915;153.905;0;T;True;3
1621250931000;11596548;153.895;153.915;153.905;0;T;True;3
1621250932000;11596549;153.895;153.915;153.905;0;T;True;3
1621250933000;11596551;153.897;153.917;153.907;1;T;True;3
1621250934000;11596553;153.895;153.915;153.905;1;T;True;3
1621250935000;11596554;153.895;153.915;153.905;0;T;True;3
1621250936000;11596555;153.895;153.915;153.905;0;T;True;3
1621250937000;11596556;153.895;153.915;153.905;0;T;True;3
1621250938000;11596557;153.895;153.915;153.905;0;T;True;3
1621250939000;11596558;153.895;153.915;153.905;0;T;True;3
1621250940000;11596560;153.896;153.916;153.906;1;T;True;3
1621250941000;11596561;153.896;153.916;153.906;0;T;True;3
1621250942000;11596562;153.896;153.916;153.906;0;T;True;3
1621250943000;11596563;153.896;153.916;153.906;0;T;True;3
1621250944000;11596566;153.893;153.913;153.903;2;T;True;3
1621250945000;11596567;153.893;153.913;153.903;0;T;True;3
1621250946000;11596568;153.893;153.913;153.903;0;T;True;3
1621250947000;11596570;153.895;153.915;153.905;1;T;True;3
1621250948000;11596571;153.895;153.915;153.905;0;T;True;3
1621250949000;11596572;153.895;153.915;153.905;0;T;True;3
1621250950000;11596573;153.895;153.915;153.905;0;T;True;3
1621250951000;11596574;153.895;153.915;153.905;0;T;True;3
1621250952000;11596575;153.895;153.915;153.905;0;T;True;3
1621250953000;11596576;153.895;153.915;153.905;0;T;True;3
1621250954000;11596577;153.895;153.915;153.905;0;T;True;3
1621250955000;11596578;153.895;153.915;153.905;0;T;True;3
1621250956000;11596579;153.895;153.915;153.905;0;T;True;3
1621250957000;11596580;153.895;153.915;153.905;0;T;True;3
1621250958000;11596581;153.895;153.915;153.905;0;T;True;3
1621250959000;11596582;153.895;153.915;153.905;0;T;True;3
1621250960000;11596584;153.896;153.916;153.906;1;T;True;3
1621250961000;11596585;153.896;153.916;153.906;0;T;True;3
1621250962000;11596586;153.896;153.916;153.906;0;T;True;3
1621250963000;11596587;153.896;153.916;153.906;0;T;True;3
1621250964000;11596588;153.896;153.916;153.906;0;T;True;3
1621250965000;11596592;153.903;153.923;153.913;3;T;True;3
1621250966000;11596593;153.903;153.923;153.913;0;T;True;3
1621250967000;11596595;153.901;153.921;153.911;1;T;True;3
1621250968000;11596596;153.901;153.921;153.911;0;T;True;3
1621250969000;11596597;153.901;153.921;153.911;0;T;True;3
1621250970000;11596600;153.905;153.925;153.915;2;T;True;3
1621250971000;11596602;153.906;153.926;153.916;1;T;True;3
1621250972000;11596603;153.906;153.926;153.916;0;T;True;3
1621250973000;11596608;153.911;153.931;153.921;4;T;True;3
1621250974000;11596611;153.907;153.927;153.917;2;T;True;3
1621250975000;11596612;153.907;153.927;153.917;0;T;True;3
1621250976000;11596614;153.909;153.929;153.919;1;T;True;3
1621250977000;11596615;153.909;153.929;153.919;0;T;True;3
1621250978000;11596617;153.908;153.928;153.918;1;T;True;3
1621250979000;11596619;153.909;153.929;153.919;1;T;True;3
1621250980000;11596624;153.898;153.918;153.908;4;T;True;3
1621250981000;11596625;153.898;153.918;153.908;0;T;True;3
1621250982000;11596627;153.899;153.919;153.909;1;T;True;3
1621250983000;11596628;153.899;153.919;153.909;0;T;True;3
1621250984000;11596633;153.889;153.909;153.899;4;T;True;3
1621250985000;11596638;153.877;153.897;153.887;4;T;True;3
1621250986000;11596639;153.877;153.897;153.887;0;T;True;3
1621250987000;11596640;153.877;153.897;153.887;0;T;True;3
1621250988000;11596641;153.877;153.897;153.887;0;T;True;3
1621250989000;11596643;153.876;153.896;153.886;1;T;True;3
1621250990000;11596644;153.876;153.896;153.886;0;T;True;3
1621250991000;11596645;153.876;153.896;153.886;0;T;True;3
1621250992000;11596649;153.885;153.905;153.895;3;T;True;3
1621250993000;11596651;153.887;153.907;153.897;1;T;True;3
1621250994000;11596655;153.887;153.907;153.897;3;T;True;3
1621250995000;11596658;153.893;153.913;153.903;2;T;True;3
1621250996000;11596659;153.893;153.913;153.903;0;T;True;3
1621250997000;11596661;153.895;153.915;153.905;1;T;True;3
1621250998000;11596663;153.896;153.916;153.906;1;T;True;3
1621250999000;11596665;153.895;153.915;153.905;1;T;True;3
1621251000000;11596666;153.895;153.915;153.905;0;T;True;3
1621251001000;11596671;153.892;153.912;153.902;4;T;True;3
1621251002000;11596672;153.892;153.912;153.902;0;T;True;3
1621251003000;11596674;153.889;153.909;153.899;1;T;True;3
1621251004000;11596676;153.891;153.911;153.901;1;T;True;3
1621251005000;11596677;153.891;153.911;153.901;0;T;True;3
1621251006000;11596679;153.893;153.913;153.903;1;T;True;3
1621251007000;11596681;153.891;153.911;153.901;1;T;True;3
1621251008000;11596684;153.894;153.914;153.904;2;T;True;3
1621251009000;11596685;153.894;153.914;153.904;0;T;True;3
1621251010000;11596686;153.894;153.914;153.904;0;T;True;3
1621251011000;11596687;153.894;153.914;153.904;0;T;True;3
1621251012000;11596688;153.894;153.914;153.904;0;T;True;3
1621251013000;11596689;153.894;153.914;153.904;0;T;True;3
1621251014000;11596690;153.894;153.914;153.904;0;T;True;3
1621251015000;11596691;153.894;153.914;153.904;0;T;True;3
1621251016000;11596693;153.895;153.915;153.905;1;T;True;3
1621251017000;11596694;153.895;153.915;153.905;0;T;True;3
1621251018000;11596697;153.898;153.918;153.908;2;T;True;3
1621251019000;11596698;153.898;153.918;153.908;0;T;True;3
1621251020000;11596702;153.9;153.92;153.91;3;T;True;3
1621251021000;11596703;153.9;153.92;153.91;0;T;True;3
1621251022000;11596705;153.901;153.921;153.911;1;T;True;3
1621251023000;11596706;153.901;153.921;153.911;0;T;True;3
1621251024000;11596707;153.901;153.921;153.911;0;T;True;3
1621251025000;11596711;153.899;153.919;153.909;3;T;True;3
1621251026000;11596713;153.901;153.921;153.911;1;T;True;3
1621251027000;11596714;153.901;153.921;153.911;0;T;True;3
1621251028000;11596720;153.903;153.923;153.913;5;T;True;3
1621251029000;11596721;153.903;153.923;153.913;0;T;True;3
1621251030000;11596723;153.905;153.925;153.915;1;T;True;3
1621251031000;11596726;153.905;153.925;153.915;2;T;True;3
1621251032000;11596727;153.905;153.925;153.915;0;T;True;3
1621251033000;11596728;153.905;153.925;153.915;0;T;True;3
1621251034000;11596730;153.907;153.927;153.917;1;T;True;3
1621251035000;11596734;153.91;153.93;153.92;3;T;True;3
1621251036000;11596738;153.913;153.933;153.923;3;T;True;3
1621251037000;11596741;153.913;153.933;153.923;2;T;True;3
1621251038000;11596742;153.913;153.933;153.923;0;T;True;3
1621251039000;11596746;153.915;153.935;153.925;3;T;True;3
1621251040000;11596749;153.915;153.935;153.925;2;T;True;3
1621251041000;11596756;153.917;153.937;153.927;6;T;True;3
1621251042000;11596759;153.919;153.939;153.929;2;T;True;3
1621251043000;11596760;153.919;153.939;153.929;0;T;True;3
1621251044000;11596762;153.921;153.941;153.931;1;T;True;3
1621251045000;11596763;153.921;153.941;153.931;0;T;True;3
1621251046000;11596764;153.921;153.941;153.931;0;T;True;3
1621251047000;11596769;153.916;153.936;153.926;4;T;True;3
1621251048000;11596770;153.916;153.936;153.926;0;T;True;3
1621251049000;11596773;153.917;153.937;153.927;2;T;True;3
1621251050000;11596774;153.917;153.937;153.927;0;T;True;3
1621251051000;11596775;153.917;153.937;153.927;0;T;True;3
1621251052000;11596778;153.917;153.937;153.927;2;T;True;3
1621251053000;11596779;153.917;153.937;153.927;0;T;True;3
1621251054000;11596780;153.917;153.937;153.927;0;T;True;3
1621251055000;11596781;153.917;153.937;153.927;0;T;True;3
1621251056000;11596782;153.917;153.937;153.927;0;T;True;3
1621251057000;11596783;153.917;153.937;153.927;0;T;True;3
1621251058000;11596784;153.917;153.937;153.927;0;T;True;3
1621251059000;11596786;153.919;153.939;153.929;1;T;True;3
1621251060000;11596790;153.914;153.934;153.924;3;T;True;3
1621251061000;11596791;153.914;153.934;153.924;0;T;True;3
1621251062000;11596792;153.914;153.934;153.924;0;T;True;3
1621251063000;11596793;153.914;153.934;153.924;0;T;True;3
1621251064000;11596798;153.912;153.932;153.922;4;T;True;3
1621251065000;11596800;153.911;153.931;153.921;1;T;True;3
1621251066000;11596801;153.911;153.931;153.921;0;T;True;3
1621251067000;11596802;153.911;153.931;153.921;0;T;True;3
1621251068000;11596803;153.911;153.931;153.921;0;T;True;3
1621251069000;11596804;153.911;153.931;153.921;0;T;True;3
1621251070000;11596805;153.911;153.931;153.921;0;T;True;3
1621251071000;11596807;153.91;153.93;153.92;1;T;True;3
1621251072000;11596809;153.909;153.929;153.919;1;T;True;3
1621251073000;11596811;153.911;153.931;153.921;1;T;True;3
1621251074000;11596813;153.909;153.929;153.919;1;T;True;3
1621251075000;11596814;153.909;153.929;153.919;0;T;True;3
1621251076000;11596815;153.909;153.929;153.919;0;T;True;3
1621251077000;11596816;153.909;153.929;153.919;0;T;True;3
1621251078000;11596817;153.909;153.929;153.919;0;T;True;3
1621251079000;11596818;153.909;153.929;153.919;0;T;True;3
1621251080000;11596821;153.909;153.929;153.919;2;T;True;3
1621251081000;11596822;153.909;153.929;153.919;0;T;True;3
1621251082000;11596824;153.908;153.928;153.918;1;T;True;3
1621251083000;11596826;153.909;153.929;153.919;1;T;True;3
1621251084000;11596827;153.909;153.929;153.919;0;T;True;3
1621251085000;11596828;153.909;153.929;153.919;0;T;True;3
1621251086000;11596829;153.909;153.929;153.919;0;T;True;3
1621251087000;11596833;153.899;153.919;153.909;3;T;True;3
1621251088000;11596837;153.897;153.917;153.907;3;T;True;3
1621251089000;11596838;153.897;153.917;153.907;0;T;True;3
1621251090000;11596839;153.897;153.917;153.907;0;T;True;3
1621251091000;11596840;153.897;153.917;153.907;0;T;True;3
1621251092000;11596841;153.897;153.917;153.907;0;T;True;3
1621251093000;11596844;153.895;153.915;153.905;2;T;True;3
1621251094000;11596846;153.896;153.916;153.906;1;T;True;3
1621251095000;11596848;153.895;153.915;153.905;1;T;True;3
1621251096000;11596851;153.898;153.918;153.908;2;T;True;3
1621251097000;11596852;153.898;153.918;153.908;0;T;True;3
1621251098000;11596854;153.899;153.919;153.909;1;T;True;3
1621251099000;11596855;153.899;153.919;153.909;0;T;True;3
1621251100000;11596857;153.9;153.92;153.91;1;T;True;3
1621251101000;11596858;153.9;153.92;153.91;0;T;True;3
1621251102000;11596860;153.903;153.923;153.913;1;T;True;3
1621251103000;11596862;153.901;153.921;153.911;1;T;True;3
1621251104000;11596863;153.901;153.921;153.911;0;T;True;3
1621251105000;11596865;153.9;153.92;153.91;1;T;True;3
1621251106000;11596866;153.9;153.92;153.91;0;T;True;3
1621251107000;11596867;153.9;153.92;153.91;0;T;True;3
1621251108000;11596868;153.9;153.92;153.91;0;T;True;3
1621251109000;11596870;153.899;153.919;153.909;1;T;True;3
1621251110000;11596872;153.901;153.921;153.911;1;T;True;3
1621251111000;11596873;153.901;153.921;153.911;0;T;True;3
1621251112000;11596877;153.904;153.924;153.914;3;T;True;3
1621251113000;11596879;153.905;153.925;153.915;1;T;True;3
1621251114000;11596880;153.905;153.925;153.915;0;T;True;3
1621251115000;11596881;153.905;153.925;153.915;0;T;True;3
1621251116000;11596882;153.905;153.925;153.915;0;T;True;3
1621251117000;11596884;153.903;153.923;153.913;1;T;True;3
1621251118000;11596885;153.903;153.923;153.913;0;T;True;3
1621251119000;11596886;153.903;153.923;153.913;0;T;True;3
1621251120000;11596888;153.905;153.925;153.915;1;T;True;3
1621251121000;11596889;153.905;153.925;153.915;0;T;True;3
1621251122000;11596890;153.905;153.925;153.915;0;T;True;3
1621251123000;11596891;153.905;153.925;153.915;0;T;True;3
1621251124000;11596893;153.911;153.931;153.921;1;T;True;3
1621251125000;11596895;153.909;153.929;153.919;1;T;True;3
1621251126000;11596897;153.908;153.928;153.918;1;T;True;3
1621251127000;11596901;153.909;153.929;153.919;3;T;True;3
1621251128000;11596902;153.909;153.929;153.919;0;T;True;3
1621251129000;11596909;153.919;153.939;153.929;6;T;True;3
1621251130000;11596911;153.927;153.947;153.937;1;T;True;3
1621251131000;11596913;153.929;153.949;153.939;1;T;True;3
1621251132000;11596914;153.929;153.949;153.939;0;T;True;3
1621251133000;11596916;153.931;153.951;153.941;1;T;True;3
1621251134000;11596918;153.93;153.95;153.94;1;T;True;3
1621251135000;11596921;153.927;153.947;153.937;2;T;True;3
1621251136000;11596922;153.927;153.947;153.937;0;T;True;3
1621251137000;11596923;153.927;153.947;153.937;0;T;True;3
1621251138000;11596924;153.927;153.947;153.937;0;T;True;3
1621251139000;11596925;153.927;153.947;153.937;0;T;True;3
1621251140000;11596926;153.927;153.947;153.937;0;T;True;3
1621251141000;11596927;153.927;153.947;153.937;0;T;True;3
1621251142000;11596928;153.927;153.947;153.937;0;T;True;3
1621251143000;11596930;153.926;153.946;153.936;1;T;True;3
1621251144000;11596932;153.927;153.947;153.937;1;T;True;3
1621251145000;11596933;153.927;153.947;153.937;0;T;True;3
1621251146000;11596934;153.927;153.947;153.937;0;T;True;3
1621251147000;11596935;153.927;153.947;153.937;0;T;True;3
1621251148000;11596939;153.931;153.951;153.941;3;T;True;3
1621251149000;11596942;153.93;153.95;153.94;2;T;True;3
1621251150000;11596943;153.93;153.95;153.94;0;T;True;3
1621251151000;11596945;153.929;153.949;153.939;1;T;True;3
1621251152000;11596946;153.929;153.949;153.939;0;T;True;3
1621251153000;11596949;153.932;153.952;153.942;2;T;True;3
1621251154000;11596950;153.932;153.952;153.942;0;T;True;3
1621251155000;11596955;153.932;153.952;153.942;4;T;True;3
1621251156000;11596957;153.931;153.951;153.941;1;T;True;3
1621251157000;11596958;153.931;153.951;153.941;0;T;True;3
1621251158000;11596959;153.931;153.951;153.941;0;T;True;3
1621251159000;11596960;153.931;153.951;153.941;0;T;True;3
1621251160000;11596963;153.927;153.947;153.937;2;T;True;3
1621251161000;11596964;153.927;153.947;153.937;0;T;True;3
1621251162000;11596965;153.927;153.947;153.937;0;T;True;3
1621251163000;11596966;153.927;153.947;153.937;0;T;True;3
1621251164000;11596967;153.927;153.947;153.937;0;T;True;3
1621251165000;11596971;153.929;153.949;153.939;3;T;True;3
1621251166000;11596974;153.927;153.947;153.937;2;T;True;3
1621251167000;11596975;153.927;153.947;153.937;0;T;True;3
1621251168000;11596976;153.927;153.947;153.937;0;T;True;3
1621251169000;11596978;153.929;153.949;153.939;1;T;True;3
1621251170000;11596981;153.928;153.948;153.938;2;T;True;3
1621251171000;11596983;153.929;153.949;153.939;1;T;True;3
1621251172000;11596984;153.929;153.949;153.939;0;T;True;3
1621251173000;11596985;153.929;153.949;153.939;0;T;True;3
1621251174000;11596986;153.929;153.949;153.939;0;T;True;3
1621251175000;11596987;153.929;153.949;153.939;0;T;True;3
1621251176000;11596988;153.929;153.949;153.939;0;T;True;3
1621251177000;11596989;153.929;153.949;153.939;0;T;True;3
1621251178000;11596990;153.929;153.949;153.939;0;T;True;3
1621251179000;11596991;153.929;153.949;153.939;0;T;True;3
1621251180000;11596992;153.929;153.949;153.939;0;T;True;3
1621251181000;11596993;153.929;153.949;153.939;0;T;True;3
1621251182000;11596996;153.93;153.95;153.94;2;T;True;3
1621251183000;11596997;153.93;153.95;153.94;0;T;True;3
1621251184000;11596999;153.931;153.951;153.941;1;T;True;3
1621251185000;11597000;153.931;153.951;153.941;0;T;True;3
1621251186000;11597001;153.931;153.951;153.941;0;T;True;3
1621251187000;11597003;153.933;153.953;153.943;1;T;True;3
1621251188000;11597004;153.933;153.953;153.943;0;T;True;3
1621251189000;11597006;153.931;153.951;153.941;1;T;True;3
1621251190000;11597007;153.931;153.951;153.941;0;T;True;3
1621251191000;11597008;153.931;153.951;153.941;0;T;True;3
1621251192000;11597009;153.931;153.951;153.941;0;T;True;3
1621251193000;11597010;153.931;153.951;153.941;0;T;True;3
1621251194000;11597011;153.931;153.951;153.941;0;T;True;3
1621251195000;11597012;153.931;153.951;153.941;0;T;True;3
1621251196000;11597013;153.931;153.951;153.941;0;T;True;3
1621251197000;11597014;153.931;153.951;153.941;0;T;True;3
1621251198000;11597015;153.931;153.951;153.941;0;T;True;3
1621251199000;11597016;153.931;153.951;153.941;0;T;True;3
1621251200000;11597017;153.931;153.951;153.941;0;T;True;3
1621251201000;11597018;153.931;153.951;153.941;0;T;True;3
1621251202000;11597019;153.931;153.951;153.941;0;T;True;3
1621251203000;11597020;153.931;153.951;153.941;0;T;True;3
1621251204000;11597021;153.931;153.951;153.941;0;T;True;3
1621251205000;11597022;153.931;153.951;153.941;0;T;True;3
1621251206000;11597023;153.931;153.951;153.941;0;T;True;3
1621251207000;11597026;153.931;153.951;153.941;2;T;True;3
1621251208000;11597028;153.929;153.949;153.939;1;T;True;3
1621251209000;11597030;153.931;153.951;153.941;1;T;True;3
1621251210000;11597031;153.931;153.951;153.941;0;T;True;3
1621251211000;11597032;153.931;153.951;153.941;0;T;True;3
1621251212000;11597034;153.933;153.953;153.943;1;T;True;3
1621251213000;11597037;153.94;153.96;153.95;2;T;True;3
1621251214000;11597038;153.94;153.96;153.95;0;T;True;3
1621251215000;11597039;153.94;153.96;153.95;0;T;True;3
1621251216000;11597040;153.94;153.96;153.95;0;T;True;3
1621251217000;11597042;153.941;153.961;153.951;1;T;True;3
1621251218000;11597043;153.941;153.961;153.951;0;T;True;3
1621251219000;11597044;153.941;153.961;153.951;0;T;True;3
1621251220000;11597045;153.941;153.961;153.951;0;T;True;3
1621251221000;11597046;153.941;153.961;153.951;0;T;True;3
1621251222000;11597047;153.941;153.961;153.951;0;T;True;3
1621251223000;11597048;153.941;153.961;153.951;0;T;True;3
1621251224000;11597049;153.941;153.961;153.951;0;T;True;3
1621251225000;11597050;153.941;153.961;153.951;0;T;True;3
1621251226000;11597051;153.941;153.961;153.951;0;T;True;3
1621251227000;11597053;153.939;153.959;153.949;1;T;True;3
1621251228000;11597054;153.939;153.959;153.949;0;T;True;3
1621251229000;11597055;153.939;153.959;153.949;0;T;True;3
1621251230000;11597056;153.939;153.959;153.949;0;T;True;3
1621251231000;11597057;153.939;153.959;153.949;0;T;True;3
1621251232000;11597058;153.939;153.959;153.949;0;T;True;3
1621251233000;11597059;153.939;153.959;153.949;0;T;True;3
1621251234000;11597060;153.939;153.959;153.949;0;T;True;3
1621251235000;11597061;153.939;153.959;153.949;0;T;True;3
1621251236000;11597062;153.939;153.959;153.949;0;T;True;3
1621251237000;11597064;153.941;153.961;153.951;1;T;True;3
1621251238000;11597067;153.94;153.96;153.95;2;T;True;3
1621251239000;11597068;153.94;153.96;153.95;0;T;True;3
1621251240000;11597069;153.94;153.96;153.95;0;T;True;3
1621251241000;11597071;153.941;153.961;153.951;1;T;True;3
1621251242000;11597073;153.943;153.963;153.953;1;T;True;3
1621251243000;11597074;153.943;153.963;153.953;0;T;True;3
1621251244000;11597075;153.943;153.963;153.953;0;T;True;3
1621251245000;11597076;153.943;153.963;153.953;0;T;True;3
1621251246000;11597077;153.943;153.963;153.953;0;T;True;3
1621251247000;11597078;153.943;153.963;153.953;0;T;True;3
1621251248000;11597079;153.943;153.963;153.953;0;T;True;3
1621251249000;11597081;153.939;153.959;153.949;1;T;True;3
1621251250000;11597084;153.945;153.965;153.955;2;T;True;3
1621251251000;11597088;153.943;153.963;153.953;3;T;True;3
1621251252000;11597089;153.943;153.963;153.953;0;T;True;3
1621251253000;11597092;153.943;153.963;153.953;2;T;True;3
1621251254000;11597095;153.951;153.971;153.961;2;T;True;3
1621251255000;11597098;153.951;153.971;153.961;2;T;True;3
1621251256000;11597099;153.951;153.971;153.961;0;T;True;3
1621251257000;11597100;153.951;153.971;153.961;0;T;True;3
1621251258000;11597102;153.953;153.973;153.963;1;T;True;3
1621251259000;11597103;153.953;153.973;153.963;0;T;True;3
1621251260000;11597105;153.951;153.971;153.961;1;T;True;3
1621251261000;11597106;153.951;153.971;153.961;0;T;True;3
1621251262000;11597107;153.951;153.971;153.961;0;T;True;3
1621251263000;11597108;153.951;153.971;153.961;0;T;True;3
1621251264000;11597109;153.951;153.971;153.961;0;T;True;3
1621251265000;11597111;153.953;153.973;153.963;1;T;True;3
1621251266000;11597112;153.953;153.973;153.963;0;T;True;3
1621251267000;11597113;153.953;153.973;153.963;0;T;True;3
1621251268000;11597115;153.951;153.971;153.961;1;T;True;3
1621251269000;11597116;153.951;153.971;153.961;0;T;True;3
1621251270000;11597117;153.951;153.971;153.961;0;T;True;3
1621251271000;11597118;153.951;153.971;153.961;0;T;True;3
1621251272000;11597120;153.949;153.969;153.959;1;T;True;3
1621251273000;11597121;153.949;153.969;153.959;0;T;True;3
1621251274000;11597123;153.947;153.967;153.957;1;T;True;3
1621251275000;11597124;153.947;153.967;153.957;0;T;True;3
1621251276000;11597125;153.947;153.967;153.957;0;T;True;3
1621251277000;11597127;153.945;153.965;153.955;1;T;True;3
1621251278000;11597128;153.945;153.965;153.955;0;T;True;3
1621251279000;11597130;153.947;153.967;153.957;1;T;True;3
1621251280000;11597131;153.947;153.967;153.957;0;T;True;3
1621251281000;11597132;153.947;153.967;153.957;0;T;True;3
1621251282000;11597133;153.947;153.967;153.957;0;T;True;3
1621251283000;11597134;153.947;153.967;153.957;0;T;True;3
1621251284000;11597135;153.947;153.967;153.957;0;T;True;3
1621251285000;11597136;153.947;153.967;153.957;0;T;True;3
1621251286000;11597137;153.947;153.967;153.957;0;T;True;3
1621251287000;11597138;153.947;153.967;153.957;0;T;True;3
1621251288000;11597139;153.947;153.967;153.957;0;T;True;3
1621251289000;11597140;153.947;153.967;153.957;0;T;True;3
1621251290000;11597141;153.947;153.967;153.957;0;T;True;3
1621251291000;11597142;153.947;153.967;153.957;0;T;True;3
1621251292000;11597143;153.947;153.967;153.957;0;T;True;3
1621251293000;11597144;153.947;153.967;153.957;0;T;True;3
1621251294000;11597147;153.939;153.959;153.949;2;T;True;3
1621251295000;11597149;153.938;153.958;153.948;1;T;True;3
1621251296000;11597150;153.938;153.958;153.948;0;T;True;3
1621251297000;11597151;153.938;153.958;153.948;0;T;True;3
1621251298000;11597152;153.938;153.958;153.948;0;T;True;3
1621251299000;11597153;153.938;153.958;153.948;0;T;True;3
1621251300000;11597154;153.938;153.958;153.948;0;T;True;3
1621251301000;11597156;153.939;153.959;153.949;1;T;True;3
1621251302000;11597158;153.938;153.958;153.948;1;T;True;3
1621251303000;11597159;153.938;153.958;153.948;0;T;True;3
1621251304000;11597160;153.938;153.958;153.948;0;T;True;3
1621251305000;11597161;153.938;153.958;153.948;0;T;True;3
1621251306000;11597163;153.939;153.959;153.949;1;T;True;3
1621251307000;11597164;153.939;153.959;153.949;0;T;True;3
1621251308000;11597165;153.939;153.959;153.949;0;T;True;3
1621251309000;11597166;153.939;153.959;153.949;0;T;True;3
1621251310000;11597168;153.943;153.963;153.953;1;T;True;3
1621251311000;11597169;153.943;153.963;153.953;0;T;True;3
1621251312000;11597172;153.947;153.967;153.957;2;T;True;3
1621251313000;11597173;153.947;153.967;153.957;0;T;True;3
1621251314000;11597174;153.947;153.967;153.957;0;T;True;3
1621251315000;11597175;153.947;153.967;153.957;0;T;True;3
1621251316000;11597176;153.947;153.967;153.957;0;T;True;3
1621251317000;11597177;153.947;153.967;153.957;0;T;True;3
1621251318000;11597178;153.947;153.967;153.957;0;T;True;3
1621251319000;11597181;153.949;153.969;153.959;2;T;True;3
1621251320000;11597182;153.949;153.969;153.959;0;T;True;3
1621251321000;11597183;153.949;153.969;153.959;0;T;True;3
1621251322000;11597184;153.949;153.969;153.959;0;T;True;3
1621251323000;11597185;153.949;153.969;153.959;0;T;True;3
1621251324000;11597186;153.949;153.969;153.959;0;T;True;3
1621251325000;11597187;153.949;153.969;153.959;0;T;True;3
1621251326000;11597188;153.949;153.969;153.959;0;T;True;3
1621251327000;11597189;153.949;153.969;153.959;0;T;True;3
1621251328000;11597192;153.953;153.973;153.963;2;T;True;3
1621251329000;11597193;153.953;153.973;153.963;0;T;True;3
1621251330000;11597196;153.947;153.967;153.957;2;T;True;3
1621251331000;11597197;153.947;153.967;153.957;0;T;True;3
1621251332000;11597200;153.951;153.971;153.961;2;T;True;3
1621251333000;11597201;153.951;153.971;153.961;0;T;True;3
1621251334000;11597202;153.951;153.971;153.961;0;T;True;3
1621251335000;11597203;153.951;153.971;153.961;0;T;True;3
1621251336000;11597204;153.951;153.971;153.961;0;T;True;3
1621251337000;11597205;153.951;153.971;153.961;0;T;True;3
1621251338000;11597206;153.951;153.971;153.961;0;T;True;3
1621251339000;11597207;153.951;153.971;153.961;0;T;True;3
1621251340000;11597208;153.951;153.971;153.961;0;T;True;3
1621251341000;11597210;153.949;153.969;153.959;1;T;True;3
1621251342000;11597211;153.949;153.969;153.959;0;T;True;3
1621251343000;11597213;153.95;153.97;153.96;1;T;True;3
1621251344000;11597215;153.951;153.971;153.961;1;T;True;3
1621251345000;11597216;153.951;153.971;153.961;0;T;True;3
1621251346000;11597217;153.951;153.971;153.961;0;T;True;3
1621251347000;11597218;153.951;153.971;153.961;0;T;True;3
1621251348000;11597219;153.951;153.971;153.961;0;T;True;3
1621251349000;11597220;153.951;153.971;153.961;0;T;True;3
1621251350000;11597221;153.951;153.971;153.961;0;T;True;3
1621251351000;11597222;153.951;153.971;153.961;0;T;True;3
1621251352000;11597224;153.952;153.972;153.962;1;T;True;3
1621251353000;11597225;153.952;153.972;153.962;0;T;True;3
1621251354000;11597226;153.952;153.972;153.962;0;T;True;3
1621251355000;11597227;153.952;153.972;153.962;0;T;True;3
1621251356000;11597228;153.952;153.972;153.962;0;T;True;3
1621251357000;11597229;153.952;153.972;153.962;0;T;True;3
1621251358000;11597230;153.952;153.972;153.962;0;T;True;3
1621251359000;11597231;153.952;153.972;153.962;0;T;True;3
1621251360000;11597232;153.952;153.972;153.962;0;T;True;3
1621251361000;11597234;153.953;153.973;153.963;1;T;True;3
1621251362000;11597235;153.953;153.973;153.963;0;T;True;3
1621251363000;11597237;153.952;153.972;153.962;1;T;True;3
1621251364000;11597238;153.952;153.972;153.962;0;T;True;3
1621251365000;11597239;153.952;153.972;153.962;0;T;True;3
1621251366000;11597240;153.952;153.972;153.962;0;T;True;3
1621251367000;11597241;153.952;153.972;153.962;0;T;True;3
1621251368000;11597242;153.952;153.972;153.962;0;T;True;3
1621251369000;11597243;153.952;153.972;153.962;0;T;True;3
1621251370000;11597249;153.938;153.958;153.948;5;T;True;3
1621251371000;11597251;153.939;153.959;153.949;1;T;True;3
1621251372000;11597256;153.935;153.955;153.945;4;T;True;3
1621251373000;11597259;153.93;153.95;153.94;2;T;True;3
1621251374000;11597260;153.93;153.95;153.94;0;T;True;3
1621251375000;11597263;153.932;153.952;153.942;2;T;True;3
1621251376000;11597268;153.927;153.947;153.937;4;T;True;3
1621251377000;11597269;153.927;153.947;153.937;0;T;True;3
1621251378000;11597272;153.928;153.948;153.938;2;T;True;3
1621251379000;11597273;153.928;153.948;153.938;0;T;True;3
1621251380000;11597274;153.928;153.948;153.938;0;T;True;3
1621251381000;11597279;153.927;153.947;153.937;4;T;True;3
1621251382000;11597280;153.927;153.947;153.937;0;T;True;3
1621251383000;11597283;153.927;153.947;153.937;2;T;True;3
1621251384000;11597285;153.931;153.951;153.941;1;T;True;3
1621251385000;11597286;153.931;153.951;153.941;0;T;True;3
1621251386000;11597290;153.936;153.956;153.946;3;T;True;3
1621251387000;11597293;153.939;153.959;153.949;2;T;True;3
1621251388000;11597296;153.935;153.955;153.945;2;T;True;3
1621251389000;11597298;153.933;153.953;153.943;1;T;True;3
1621251390000;11597300;153.931;153.951;153.941;1;T;True;3
1621251391000;11597301;153.931;153.951;153.941;0;T;True;3
1621251392000;11597302;153.931;153.951;153.941;0;T;True;3
1621251393000;11597303;153.931;153.951;153.941;0;T;True;3
1621251394000;11597304;153.931;153.951;153.941;0;T;True;3
1621251395000;11597306;153.929;153.949;153.939;1;T;True;3
1621251396000;11597307;153.929;153.949;153.939;0;T;True;3
1621251397000;11597309;153.93;153.95;153.94;1;T;True;3
1621251398000;11597310;153.93;153.95;153.94;0;T;True;3
1621251399000;11597311;153.93;153.95;153.94;0;T;True;3
1621251400000;11597313;153.931;153.951;153.941;1;T;True;3
1621251401000;11597314;153.931;153.951;153.941;0;T;True;3
1621251402000;11597316;153.93;153.95;153.94;1;T;True;3
1621251403000;11597318;153.928;153.948;153.938;1;T;True;3
1621251404000;11597320;153.925;153.945;153.935;1;T;True;3
1621251405000;11597321;153.925;153.945;153.935;0;T;True;3
1621251406000;11597324;153.922;153.942;153.932;2;T;True;3
1621251407000;11597325;153.922;153.942;153.932;0;T;True;3
1621251408000;11597327;153.923;153.943;153.933;1;T;True;3
1621251409000;11597328;153.923;153.943;153.933;0;T;True;3
1621251410000;11597329;153.923;153.943;153.933;0;T;True;3
1621251411000;11597330;153.923;153.943;153.933;0;T;True;3
1621251412000;11597332;153.925;153.945;153.935;1;T;True;3
1621251413000;11597333;153.925;153.945;153.935;0;T;True;3
1621251414000;11597335;153.926;153.946;153.936;1;T;True;3
1621251415000;11597336;153.926;153.946;153.936;0;T;True;3
1621251416000;11597337;153.926;153.946;153.936;0;T;True;3
1621251417000;11597338;153.926;153.946;153.936;0;T;True;3
1621251418000;11597339;153.926;153.946;153.936;0;T;True;3
1621251419000;11597341;153.925;153.945;153.935;1;T;True;3
1621251420000;11597342;153.925;153.945;153.935;0;T;True;3
1621251421000;11597343;153.925;153.945;153.935;0;T;True;3
1621251422000;11597345;153.923;153.943;153.933;1;T;True;3
1621251423000;11597346;153.923;153.943;153.933;0;T;True;3
1621251424000;11597347;153.923;153.943;153.933;0;T;True;3
1621251425000;11597351;153.928;153.948;153.938;3;T;True;3
1621251426000;11597353;153.926;153.946;153.936;1;T;True;3
1621251427000;11597354;153.926;153.946;153.936;0;T;True;3
1621251428000;11597355;153.926;153.946;153.936;0;T;True;3
1621251429000;11597358;153.929;153.949;153.939;2;T;True;3
1621251430000;11597360;153.93;153.95;153.94;1;T;True;3
1621251431000;11597361;153.93;153.95;153.94;0;T;True;3
1621251432000;11597362;153.93;153.95;153.94;0;T;True;3
1621251433000;11597363;153.93;153.95;153.94;0;T;True;3
1621251434000;11597364;153.93;153.95;153.94;0;T;True;3
1621251435000;11597365;153.93;153.95;153.94;0;T;True;3
1621251436000;11597367;153.929;153.949;153.939;1;T;True;3
1621251437000;11597368;153.929;153.949;153.939;0;T;True;3
1621251438000;11597370;153.927;153.947;153.937;1;T;True;3
1621251439000;11597371;153.927;153.947;153.937;0;T;True;3
1621251440000;11597374;153.923;153.943;153.933;2;T;True;3
1621251441000;11597375;153.923;153.943;153.933;0;T;True;3
1621251442000;11597376;153.923;153.943;153.933;0;T;True;3
1621251443000;11597377;153.923;153.943;153.933;0;T;True;3
1621251444000;11597378;153.923;153.943;153.933;0;T;True;3
1621251445000;11597379;153.923;153.943;153.933;0;T;True;3
1621251446000;11597380;153.923;153.943;153.933;0;T;True;3
1621251447000;11597385;153.921;153.941;153.931;4;T;True;3
1621251448000;11597388;153.924;153.944;153.934;2;T;True;3
1621251449000;11597389;153.924;153.944;153.934;0;T;True;3
1621251450000;11597390;153.924;153.944;153.934;0;T;True;3
1621251451000;11597391;153.924;153.944;153.934;0;T;True;3
1621251452000;11597392;153.924;153.944;153.934;0;T;True;3
1621251453000;11597394;153.925;153.945;153.935;1;T;True;3
1621251454000;11597395;153.925;153.945;153.935;0;T;True;3
1621251455000;11597397;153.927;153.947;153.937;1;T;True;3
1621251456000;11597399;153.929;153.949;153.939;1;T;True;3
1621251457000;11597400;153.929;153.949;153.939;0;T;True;3
1621251458000;11597401;153.929;153.949;153.939;0;T;True;3
1621251459000;11597402;153.929;153.949;153.939;0;T;True;3
1621251460000;11597403;153.929;153.949;153.939;0;T;True;3
1621251461000;11597404;153.929;153.949;153.939;0;T;True;3
1621251462000;11597405;153.929;153.949;153.939;0;T;True;3
1621251463000;11597406;153.929;153.949;153.939;0;T;True;3
1621251464000;11597407;153.929;153.949;153.939;0;T;True;3
1621251465000;11597408;153.929;153.949;153.939;0;T;True;3
1621251466000;11597411;153.927;153.947;153.937;2;T;True;3
1621251467000;11597413;153.929;153.949;153.939;1;T;True;3
1621251468000;11597414;153.929;153.949;153.939;0;T;True;3
1621251469000;11597416;153.927;153.947;153.937;1;T;True;3
1621251470000;11597419;153.927;153.947;153.937;2;T;True;3
1621251471000;11597421;153.928;153.948;153.938;1;T;True;3
1621251472000;11597422;153.928;153.948;153.938;0;T;True;3
1621251473000;11597424;153.929;153.949;153.939;1;T;True;3
1621251474000;11597427;153.927;153.947;153.937;2;T;True;3
1621251475000;11597428;153.927;153.947;153.937;0;T;True;3
1621251476000;11597430;153.928;153.948;153.938;1;T;True;3
1621251477000;11597431;153.928;153.948;153.938;0;T;True;3
1621251478000;11597432;153.928;153.948;153.938;0;T;True;3
1621251479000;11597433;153.928;153.948;153.938;0;T;True;3
1621251480000;11597434;153.928;153.948;153.938;0;T;True;3
1621251481000;11597435;153.928;153.948;153.938;0;T;True;3
1621251482000;11597436;153.928;153.948;153.938;0;T;True;3
1621251483000;11597439;153.931;153.951;153.941;2;T;True;3
1621251484000;11597440;153.931;153.951;153.941;0;T;True;3
1621251485000;11597441;153.931;153.951;153.941;0;T;True;3
1621251486000;11597442;153.931;153.951;153.941;0;T;True;3
1621251487000;11597443;153.931;153.951;153.941;0;T;True;3
1621251488000;11597444;153.931;153.951;153.941;0;T;True;3
1621251489000;11597445;153.931;153.951;153.941;0;T;True;3
1621251490000;11597447;153.93;153.95;153.94;1;T;True;3
1621251491000;11597449;153.931;153.951;153.941;1;T;True;3
1621251492000;11597450;153.931;153.951;153.941;0;T;True;3
1621251493000;11597451;153.931;153.951;153.941;0;T;True;3
1621251494000;11597453;153.93;153.95;153.94;1;T;True;3
1621251495000;11597458;153.926;153.946;153.936;4;T;True;3
1621251496000;11597462;153.928;153.948;153.938;3;T;True;3
1621251497000;11597463;153.928;153.948;153.938;0;T;True;3
1621251498000;11597465;153.929;153.949;153.939;1;T;True;3
1621251499000;11597466;153.929;153.949;153.939;0;T;True;3
1621251500000;11597468;153.928;153.948;153.938;1;T;True;3
1621251501000;11597469;153.928;153.948;153.938;0;T;True;3
1621251502000;11597470;153.928;153.948;153.938;0;T;True;3
1621251503000;11597471;153.928;153.948;153.938;0;T;True;3
1621251504000;11597474;153.93;153.95;153.94;2;T;True;3
1621251505000;11597475;153.93;153.95;153.94;0;T;True;3
1621251506000;11597476;153.93;153.95;153.94;0;T;True;3
1621251507000;11597477;153.93;153.95;153.94;0;T;True;3
1621251508000;11597478;153.93;153.95;153.94;0;T;True;3
1621251509000;11597479;153.93;153.95;153.94;0;T;True;3
1621251510000;11597480;153.93;153.95;153.94;0;T;True;3
1621251511000;11597481;153.93;153.95;153.94;0;T;True;3
1621251512000;11597482;153.93;153.95;153.94;0;T;True;3
1621251513000;11597486;153.925;153.945;153.935;3;T;True;3
1621251514000;11597487;153.925;153.945;153.935;0;T;True;3
1621251515000;11597488;153.925;153.945;153.935;0;T;True;3
1621251516000;11597489;153.925;153.945;153.935;0;T;True;3
1621251517000;11597493;153.917;153.937;153.927;3;T;True;3
1621251518000;11597495;153.919;153.939;153.929;1;T;True;3
1621251519000;11597496;153.919;153.939;153.929;0;T;True;3
1621251520000;11597497;153.919;153.939;153.929;0;T;True;3
1621251521000;11597498;153.919;153.939;153.929;0;T;True;3
1621251522000;11597499;153.919;153.939;153.929;0;T;True;3
1621251523000;11597500;153.919;153.939;153.929;0;T;True;3
1621251524000;11597501;153.919;153.939;153.929;0;T;True;3
1621251525000;11597502;153.919;153.939;153.929;0;T;True;3
1621251526000;11597503;153.919;153.939;153.929;0;T;True;3
1621251527000;11597504;153.919;153.939;153.929;0;T;True;3
1621251528000;11597506;153.923;153.943;153.933;1;T;True;3
1621251529000;11597507;153.923;153.943;153.933;0;T;True;3
1621251530000;11597508;153.923;153.943;153.933;0;T;True;3
1621251531000;11597509;153.923;153.943;153.933;0;T;True;3
1621251532000;11597510;153.923;153.943;153.933;0;T;True;3
1621251533000;11597511;153.923;153.943;153.933;0;T;True;3
1621251534000;11597512;153.923;153.943;153.933;0;T;True;3
1621251535000;11597513;153.923;153.943;153.933;0;T;True;3
1621251536000;11597514;153.923;153.943;153.933;0;T;True;3
1621251537000;11597515;153.923;153.943;153.933;0;T;True;3
1621251538000;11597517;153.919;153.939;153.929;1;T;True;3
1621251539000;11597518;153.919;153.939;153.929;0;T;True;3
1621251540000;11597519;153.919;153.939;153.929;0;T;True;3
1621251541000;11597520;153.919;153.939;153.929;0;T;True;3
1621251542000;11597522;153.917;153.937;153.927;1;T;True;3
1621251543000;11597525;153.919;153.939;153.929;2;T;True;3
1621251544000;11597531;153.916;153.936;153.926;5;T;True;3
1621251545000;11597533;153.917;153.937;153.927;1;T;True;3
1621251546000;11597534;153.917;153.937;153.927;0;T;True;3
1621251547000;11597536;153.919;153.939;153.929;1;T;True;3
1621251548000;11597537;153.919;153.939;153.929;0;T;True;3
1621251549000;11597538;153.919;153.939;153.929;0;T;True;3
1621251550000;11597539;153.919;153.939;153.929;0;T;True;3
1621251551000;11597540;153.919;153.939;153.929;0;T;True;3
1621251552000;11597543;153.913;153.933;153.923;2;T;True;3
1621251553000;11597544;153.913;153.933;153.923;0;T;True;3
1621251554000;11597545;153.913;153.933;153.923;0;T;True;3
1621251555000;11597546;153.913;153.933;153.923;0;T;True;3
1621251556000;11597547;153.913;153.933;153.923;0;T;True;3
1621251557000;11597549;153.911;153.931;153.921;1;T;True;3
1621251558000;11597550;153.911;153.931;153.921;0;T;True;3
1621251559000;11597551;153.911;153.931;153.921;0;T;True;3
1621251560000;11597552;153.911;153.931;153.921;0;T;True;3
1621251561000;11597553;153.911;153.931;153.921;0;T;True;3
1621251562000;11597554;153.911;153.931;153.921;0;T;True;3
1621251563000;11597555;153.911;153.931;153.921;0;T;True;3
1621251564000;11597556;153.911;153.931;153.921;0;T;True;3
1621251565000;11597557;153.911;153.931;153.921;0;T;True;3
1621251566000;11597558;153.911;153.931;153.921;0;T;True;3
1621251567000;11597559;153.911;153.931;153.921;0;T;True;3
1621251568000;11597561;153.909;153.929;153.919;1;T;True;3
1621251569000;11597562;153.909;153.929;153.919;0;T;True;3
1621251570000;11597563;153.909;153.929;153.919;0;T;True;3
1621251571000;11597564;153.909;153.929;153.919;0;T;True;3
1621251572000;11597565;153.909;153.929;153.919;0;T;True;3
1621251573000;11597566;153.909;153.929;153.919;0;T;True;3
1621251574000;11597567;153.909;153.929;153.919;0;T;True;3
1621251575000;11597569;153.907;153.927;153.917;1;T;True;3
1621251576000;11597570;153.907;153.927;153.917;0;T;True;3
1621251577000;11597572;153.909;153.929;153.919;1;T;True;3
1621251578000;11597573;153.909;153.929;153.919;0;T;True;3
1621251579000;11597574;153.909;153.929;153.919;0;T;True;3
1621251580000;11597576;153.911;153.931;153.921;1;T;True;3
1621251581000;11597577;153.911;153.931;153.921;0;T;True;3
1621251582000;11597578;153.911;153.931;153.921;0;T;True;3
1621251583000;11597579;153.911;153.931;153.921;0;T;True;3
1621251584000;11597580;153.911;153.931;153.921;0;T;True;3
1621251585000;11597581;153.911;153.931;153.921;0;T;True;3
1621251586000;11597582;153.911;153.931;153.921;0;T;True;3
1621251587000;11597583;153.911;153.931;153.921;0;T;True;3
1621251588000;11597584;153.911;153.931;153.921;0;T;True;3
1621251589000;11597585;153.911;153.931;153.921;0;T;True;3
1621251590000;11597588;153.913;153.933;153.923;2;T;True;3
1621251591000;11597590;153.914;153.934;153.924;1;T;True;3
1621251592000;11597593;153.914;153.934;153.924;2;T;True;3
1621251593000;11597594;153.914;153.934;153.924;0;T;True;3
1621251594000;11597597;153.921;153.941;153.931;2;T;True;3
1621251595000;11597598;153.921;153.941;153.931;0;T;True;3
1621251596000;11597599;153.921;153.941;153.931;0;T;True;3
1621251597000;11597600;153.921;153.941;153.931;0;T;True;3
1621251598000;11597601;153.921;153.941;153.931;0;T;True;3
1621251599000;11597602;153.921;153.941;153.931;0;T;True;3
1621251600000;11597603;153.921;153.941;153.931;0;T;True;3
1621251601000;11597605;153.923;153.943;153.933;1;T;True;3
1621251602000;11597607;153.925;153.945;153.935;1;T;True;3
1621251603000;11597608;153.925;153.945;153.935;0;T;True;3
1621251604000;11597609;153.925;153.945;153.935;0;T;True;3
1621251605000;11597610;153.925;153.945;153.935;0;T;True;3
1621251606000;11597611;153.925;153.945;153.935;0;T;True;3
1621251607000;11597614;153.929;153.949;153.939;2;T;True;3
1621251608000;11597615;153.929;153.949;153.939;0;T;True;3
1621251609000;11597617;153.93;153.95;153.94;1;T;True;3
1621251610000;11597619;153.929;153.949;153.939;1;T;True;3
1621251611000;11597621;153.927;153.947;153.937;1;T;True;3
1621251612000;11597622;153.927;153.947;153.937;0;T;True;3
1621251613000;11597623;153.927;153.947;153.937;0;T;True;3
1621251614000;11597624;153.927;153.947;153.937;0;T;True;3
1621251615000;11597627;153.928;153.948;153.938;2;T;True;3
1621251616000;11597628;153.928;153.948;153.938;0;T;True;3
1621251617000;11597629;153.928;153.948;153.938;0;T;True;3
1621251618000;11597632;153.923;153.943;153.933;2;T;True;3
1621251619000;11597636;153.916;153.936;153.926;3;T;True;3
1621251620000;11597640;153.909;153.929;153.919;3;T;True;3
1621251621000;11597645;153.9;153.92;153.91;4;T;True;3
1621251622000;11597650;153.897;153.917;153.907;4;T;True;3
1621251623000;11597651;153.897;153.917;153.907;0;T;True;3
1621251624000;11597655;153.895;153.915;153.905;3;T;True;3
1621251625000;11597657;153.893;153.913;153.903;1;T;True;3
1621251626000;11597659;153.892;153.912;153.902;1;T;True;3
1621251627000;11597660;153.892;153.912;153.902;0;T;True;3
1621251628000;11597661;153.892;153.912;153.902;0;T;True;3
1621251629000;11597662;153.892;153.912;153.902;0;T;True;3
1621251630000;11597663;153.892;153.912;153.902;0;T;True;3
1621251631000;11597664;153.892;153.912;153.902;0;T;True;3
1621251632000;11597667;153.889;153.909;153.899;2;T;True;3
1621251633000;11597669;153.891;153.911;153.901;1;T;True;3
1621251634000;11597670;153.891;153.911;153.901;0;T;True;3
1621251635000;11597672;153.889;153.909;153.899;1;T;True;3
1621251636000;11597675;153.889;153.909;153.899;2;T;True;3
1621251637000;11597676;153.889;153.909;153.899;0;T;True;3
1621251638000;11597679;153.885;153.905;153.895;2;T;True;3
1621251639000;11597681;153.884;153.904;153.894;1;T;True;3
1621251640000;11597682;153.884;153.904;153.894;0;T;True;3
1621251641000;11597684;153.882;153.902;153.892;1;T;True;3
1621251642000;11597688;153.884;153.904;153.894;3;T;True;3
1621251643000;11597690;153.883;153.903;153.893;1;T;True;3
1621251644000;11597692;153.885;153.905;153.895;1;T;True;3
1621251645000;11597693;153.885;153.905;153.895;0;T;True;3
1621251646000;11597694;153.885;153.905;153.895;0;T;True;3
1621251647000;11597695;153.885;153.905;153.895;0;T;True;3
1621251648000;11597696;153.885;153.905;153.895;0;T;True;3
1621251649000;11597701;153.881;153.901;153.891;4;T;True;3
1621251650000;11597702;153.881;153.901;153.891;0;T;True;3
1621251651000;11597703;153.881;153.901;153.891;0;T;True;3
1621251652000;11597705;153.883;153.903;153.893;1;T;True;3
1621251653000;11597706;153.883;153.903;153.893;0;T;True;3
1621251654000;11597708;153.885;153.905;153.895;1;T;True;3
1621251655000;11597709;153.885;153.905;153.895;0;T;True;3
1621251656000;11597710;153.885;153.905;153.895;0;T;True;3
1621251657000;11597711;153.885;153.905;153.895;0;T;True;3
1621251658000;11597712;153.885;153.905;153.895;0;T;True;3
1621251659000;11597713;153.885;153.905;153.895;0;T;True;3
1621251660000;11597714;153.885;153.905;153.895;0;T;True;3
1621251661000;11597715;153.885;153.905;153.895;0;T;True;3
1621251662000;11597716;153.885;153.905;153.895;0;T;True;3
1621251663000;11597717;153.885;153.905;153.895;0;T;True;3
1621251664000;11597719;153.883;153.903;153.893;1;T;True;3
1621251665000;11597720;153.883;153.903;153.893;0;T;True;3
1621251666000;11597721;153.883;153.903;153.893;0;T;True;3
1621251667000;11597724;153.881;153.901;153.891;2;T;True;3
1621251668000;11597725;153.881;153.901;153.891;0;T;True;3
1621251669000;11597726;153.881;153.901;153.891;0;T;True;3
1621251670000;11597727;153.881;153.901;153.891;0;T;True;3
1621251671000;11597728;153.881;153.901;153.891;0;T;True;3
1621251672000;11597729;153.881;153.901;153.891;0;T;True;3
1621251673000;11597730;153.881;153.901;153.891;0;T;True;3
1621251674000;11597732;153.88;153.9;153.89;1;T;True;3
1621251675000;11597735;153.878;153.898;153.888;2;T;True;3
1621251676000;11597737;153.877;153.897;153.887;1;T;True;3
1621251677000;11597740;153.877;153.897;153.887;2;T;True;3
1621251678000;11597744;153.868;153.888;153.878;3;T;True;3
1621251679000;11597746;153.869;153.889;153.879;1;T;True;3
1621251680000;11597748;153.868;153.888;153.878;1;T;True;3
1621251681000;11597750;153.869;153.889;153.879;1;T;True;3
1621251682000;11597752;153.867;153.887;153.877;1;T;True;3
1621251683000;11597754;153.869;153.889;153.879;1;T;True;3
1621251684000;11597755;153.869;153.889;153.879;0;T;True;3
1621251685000;11597756;153.869;153.889;153.879;0;T;True;3
1621251686000;11597757;153.869;153.889;153.879;0;T;True;3
1621251687000;11597759;153.871;153.891;153.881;1;T;True;3
1621251688000;11597760;153.871;153.891;153.881;0;T;True;3
1621251689000;11597761;153.871;153.891;153.881;0;T;True;3
1621251690000;11597763;153.872;153.892;153.882;1;T;True;3
1621251691000;11597766;153.875;153.895;153.885;2;T;True;3
1621251692000;11597767;153.875;153.895;153.885;0;T;True;3
1621251693000;11597769;153.873;153.893;153.883;1;T;True;3
1621251694000;11597771;153.871;153.891;153.881;1;T;True;3
1621251695000;11597778;153.861;153.881;153.871;6;T;True;3
1621251696000;11597779;153.861;153.881;153.871;0;T;True;3
1621251697000;11597781;153.862;153.882;153.872;1;T;True;3
1621251698000;11597783;153.861;153.881;153.871;1;T;True;3
1621251699000;11597784;153.861;153.881;153.871;0;T;True;3
1621251700000;11597788;153.86;153.88;153.87;3;T;True;3
1621251701000;11597791;153.857;153.877;153.867;2;T;True;3
1621251702000;11597792;153.857;153.877;153.867;0;T;True;3
1621251703000;11597793;153.857;153.877;153.867;0;T;True;3
1621251704000;11597794;153.857;153.877;153.867;0;T;True;3
1621251705000;11597795;153.857;153.877;153.867;0;T;True;3
1621251706000;11597797;153.856;153.876;153.866;1;T;True;3
1621251707000;11597801;153.855;153.875;153.865;3;T;True;3
1621251708000;11597803;153.857;153.877;153.867;1;T;True;3
1621251709000;11597807;153.859;153.879;153.869;3;T;True;3
1621251710000;11597812;153.865;153.885;153.875;4;T;True;3
1621251711000;11597813;153.865;153.885;153.875;0;T;True;3
1621251712000;11597814;153.865;153.885;153.875;0;T;True;3
1621251713000;11597816;153.866;153.886;153.876;1;T;True;3
1621251714000;11597820;153.861;153.881;153.871;3;T;True;3
1621251715000;11597821;153.861;153.881;153.871;0;T;True;3
1621251716000;11597822;153.861;153.881;153.871;0;T;True;3
1621251717000;11597823;153.861;153.881;153.871;0;T;True;3
1621251718000;11597824;153.861;153.881;153.871;0;T;True;3
1621251719000;11597827;153.855;153.875;153.865;2;T;True;3
1621251720000;11597828;153.855;153.875;153.865;0;T;True;3
1621251721000;11597830;153.857;153.877;153.867;1;T;True;3
1621251722000;11597831;153.857;153.877;153.867;0;T;True;3
1621251723000;11597837;153.865;153.885;153.875;5;T;True;3
1621251724000;11597839;153.863;153.883;153.873;1;T;True;3
1621251725000;11597841;153.861;153.881;153.871;1;T;True;3
1621251726000;11597842;153.861;153.881;153.871;0;T;True;3
1621251727000;11597843;153.861;153.881;153.871;0;T;True;3
1621251728000;11597846;153.867;153.887;153.877;2;T;True;3
1621251729000;11597847;153.867;153.887;153.877;0;T;True;3
1621251730000;11597848;153.867;153.887;153.877;0;T;True;3
1621251731000;11597849;153.867;153.887;153.877;0;T;True;3
1621251732000;11597850;153.867;153.887;153.877;0;T;True;3
1621251733000;11597853;153.865;153.885;153.875;2;T;True;3
1621251734000;11597855;153.864;153.884;153.874;1;T;True;3
1621251735000;11597856;153.864;153.884;153.874;0;T;True;3
1621251736000;11597857;153.864;153.884;153.874;0;T;True;3
1621251737000;11597860;153.86;153.88;153.87;2;T;True;3
1621251738000;11597861;153.86;153.88;153.87;0;T;True;3
1621251739000;11597864;153.861;153.881;153.871;2;T;True;3
1621251740000;11597868;153.854;153.874;153.864;3;T;True;3
1621251741000;11597869;153.854;153.874;153.864;0;T;True;3
1621251742000;11597870;153.854;153.874;153.864;0;T;True;3
1621251743000;11597871;153.854;153.874;153.864;0;T;True;3
1621251744000;11597874;153.855;153.875;153.865;2;T;True;3
1621251745000;11597875;153.855;153.875;153.865;0;T;True;3
1621251746000;11597877;153.854;153.874;153.864;1;T;True;3
1621251747000;11597879;153.856;153.876;153.866;1;T;True;3
1621251748000;11597883;153.858;153.878;153.868;3;T;True;3
1621251749000;11597884;153.858;153.878;153.868;0;T;True;3
1621251750000;11597887;153.854;153.874;153.864;2;T;True;3
1621251751000;11597890;153.853;153.873;153.863;2;T;True;3
1621251752000;11597893;153.853;153.873;153.863;2;T;True;3
1621251753000;11597894;153.853;153.873;153.863;0;T;True;3
1621251754000;11597895;153.853;153.873;153.863;0;T;True;3
1621251755000;11597896;153.853;153.873;153.863;0;T;True;3
1621251756000;11597898;153.855;153.875;153.865;1;T;True;3
1621251757000;11597900;153.853;153.873;153.863;1;T;True;3
1621251758000;11597901;153.853;153.873;153.863;0;T;True;3
1621251759000;11597902;153.853;153.873;153.863;0;T;True;3
1621251760000;11597903;153.853;153.873;153.863;0;T;True;3
1621251761000;11597904;153.853;153.873;153.863;0;T;True;3
1621251762000;11597905;153.853;153.873;153.863;0;T;True;3
1621251763000;11597906;153.853;153.873;153.863;0;T;True;3
1621251764000;11597909;153.856;153.876;153.866;2;T;True;3
1621251765000;11597910;153.856;153.876;153.866;0;T;True;3
1621251766000;11597911;153.856;153.876;153.866;0;T;True;3
1621251767000;11597912;153.856;153.876;153.866;0;T;True;3
1621251768000;11597915;153.859;153.879;153.869;2;T;True;3
1621251769000;11597916;153.859;153.879;153.869;0;T;True;3
1621251770000;11597917;153.859;153.879;153.869;0;T;True;3
1621251771000;11597918;153.859;153.879;153.869;0;T;True;3
1621251772000;11597919;153.859;153.879;153.869;0;T;True;3
1621251773000;11597920;153.859;153.879;153.869;0;T;True;3
1621251774000;11597921;153.859;153.879;153.869;0;T;True;3
1621251775000;11597922;153.859;153.879;153.869;0;T;True;3
1621251776000;11597925;153.861;153.881;153.871;2;T;True;3
1621251777000;11597926;153.861;153.881;153.871;0;T;True;3
1621251778000;11597928;153.859;153.879;153.869;1;T;True;3
1621251779000;11597929;153.859;153.879;153.869;0;T;True;3
1621251780000;11597930;153.859;153.879;153.869;0;T;True;3
1621251781000;11597931;153.859;153.879;153.869;0;T;True;3
1621251782000;11597932;153.859;153.879;153.869;0;T;True;3
1621251783000;11597935;153.861;153.881;153.871;2;T;True;3
1621251784000;11597936;153.861;153.881;153.871;0;T;True;3
1621251785000;11597937;153.861;153.881;153.871;0;T;True;3
1621251786000;11597939;153.859;153.879;153.869;1;T;True;3
1621251787000;11597941;153.861;153.881;153.871;1;T;True;3
1621251788000;11597942;153.861;153.881;153.871;0;T;True;3
1621251789000;11597943;153.861;153.881;153.871;0;T;True;3
1621251790000;11597944;153.861;153.881;153.871;0;T;True;3
1621251791000;11597949;153.857;153.877;153.867;4;T;True;3
1621251792000;11597950;153.857;153.877;153.867;0;T;True;3
1621251793000;11597951;153.857;153.877;153.867;0;T;True;3
1621251794000;11597953;153.855;153.875;153.865;1;T;True;3
1621251795000;11597955;153.853;153.873;153.863;1;T;True;3
1621251796000;11597956;153.853;153.873;153.863;0;T;True;3
1621251797000;11597957;153.853;153.873;153.863;0;T;True;3
1621251798000;11597958;153.853;153.873;153.863;0;T;True;3
1621251799000;11597959;153.853;153.873;153.863;0;T;True;3
1621251800000;11597960;153.853;153.873;153.863;0;T;True;3
1621251801000;11597961;153.853;153.873;153.863;0;T;True;3
1621251802000;11597963;153.851;153.871;153.861;1;T;True;3
1621251803000;11597966;153.855;153.875;153.865;2;T;True;3
1621251804000;11597967;153.855;153.875;153.865;0;T;True;3
1621251805000;11597969;153.857;153.877;153.867;1;T;True;3
1621251806000;11597971;153.861;153.881;153.871;1;T;True;3
1621251807000;11597973;153.863;153.883;153.873;1;T;True;3
1621251808000;11597974;153.863;153.883;153.873;0;T;True;3
1621251809000;11597977;153.863;153.883;153.873;2;T;True;3
1621251810000;11597979;153.861;153.881;153.871;1;T;True;3
1621251811000;11597980;153.861;153.881;153.871;0;T;True;3
1621251812000;11597981;153.861;153.881;153.871;0;T;True;3
1621251813000;11597982;153.861;153.881;153.871;0;T;True;3
1621251814000;11597983;153.861;153.881;153.871;0;T;True;3
1621251815000;11597985;153.859;153.879;153.869;1;T;True;3
1621251816000;11597986;153.859;153.879;153.869;0;T;True;3
1621251817000;11597987;153.859;153.879;153.869;0;T;True;3
1621251818000;11597988;153.859;153.879;153.869;0;T;True;3
1621251819000;11597989;153.859;153.879;153.869;0;T;True;3
1621251820000;11597992;153.857;153.877;153.867;2;T;True;3
1621251821000;11597994;153.855;153.875;153.865;1;T;True;3
1621251822000;11597996;153.857;153.877;153.867;1;T;True;3
1621251823000;11597997;153.857;153.877;153.867;0;T;True;3
1621251824000;11597998;153.857;153.877;153.867;0;T;True;3
1621251825000;11597999;153.857;153.877;153.867;0;T;True;3
1621251826000;11598001;153.859;153.879;153.869;1;T;True;3
1621251827000;11598004;153.861;153.881;153.871;2;T;True;3
1621251828000;11598006;153.859;153.879;153.869;1;T;True;3
1621251829000;11598010;153.859;153.879;153.869;3;T;True;3
1621251830000;11598011;153.859;153.879;153.869;0;T;True;3
1621251831000;11598012;153.859;153.879;153.869;0;T;True;3
1621251832000;11598013;153.859;153.879;153.869;0;T;True;3
1621251833000;11598015;153.862;153.882;153.872;1;T;True;3
1621251834000;11598016;153.862;153.882;153.872;0;T;True;3
1621251835000;11598018;153.861;153.881;153.871;1;T;True;3
1621251836000;11598019;153.861;153.881;153.871;0;T;True;3
1621251837000;11598020;153.861;153.881;153.871;0;T;True;3
1621251838000;11598021;153.861;153.881;153.871;0;T;True;3
1621251839000;11598026;153.853;153.873;153.863;4;T;True;3
1621251840000;11598027;153.853;153.873;153.863;0;T;True;3
1621251841000;11598030;153.853;153.873;153.863;2;T;True;3
1621251842000;11598033;153.85;153.87;153.86;2;T;True;3
1621251843000;11598034;153.85;153.87;153.86;0;T;True;3
1621251844000;11598035;153.85;153.87;153.86;0;T;True;3
1621251845000;11598036;153.85;153.87;153.86;0;T;True;3
1621251846000;11598037;153.85;153.87;153.86;0;T;True;3
1621251847000;11598040;153.847;153.867;153.857;2;T;True;3
1621251848000;11598041;153.847;153.867;153.857;0;T;True;3
1621251849000;11598043;153.844;153.864;153.854;1;T;True;3
1621251850000;11598044;153.844;153.864;153.854;0;T;True;3
1621251851000;11598045;153.844;153.864;153.854;0;T;True;3
1621251852000;11598047;153.843;153.863;153.853;1;T;True;3
1621251853000;11598048;153.843;153.863;153.853;0;T;True;3
1621251854000;11598049;153.843;153.863;153.853;0;T;True;3
1621251855000;11598050;153.843;153.863;153.853;0;T;True;3
1621251856000;11598051;153.843;153.863;153.853;0;T;True;3
1621251857000;11598052;153.843;153.863;153.853;0;T;True;3
1621251858000;11598053;153.843;153.863;153.853;0;T;True;3
1621251859000;11598055;153.841;153.861;153.851;1;T;True;3
1621251860000;11598057;153.843;153.863;153.853;1;T;True;3
1621251861000;11598058;153.843;153.863;153.853;0;T;True;3
1621251862000;11598059;153.843;153.863;153.853;0;T;True;3
1621251863000;11598061;153.841;153.861;153.851;1;T;True;3
1621251864000;11598062;153.841;153.861;153.851;0;T;True;3
1621251865000;11598063;153.841;153.861;153.851;0;T;True;3
1621251866000;11598067;153.835;153.855;153.845;3;T;True;3
1621251867000;11598070;153.836;153.856;153.846;2;T;True;3
1621251868000;11598071;153.836;153.856;153.846;0;T;True;3
1621251869000;11598073;153.838;153.858;153.848;1;T;True;3
1621251870000;11598074;153.838;153.858;153.848;0;T;True;3
1621251871000;11598076;153.839;153.859;153.849;1;T;True;3
1621251872000;11598077;153.839;153.859;153.849;0;T;True;3
1621251873000;11598078;153.839;153.859;153.849;0;T;True;3
1621251874000;11598080;153.838;153.858;153.848;1;T;True;3
1621251875000;11598081;153.838;153.858;153.848;0;T;True;3
1621251876000;11598083;153.837;153.857;153.847;1;T;True;3
1621251877000;11598086;153.843;153.863;153.853;2;T;True;3
1621251878000;11598087;153.843;153.863;153.853;0;T;True;3
1621251879000;11598089;153.845;153.865;153.855;1;T;True;3
1621251880000;11598092;153.847;153.867;153.857;2;T;True;3
1621251881000;11598093;153.847;153.867;153.857;0;T;True;3
1621251882000;11598094;153.847;153.867;153.857;0;T;True;3
1621251883000;11598095;153.847;153.867;153.857;0;T;True;3
1621251884000;11598099;153.855;153.875;153.865;3;T;True;3
1621251885000;11598100;153.855;153.875;153.865;0;T;True;3
1621251886000;11598101;153.855;153.875;153.865;0;T;True;3
1621251887000;11598102;153.855;153.875;153.865;0;T;True;3
1621251888000;11598103;153.855;153.875;153.865;0;T;True;3
1621251889000;11598106;153.856;153.876;153.866;2;T;True;3
1621251890000;11598107;153.856;153.876;153.866;0;T;True;3
1621251891000;11598109;153.857;153.877;153.867;1;T;True;3
1621251892000;11598110;153.857;153.877;153.867;0;T;True;3
1621251893000;11598112;153.859;153.879;153.869;1;T;True;3
1621251894000;11598113;153.859;153.879;153.869;0;T;True;3
1621251895000;11598115;153.865;153.885;153.875;1;T;True;3
1621251896000;11598116;153.865;153.885;153.875;0;T;True;3
1621251897000;11598117;153.865;153.885;153.875;0;T;True;3
1621251898000;11598120;153.869;153.889;153.879;2;T;True;3
1621251899000;11598121;153.869;153.889;153.879;0;T;True;3
1621251900000;11598123;153.867;153.887;153.877;1;T;True;3
1621251901000;11598125;153.865;153.885;153.875;1;T;True;3
1621251902000;11598127;153.866;153.886;153.876;1;T;True;3
1621251903000;11598129;153.865;153.885;153.875;1;T;True;3
1621251904000;11598130;153.865;153.885;153.875;0;T;True;3
1621251905000;11598131;153.865;153.885;153.875;0;T;True;3
1621251906000;11598134;153.863;153.883;153.873;2;T;True;3
1621251907000;11598136;153.865;153.885;153.875;1;T;True;3
1621251908000;11598139;153.865;153.885;153.875;2;T;True;3
1621251909000;11598141;153.867;153.887;153.877;1;T;True;3
1621251910000;11598144;153.864;153.884;153.874;2;T;True;3
1621251911000;11598145;153.864;153.884;153.874;0;T;True;3
1621251912000;11598147;153.863;153.883;153.873;1;T;True;3
1621251913000;11598148;153.863;153.883;153.873;0;T;True;3
1621251914000;11598149;153.863;153.883;153.873;0;T;True;3
1621251915000;11598153;153.859;153.879;153.869;3;T;True;3
1621251916000;11598154;153.859;153.879;153.869;0;T;True;3
1621251917000;11598156;153.857;153.877;153.867;1;T;True;3
1621251918000;11598157;153.857;153.877;153.867;0;T;True;3
1621251919000;11598159;153.856;153.876;153.866;1;T;True;3
1621251920000;11598160;153.856;153.876;153.866;0;T;True;3
1621251921000;11598161;153.856;153.876;153.866;0;T;True;3
1621251922000;11598168;153.84;153.86;153.85;6;T;True;3
1621251923000;11598171;153.84;153.86;153.85;2;T;True;3
1621251924000;11598174;153.838;153.858;153.848;2;T;True;3
1621251925000;11598177;153.84;153.86;153.85;2;T;True;3
1621251926000;11598179;153.841;153.861;153.851;1;T;True;3
1621251927000;11598180;153.841;153.861;153.851;0;T;True;3
1621251928000;11598181;153.841;153.861;153.851;0;T;True;3
1621251929000;11598185;153.835;153.855;153.845;3;T;True;3
1621251930000;11598186;153.835;153.855;153.845;0;T;True;3
1621251931000;11598188;153.834;153.854;153.844;1;T;True;3
1621251932000;11598192;153.841;153.861;153.851;3;T;True;3
1621251933000;11598193;153.841;153.861;153.851;0;T;True;3
1621251934000;11598194;153.841;153.861;153.851;0;T;True;3
1621251935000;11598195;153.841;153.861;153.851;0;T;True;3
1621251936000;11598199;153.844;153.864;153.854;3;T;True;3
1621251937000;11598200;153.844;153.864;153.854;0;T;True;3
1621251938000;11598202;153.847;153.867;153.857;1;T;True;3
1621251939000;11598205;153.844;153.864;153.854;2;T;True;3
1621251940000;11598206;153.844;153.864;153.854;0;T;True;3
1621251941000;11598208;153.843;153.863;153.853;1;T;True;3
1621251942000;11598211;153.843;153.863;153.853;2;T;True;3
1621251943000;11598212;153.843;153.863;153.853;0;T;True;3
1621251944000;11598213;153.843;153.863;153.853;0;T;True;3
1621251945000;11598214;153.843;153.863;153.853;0;T;True;3
1621251946000;11598215;153.843;153.863;153.853;0;T;True;3
1621251947000;11598217;153.844;153.864;153.854;1;T;True;3
1621251948000;11598218;153.844;153.864;153.854;0;T;True;3
1621251949000;11598219;153.844;153.864;153.854;0;T;True;3
1621251950000;11598220;153.844;153.864;153.854;0;T;True;3
1621251951000;11598221;153.844;153.864;153.854;0;T;True;3
1621251952000;11598222;153.844;153.864;153.854;0;T;True;3
1621251953000;11598225;153.844;153.864;153.854;2;T;True;3
1621251954000;11598228;153.853;153.873;153.863;2;T;True;3
1621251955000;11598229;153.853;153.873;153.863;0;T;True;3
1621251956000;11598232;153.853;153.873;153.863;2;T;True;3
1621251957000;11598234;153.855;153.875;153.865;1;T;True;3
1621251958000;11598236;153.856;153.876;153.866;1;T;True;3
1621251959000;11598237;153.856;153.876;153.866;0;T;True;3
1621251960000;11598240;153.859;153.879;153.869;2;T;True;3
1621251961000;11598244;153.857;153.877;153.867;3;T;True;3
1621251962000;11598245;153.857;153.877;153.867;0;T;True;3
1621251963000;11598246;153.857;153.877;153.867;0;T;True;3
1621251964000;11598248;153.858;153.878;153.868;1;T;True;3
1621251965000;11598249;153.858;153.878;153.868;0;T;True;3
1621251966000;11598250;153.858;153.878;153.868;0;T;True;3
1621251967000;11598251;153.858;153.878;153.868;0;T;True;3
1621251968000;11598253;153.859;153.879;153.869;1;T;True;3
1621251969000;11598254;153.859;153.879;153.869;0;T;True;3
1621251970000;11598255;153.859;153.879;153.869;0;T;True;3
1621251971000;11598256;153.859;153.879;153.869;0;T;True;3
1621251972000;11598257;153.859;153.879;153.869;0;T;True;3
1621251973000;11598261;153.861;153.881;153.871;3;T;True;3
1621251974000;11598262;153.861;153.881;153.871;0;T;True;3
1621251975000;11598263;153.861;153.881;153.871;0;T;True;3
1621251976000;11598264;153.861;153.881;153.871;0;T;True;3
1621251977000;11598265;153.861;153.881;153.871;0;T;True;3
1621251978000;11598266;153.861;153.881;153.871;0;T;True;3
1621251979000;11598267;153.861;153.881;153.871;0;T;True;3
1621251980000;11598268;153.861;153.881;153.871;0;T;True;3
1621251981000;11598269;153.861;153.881;153.871;0;T;True;3
1621251982000;11598270;153.861;153.881;153.871;0;T;True;3
1621251983000;11598271;153.861;153.881;153.871;0;T;True;3
1621251984000;11598272;153.861;153.881;153.871;0;T;True;3
1621251985000;11598274;153.859;153.879;153.869;1;T;True;3
1621251986000;11598277;153.862;153.882;153.872;2;T;True;3
1621251987000;11598278;153.862;153.882;153.872;0;T;True;3
1621251988000;11598279;153.862;153.882;153.872;0;T;True;3
1621251989000;11598280;153.862;153.882;153.872;0;T;True;3
1621251990000;11598281;153.862;153.882;153.872;0;T;True;3
1621251991000;11598284;153.861;153.881;153.871;2;T;True;3
1621251992000;11598285;153.861;153.881;153.871;0;T;True;3
1621251993000;11598286;153.861;153.881;153.871;0;T;True;3
1621251994000;11598287;153.861;153.881;153.871;0;T;True;3
1621251995000;11598289;153.862;153.882;153.872;1;T;True;3
1621251996000;11598291;153.861;153.881;153.871;1;T;True;3
1621251997000;11598292;153.861;153.881;153.871;0;T;True;3
1621251998000;11598294;153.862;153.882;153.872;1;T;True;3
1621251999000;11598295;153.862;153.882;153.872;0;T;True;3
1621252000000;11598296;153.862;153.882;153.872;0;T;True;3
1621252001000;11598300;153.859;153.879;153.869;3;T;True;3
1621252002000;11598301;153.859;153.879;153.869;0;T;True;3
1621252003000;11598302;153.859;153.879;153.869;0;T;True;3
1621252004000;11598303;153.859;153.879;153.869;0;T;True;3
1621252005000;11598306;153.86;153.88;153.87;2;T;True;3
1621252006000;11598310;153.86;153.88;153.87;3;T;True;3
1621252007000;11598311;153.86;153.88;153.87;0;T;True;3
1621252008000;11598314;153.862;153.882;153.872;2;T;True;3
1621252009000;11598317;153.863;153.883;153.873;2;T;True;3
1621252010000;11598321;153.861;153.881;153.871;3;T;True;3
1621252011000;11598322;153.861;153.881;153.871;0;T;True;3
1621252012000;11598324;153.862;153.882;153.872;1;T;True;3
1621252013000;11598325;153.862;153.882;153.872;0;T;True;3
1621252014000;11598326;153.862;153.882;153.872;0;T;True;3
1621252015000;11598327;153.862;153.882;153.872;0;T;True;3
1621252016000;11598329;153.865;153.885;153.875;1;T;True;3
1621252017000;11598331;153.863;153.883;153.873;1;T;True;3
1621252018000;11598332;153.863;153.883;153.873;0;T;True;3
1621252019000;11598333;153.863;153.883;153.873;0;T;True;3
1621252020000;11598334;153.863;153.883;153.873;0;T;True;3
1621252021000;11598338;153.859;153.879;153.869;3;T;True;3
1621252022000;11598339;153.859;153.879;153.869;0;T;True;3
1621252023000;11598341;153.86;153.88;153.87;1;T;True;3
1621252024000;11598342;153.86;153.88;153.87;0;T;True;3
1621252025000;11598343;153.86;153.88;153.87;0;T;True;3
1621252026000;11598346;153.861;153.881;153.871;2;T;True;3
1621252027000;11598347;153.861;153.881;153.871;0;T;True;3
1621252028000;11598348;153.861;153.881;153.871;0;T;True;3
1621252029000;11598351;153.864;153.884;153.874;2;T;True;3
1621252030000;11598352;153.864;153.884;153.874;0;T;True;3
1621252031000;11598353;153.864;153.884;153.874;0;T;True;3
1621252032000;11598354;153.864;153.884;153.874;0;T;True;3
1621252033000;11598358;153.869;153.889;153.879;3;T;True;3
1621252034000;11598359;153.869;153.889;153.879;0;T;True;3
1621252035000;11598363;153.871;153.891;153.881;3;T;True;3
1621252036000;11598364;153.871;153.891;153.881;0;T;True;3
1621252037000;11598365;153.871;153.891;153.881;0;T;True;3
1621252038000;11598366;153.871;153.891;153.881;0;T;True;3
1621252039000;11598367;153.871;153.891;153.881;0;T;True;3
1621252040000;11598368;153.871;153.891;153.881;0;T;True;3
1621252041000;11598375;153.875;153.895;153.885;6;T;True;3
1621252042000;11598377;153.874;153.894;153.884;1;T;True;3
1621252043000;11598379;153.873;153.893;153.883;1;T;True;3
1621252044000;11598383;153.873;153.893;153.883;3;T;True;3
1621252045000;11598387;153.869;153.889;153.879;3;T;True;3
1621252046000;11598388;153.869;153.889;153.879;0;T;True;3
1621252047000;11598389;153.869;153.889;153.879;0;T;True;3
1621252048000;11598391;153.868;153.888;153.878;1;T;True;3
1621252049000;11598394;153.865;153.885;153.875;2;T;True;3
1621252050000;11598397;153.865;153.885;153.875;2;T;True;3
1621252051000;11598399;153.863;153.883;153.873;1;T;True;3
1621252052000;11598400;153.863;153.883;153.873;0;T;True;3
1621252053000;11598401;153.863;153.883;153.873;0;T;True;3
1621252054000;11598402;153.863;153.883;153.873;0;T;True;3
1621252055000;11598407;153.856;153.876;153.866;4;T;True;3
1621252056000;11598408;153.856;153.876;153.866;0;T;True;3
1621252057000;11598410;153.857;153.877;153.867;1;T;True;3
1621252058000;11598416;153.871;153.891;153.881;5;T;True;3
1621252059000;11598417;153.871;153.891;153.881;0;T;True;3
1621252060000;11598418;153.871;153.891;153.881;0;T;True;3
1621252061000;11598423;153.869;153.889;153.879;4;T;True;3
1621252062000;11598426;153.869;153.889;153.879;2;T;True;3
1621252063000;11598428;153.871;153.891;153.881;1;T;True;3
1621252064000;11598432;153.873;153.893;153.883;3;T;True;3
1621252065000;11598436;153.874;153.894;153.884;3;T;True;3
1621252066000;11598437;153.874;153.894;153.884;0;T;True;3
1621252067000;11598440;153.874;153.894;153.884;2;T;True;3
1621252068000;11598446;153.877;153.897;153.887;5;T;True;3
1621252069000;11598447;153.877;153.897;153.887;0;T;True;3
1621252070000;11598449;153.881;153.901;153.891;1;T;True;3
1621252071000;11598450;153.881;153.901;153.891;0;T;True;3
1621252072000;11598451;153.881;153.901;153.891;0;T;True;3
1621252073000;11598457;153.875;153.895;153.885;5;T;True;3
1621252074000;11598459;153.879;153.899;153.889;1;T;True;3
1621252075000;11598461;153.877;153.897;153.887;1;T;True;3
1621252076000;11598462;153.877;153.897;153.887;0;T;True;3
1621252077000;11598465;153.877;153.897;153.887;2;T;True;3
1621252078000;11598467;153.876;153.896;153.886;1;T;True;3
1621252079000;11598468;153.876;153.896;153.886;0;T;True;3
1621252080000;11598469;153.876;153.896;153.886;0;T;True;3
1621252081000;11598471;153.875;153.895;153.885;1;T;True;3
1621252082000;11598474;153.879;153.899;153.889;2;T;True;3
1621252083000;11598477;153.877;153.897;153.887;2;T;True;3
1621252084000;11598481;153.871;153.891;153.881;3;T;True;3
1621252085000;11598486;153.873;153.893;153.883;4;T;True;3
1621252086000;11598487;153.873;153.893;153.883;0;T;True;3
1621252087000;11598488;153.873;153.893;153.883;0;T;True;3
1621252088000;11598490;153.872;153.892;153.882;1;T;True;3
1621252089000;11598492;153.873;153.893;153.883;1;T;True;3
1621252090000;11598493;153.873;153.893;153.883;0;T;True;3
1621252091000;11598494;153.873;153.893;153.883;0;T;True;3
1621252092000;11598498;153.874;153.894;153.884;3;T;True;3
1621252093000;11598500;153.875;153.895;153.885;1;T;True;3
1621252094000;11598501;153.875;153.895;153.885;0;T;True;3
1621252095000;11598502;153.875;153.895;153.885;0;T;True;3
1621252096000;11598504;153.873;153.893;153.883;1;T;True;3
1621252097000;11598508;153.875;153.895;153.885;3;T;True;3
1621252098000;11598509;153.875;153.895;153.885;0;T;True;3
1621252099000;11598511;153.873;153.893;153.883;1;T;True;3
1621252100000;11598512;153.873;153.893;153.883;0;T;True;3
1621252101000;11598514;153.875;153.895;153.885;1;T;True;3
1621252102000;11598515;153.875;153.895;153.885;0;T;True;3
1621252103000;11598517;153.878;153.898;153.888;1;T;True;3
1621252104000;11598518;153.878;153.898;153.888;0;T;True;3
1621252105000;11598520;153.879;153.899;153.889;1;T;True;3
1621252106000;11598521;153.879;153.899;153.889;0;T;True;3
1621252107000;11598522;153.879;153.899;153.889;0;T;True;3
1621252108000;11598523;153.879;153.899;153.889;0;T;True;3
1621252109000;11598524;153.879;153.899;153.889;0;T;True;3
1621252110000;11598526;153.881;153.901;153.891;1;T;True;3
1621252111000;11598529;153.882;153.902;153.892;2;T;True;3
1621252112000;11598530;153.882;153.902;153.892;0;T;True;3
1621252113000;11598531;153.882;153.902;153.892;0;T;True;3
1621252114000;11598532;153.882;153.902;153.892;0;T;True;3
1621252115000;11598533;153.882;153.902;153.892;0;T;True;3
1621252116000;11598534;153.882;153.902;153.892;0;T;True;3
1621252117000;11598536;153.883;153.903;153.893;1;T;True;3
1621252118000;11598537;153.883;153.903;153.893;0;T;True;3
1621252119000;11598542;153.883;153.903;153.893;4;T;True;3
1621252120000;11598544;153.881;153.901;153.891;1;T;True;3
1621252121000;11598547;153.881;153.901;153.891;2;T;True;3
1621252122000;11598548;153.881;153.901;153.891;0;T;True;3
1621252123000;11598549;153.881;153.901;153.891;0;T;True;3
1621252124000;11598550;153.881;153.901;153.891;0;T;True;3
1621252125000;11598552;153.88;153.9;153.89;1;T;True;3
1621252126000;11598553;153.88;153.9;153.89;0;T;True;3
1621252127000;11598554;153.88;153.9;153.89;0;T;True;3
1621252128000;11598557;153.885;153.905;153.895;2;T;True;3
1621252129000;11598558;153.885;153.905;153.895;0;T;True;3
1621252130000;11598559;153.885;153.905;153.895;0;T;True;3
1621252131000;11598561;153.883;153.903;153.893;1;T;True;3
1621252132000;11598563;153.882;153.902;153.892;1;T;True;3
1621252133000;11598564;153.882;153.902;153.892;0;T;True;3
1621252134000;11598565;153.882;153.902;153.892;0;T;True;3
1621252135000;11598567;153.883;153.903;153.893;1;T;True;3
1621252136000;11598568;153.883;153.903;153.893;0;T;True;3
1621252137000;11598569;153.883;153.903;153.893;0;T;True;3
1621252138000;11598571;153.882;153.902;153.892;1;T;True;3
1621252139000;11598572;153.882;153.902;153.892;0;T;True;3
1621252140000;11598575;153.885;153.905;153.895;2;T;True;3
1621252141000;11598578;153.883;153.903;153.893;2;T;True;3
1621252142000;11598579;153.883;153.903;153.893;0;T;True;3
1621252143000;11598580;153.883;153.903;153.893;0;T;True;3
1621252144000;11598581;153.883;153.903;153.893;0;T;True;3
1621252145000;11598582;153.883;153.903;153.893;0;T;True;3
1621252146000;11598583;153.883;153.903;153.893;0;T;True;3
1621252147000;11598584;153.883;153.903;153.893;0;T;True;3
1621252148000;11598586;153.884;153.904;153.894;1;T;True;3
1621252149000;11598587;153.884;153.904;153.894;0;T;True;3
1621252150000;11598588;153.884;153.904;153.894;0;T;True;3
1621252151000;11598589;153.884;153.904;153.894;0;T;True;3
1621252152000;11598590;153.884;153.904;153.894;0;T;True;3
1621252153000;11598591;153.884;153.904;153.894;0;T;True;3
1621252154000;11598592;153.884;153.904;153.894;0;T;True;3
1621252155000;11598593;153.884;153.904;153.894;0;T;True;3
1621252156000;11598594;153.884;153.904;153.894;0;T;True;3
1621252157000;11598595;153.884;153.904;153.894;0;T;True;3
1621252158000;11598596;153.884;153.904;153.894;0;T;True;3
1621252159000;11598597;153.884;153.904;153.894;0;T;True;3
1621252160000;11598601;153.897;153.917;153.907;3;T;True;3
1621252161000;11598606;153.891;153.911;153.901;4;T;True;3
1621252162000;11598607;153.891;153.911;153.901;0;T;True;3
1621252163000;11598609;153.89;153.91;153.9;1;T;True;3
1621252164000;11598610;153.89;153.91;153.9;0;T;True;3
1621252165000;11598611;153.89;153.91;153.9;0;T;True;3
1621252166000;11598612;153.89;153.91;153.9;0;T;True;3
1621252167000;11598614;153.889;153.909;153.899;1;T;True;3
1621252168000;11598615;153.889;153.909;153.899;0;T;True;3
1621252169000;11598616;153.889;153.909;153.899;0;T;True;3
1621252170000;11598617;153.889;153.909;153.899;0;T;True;3
1621252171000;11598618;153.889;153.909;153.899;0;T;True;3
1621252172000;11598619;153.889;153.909;153.899;0;T;True;3
1621252173000;11598620;153.889;153.909;153.899;0;T;True;3
1621252174000;11598621;153.889;153.909;153.899;0;T;True;3
1621252175000;11598622;153.889;153.909;153.899;0;T;True;3
1621252176000;11598625;153.891;153.911;153.901;2;T;True;3
1621252177000;11598626;153.891;153.911;153.901;0;T;True;3
1621252178000;11598627;153.891;153.911;153.901;0;T;True;3
1621252179000;11598629;153.893;153.913;153.903;1;T;True;3
1621252180000;11598630;153.893;153.913;153.903;0;T;True;3
1621252181000;11598631;153.893;153.913;153.903;0;T;True;3
1621252182000;11598632;153.893;153.913;153.903;0;T;True;3
1621252183000;11598633;153.893;153.913;153.903;0;T;True;3
1621252184000;11598634;153.893;153.913;153.903;0;T;True;3
1621252185000;11598635;153.893;153.913;153.903;0;T;True;3
1621252186000;11598636;153.893;153.913;153.903;0;T;True;3
1621252187000;11598637;153.893;153.913;153.903;0;T;True;3
1621252188000;11598638;153.893;153.913;153.903;0;T;True;3
1621252189000;11598639;153.893;153.913;153.903;0;T;True;3
1621252190000;11598640;153.893;153.913;153.903;0;T;True;3
1621252191000;11598645;153.881;153.901;153.891;4;T;True;3
1621252192000;11598646;153.881;153.901;153.891;0;T;True;3
1621252193000;11598648;153.88;153.9;153.89;1;T;True;3
1621252194000;11598649;153.88;153.9;153.89;0;T;True;3
1621252195000;11598652;153.877;153.897;153.887;2;T;True;3
1621252196000;11598654;153.879;153.899;153.889;1;T;True;3
1621252197000;11598655;153.879;153.899;153.889;0;T;True;3
1621252198000;11598657;153.877;153.897;153.887;1;T;True;3
1621252199000;11598658;153.877;153.897;153.887;0;T;True;3
1621252200000;11598659;153.877;153.897;153.887;0;T;True;3
1621252201000;11598660;153.877;153.897;153.887;0;T;True;3
1621252202000;11598662;153.881;153.901;153.891;1;T;True;3
1621252203000;11598664;153.879;153.899;153.889;1;T;True;3
1621252204000;11598665;153.879;153.899;153.889;0;T;True;3
1621252205000;11598666;153.879;153.899;153.889;0;T;True;3
1621252206000;11598667;153.879;153.899;153.889;0;T;True;3
1621252207000;11598668;153.879;153.899;153.889;0;T;True;3
1621252208000;11598669;153.879;153.899;153.889;0;T;True;3
1621252209000;11598670;153.879;153.899;153.889;0;T;True;3
1621252210000;11598671;153.879;153.899;153.889;0;T;True;3
1621252211000;11598674;153.882;153.902;153.892;2;T;True;3
1621252212000;11598678;153.887;153.907;153.897;3;T;True;3
1621252213000;11598679;153.887;153.907;153.897;0;T;True;3
1621252214000;11598680;153.887;153.907;153.897;0;T;True;3
1621252215000;11598681;153.887;153.907;153.897;0;T;True;3
1621252216000;11598682;153.887;153.907;153.897;0;T;True;3
1621252217000;11598683;153.887;153.907;153.897;0;T;True;3
1621252218000;11598685;153.886;153.906;153.896;1;T;True;3
1621252219000;11598690;153.893;153.913;153.903;4;T;True;3
1621252220000;11598692;153.891;153.911;153.901;1;T;True;3
1621252221000;11598693;153.891;153.911;153.901;0;T;True;3
1621252222000;11598694;153.891;153.911;153.901;0;T;True;3
1621252223000;11598695;153.891;153.911;153.901;0;T;True;3
1621252224000;11598696;153.891;153.911;153.901;0;T;True;3
1621252225000;11598697;153.891;153.911;153.901;0;T;True;3
1621252226000;11598698;153.891;153.911;153.901;0;T;True;3
1621252227000;11598701;153.891;153.911;153.901;2;T;True;3
1621252228000;11598702;153.891;153.911;153.901;0;T;True;3
1621252229000;11598703;153.891;153.911;153.901;0;T;True;3
1621252230000;11598708;153.897;153.917;153.907;4;T;True;3
1621252231000;11598709;153.897;153.917;153.907;0;T;True;3
1621252232000;11598710;153.897;153.917;153.907;0;T;True;3
1621252233000;11598711;153.897;153.917;153.907;0;T;True;3
1621252234000;11598714;153.897;153.917;153.907;2;T;True;3
1621252235000;11598717;153.9;153.92;153.91;2;T;True;3
1621252236000;11598718;153.9;153.92;153.91;0;T;True;3
1621252237000;11598719;153.9;153.92;153.91;0;T;True;3
1621252238000;11598720;153.9;153.92;153.91;0;T;True;3
1621252239000;11598721;153.9;153.92;153.91;0;T;True;3
1621252240000;11598723;153.901;153.921;153.911;1;T;True;3
1621252241000;11598726;153.901;153.921;153.911;2;T;True;3
1621252242000;11598727;153.901;153.921;153.911;0;T;True;3
1621252243000;11598730;153.899;153.919;153.909;2;T;True;3
1621252244000;11598731;153.899;153.919;153.909;0;T;True;3
1621252245000;11598732;153.899;153.919;153.909;0;T;True;3
1621252246000;11598733;153.899;153.919;153.909;0;T;True;3
1621252247000;11598736;153.897;153.917;153.907;2;T;True;3
1621252248000;11598737;153.897;153.917;153.907;0;T;True;3
1621252249000;11598738;153.897;153.917;153.907;0;T;True;3
1621252250000;11598741;153.897;153.917;153.907;2;T;True;3
1621252251000;11598742;153.897;153.917;153.907;0;T;True;3
1621252252000;11598745;153.899;153.919;153.909;2;T;True;3
1621252253000;11598746;153.899;153.919;153.909;0;T;True;3
1621252254000;11598747;153.899;153.919;153.909;0;T;True;3
1621252255000;11598748;153.899;153.919;153.909;0;T;True;3
1621252256000;11598749;153.899;153.919;153.909;0;T;True;3
1621252257000;11598750;153.899;153.919;153.909;0;T;True;3
1621252258000;11598751;153.899;153.919;153.909;0;T;True;3
1621252259000;11598754;153.903;153.923;153.913;2;T;True;3
1621252260000;11598755;153.903;153.923;153.913;0;T;True;3
1621252261000;11598756;153.903;153.923;153.913;0;T;True;3
1621252262000;11598757;153.903;153.923;153.913;0;T;True;3
1621252263000;11598761;153.903;153.923;153.913;3;T;True;3
1621252264000;11598762;153.903;153.923;153.913;0;T;True;3
1621252265000;11598767;153.895;153.915;153.905;4;T;True;3
1621252266000;11598770;153.891;153.911;153.901;2;T;True;3
1621252267000;11598773;153.891;153.911;153.901;2;T;True;3
1621252268000;11598774;153.891;153.911;153.901;0;T;True;3
1621252269000;11598775;153.891;153.911;153.901;0;T;True;3
1621252270000;11598776;153.891;153.911;153.901;0;T;True;3
1621252271000;11598777;153.891;153.911;153.901;0;T;True;3
1621252272000;11598778;153.891;153.911;153.901;0;T;True;3
1621252273000;11598779;153.891;153.911;153.901;0;T;True;3
1621252274000;11598780;153.891;153.911;153.901;0;T;True;3
1621252275000;11598783;153.894;153.914;153.904;2;T;True;3
1621252276000;11598784;153.894;153.914;153.904;0;T;True;3
1621252277000;11598787;153.895;153.915;153.905;2;T;True;3
1621252278000;11598788;153.895;153.915;153.905;0;T;True;3
1621252279000;11598792;153.891;153.911;153.901;3;T;True;3
1621252280000;11598794;153.888;153.908;153.898;1;T;True;3
1621252281000;11598798;153.889;153.909;153.899;3;T;True;3
1621252282000;11598801;153.89;153.91;153.9;2;T;True;3
1621252283000;11598804;153.89;153.91;153.9;2;T;True;3
1621252284000;11598806;153.889;153.909;153.899;1;T;True;3
1621252285000;11598808;153.891;153.911;153.901;1;T;True;3
1621252286000;11598809;153.891;153.911;153.901;0;T;True;3
1621252287000;11598810;153.891;153.911;153.901;0;T;True;3
1621252288000;11598811;153.891;153.911;153.901;0;T;True;3
1621252289000;11598812;153.891;153.911;153.901;0;T;True;3
1621252290000;11598814;153.889;153.909;153.899;1;T;True;3
1621252291000;11598816;153.888;153.908;153.898;1;T;True;3
1621252292000;11598819;153.881;153.901;153.891;2;T;True;3
1621252293000;11598820;153.881;153.901;153.891;0;T;True;3
1621252294000;11598821;153.881;153.901;153.891;0;T;True;3
1621252295000;11598822;153.881;153.901;153.891;0;T;True;3
1621252296000;11598823;153.881;153.901;153.891;0;T;True;3
1621252297000;11598824;153.881;153.901;153.891;0;T;True;3
1621252298000;11598826;153.885;153.905;153.895;1;T;True;3
1621252299000;11598829;153.891;153.911;153.901;2;T;True;3
1621252300000;11598830;153.891;153.911;153.901;0;T;True;3
1621252301000;11598832;153.889;153.909;153.899;1;T;True;3
1621252302000;11598833;153.889;153.909;153.899;0;T;True;3
1621252303000;11598835;153.888;153.908;153.898;1;T;True;3
1621252304000;11598836;153.888;153.908;153.898;0;T;True;3
1621252305000;11598837;153.888;153.908;153.898;0;T;True;3
1621252306000;11598838;153.888;153.908;153.898;0;T;True;3
1621252307000;11598839;153.888;153.908;153.898;0;T;True;3
1621252308000;11598840;153.888;153.908;153.898;0;T;True;3
1621252309000;11598841;153.888;153.908;153.898;0;T;True;3
1621252310000;11598847;153.895;153.915;153.905;5;T;True;3
1621252311000;11598848;153.895;153.915;153.905;0;T;True;3
1621252312000;11598849;153.895;153.915;153.905;0;T;True;3
1621252313000;11598850;153.895;153.915;153.905;0;T;True;3
1621252314000;11598851;153.895;153.915;153.905;0;T;True;3
1621252315000;11598852;153.895;153.915;153.905;0;T;True;3
1621252316000;11598855;153.897;153.917;153.907;2;T;True;3
1621252317000;11598856;153.897;153.917;153.907;0;T;True;3
1621252318000;11598857;153.897;153.917;153.907;0;T;True;3
1621252319000;11598858;153.897;153.917;153.907;0;T;True;3
1621252320000;11598859;153.897;153.917;153.907;0;T;True;3
1621252321000;11598860;153.897;153.917;153.907;0;T;True;3
1621252322000;11598861;153.897;153.917;153.907;0;T;True;3
1621252323000;11598862;153.897;153.917;153.907;0;T;True;3
1621252324000;11598863;153.897;153.917;153.907;0;T;True;3
1621252325000;11598869;153.892;153.912;153.902;5;T;True;3
1621252326000;11598870;153.892;153.912;153.902;0;T;True;3
1621252327000;11598871;153.892;153.912;153.902;0;T;True;3
1621252328000;11598872;153.892;153.912;153.902;0;T;True;3
1621252329000;11598875;153.896;153.916;153.906;2;T;True;3
1621252330000;11598878;153.898;153.918;153.908;2;T;True;3
1621252331000;11598879;153.898;153.918;153.908;0;T;True;3
1621252332000;11598880;153.898;153.918;153.908;0;T;True;3
1621252333000;11598884;153.895;153.915;153.905;3;T;True;3
1621252334000;11598885;153.895;153.915;153.905;0;T;True;3
1621252335000;11598886;153.895;153.915;153.905;0;T;True;3
1621252336000;11598894;153.88;153.9;153.89;7;T;True;3
1621252337000;11598897;153.877;153.897;153.887;2;T;True;3
1621252338000;11598898;153.877;153.897;153.887;0;T;True;3
1621252339000;11598900;153.875;153.895;153.885;1;T;True;3
1621252340000;11598901;153.875;153.895;153.885;0;T;True;3
1621252341000;11598906;153.869;153.889;153.879;4;T;True;3
1621252342000;11598910;153.87;153.89;153.88;3;T;True;3
1621252343000;11598913;153.872;153.892;153.882;2;T;True;3
1621252344000;11598916;153.87;153.89;153.88;2;T;True;3
1621252345000;11598918;153.871;153.891;153.881;1;T;True;3
1621252346000;11598921;153.867;153.887;153.877;2;T;True;3
1621252347000;11598925;153.863;153.883;153.873;3;T;True;3
1621252348000;11598930;153.872;153.892;153.882;4;T;True;3
1621252349000;11598933;153.873;153.893;153.883;2;T;True;3
1621252350000;11598934;153.873;153.893;153.883;0;T;True;3
1621252351000;11598936;153.875;153.895;153.885;1;T;True;3
1621252352000;11598937;153.875;153.895;153.885;0;T;True;3
1621252353000;11598939;153.873;153.893;153.883;1;T;True;3
1621252354000;11598941;153.871;153.891;153.881;1;T;True;3
1621252355000;11598942;153.871;153.891;153.881;0;T;True;3
1621252356000;11598947;153.863;153.883;153.873;4;T;True;3
1621252357000;11598950;153.858;153.878;153.868;2;T;True;3
1621252358000;11598951;153.858;153.878;153.868;0;T;True;3
1621252359000;11598952;153.858;153.878;153.868;0;T;True;3
1621252360000;11598954;153.859;153.879;153.869;1;T;True;3
1621252361000;11598956;153.857;153.877;153.867;1;T;True;3
1621252362000;11598957;153.857;153.877;153.867;0;T;True;3
1621252363000;11598958;153.857;153.877;153.867;0;T;True;3
1621252364000;11598959;153.857;153.877;153.867;0;T;True;3
1621252365000;11598968;153.861;153.881;153.871;8;T;True;3
1621252366000;11598970;153.859;153.879;153.869;1;T;True;3
1621252367000;11598971;153.859;153.879;153.869;0;T;True;3
1621252368000;11598974;153.855;153.875;153.865;2;T;True;3
1621252369000;11598977;153.857;153.877;153.867;2;T;True;3
1621252370000;11598980;153.859;153.879;153.869;2;T;True;3
1621252371000;11598981;153.859;153.879;153.869;0;T;True;3
1621252372000;11598986;153.863;153.883;153.873;4;T;True;3
1621252373000;11598987;153.863;153.883;153.873;0;T;True;3
1621252374000;11598988;153.863;153.883;153.873;0;T;True;3
1621252375000;11598990;153.861;153.881;153.871;1;T;True;3
1621252376000;11598991;153.861;153.881;153.871;0;T;True;3
1621252377000;11598992;153.861;153.881;153.871;0;T;True;3
1621252378000;11598993;153.861;153.881;153.871;0;T;True;3
1621252379000;11598994;153.861;153.881;153.871;0;T;True;3
1621252380000;11598995;153.861;153.881;153.871;0;T;True;3
1621252381000;11598996;153.861;153.881;153.871;0;T;True;3
1621252382000;11598997;153.861;153.881;153.871;0;T;True;3
1621252383000;11599001;153.863;153.883;153.873;3;T;True;3
1621252384000;11599002;153.863;153.883;153.873;0;T;True;3
1621252385000;11599003;153.863;153.883;153.873;0;T;True;3
1621252386000;11599004;153.863;153.883;153.873;0;T;True;3
1621252387000;11599006;153.862;153.882;153.872;1;T;True;3
1621252388000;11599008;153.864;153.884;153.874;1;T;True;3
1621252389000;11599009;153.864;153.884;153.874;0;T;True;3
1621252390000;11599011;153.866;153.886;153.876;1;T;True;3
1621252391000;11599015;153.873;153.893;153.883;3;T;True;3
1621252392000;11599016;153.873;153.893;153.883;0;T;True;3
1621252393000;11599017;153.873;153.893;153.883;0;T;True;3
1621252394000;11599018;153.873;153.893;153.883;0;T;True;3
1621252395000;11599019;153.873;153.893;153.883;0;T;True;3
1621252396000;11599021;153.869;153.889;153.879;1;T;True;3
1621252397000;11599024;153.871;153.891;153.881;2;T;True;3
1621252398000;11599029;153.87;153.89;153.88;4;T;True;3
1621252399000;11599030;153.87;153.89;153.88;0;T;True;3
1621252400000;11599031;153.87;153.89;153.88;0;T;True;3
1621252401000;11599034;153.867;153.887;153.877;2;T;True;3
1621252402000;11599035;153.867;153.887;153.877;0;T;True;3
1621252403000;11599037;153.865;153.885;153.875;1;T;True;3
1621252404000;11599043;153.865;153.885;153.875;5;T;True;3
1621252405000;11599045;153.866;153.886;153.876;1;T;True;3
1621252406000;11599046;153.866;153.886;153.876;0;T;True;3
1621252407000;11599047;153.866;153.886;153.876;0;T;True;3
1621252408000;11599048;153.866;153.886;153.876;0;T;True;3
1621252409000;11599049;153.866;153.886;153.876;0;T;True;3
1621252410000;11599050;153.866;153.886;153.876;0;T;True;3
1621252411000;11599052;153.865;153.885;153.875;1;T;True;3
1621252412000;11599053;153.865;153.885;153.875;0;T;True;3
1621252413000;11599054;153.865;153.885;153.875;0;T;True;3
1621252414000;11599056;153.864;153.884;153.874;1;T;True;3
1621252415000;11599057;153.864;153.884;153.874;0;T;True;3
1621252416000;11599059;153.863;153.883;153.873;1;T;True;3
1621252417000;11599061;153.865;153.885;153.875;1;T;True;3
1621252418000;11599062;153.865;153.885;153.875;0;T;True;3
1621252419000;11599065;153.865;153.885;153.875;2;T;True;3
1621252420000;11599068;153.864;153.884;153.874;2;T;True;3
1621252421000;11599071;153.867;153.887;153.877;2;T;True;3
1621252422000;11599072;153.867;153.887;153.877;0;T;True;3
1621252423000;11599073;153.867;153.887;153.877;0;T;True;3
1621252424000;11599074;153.867;153.887;153.877;0;T;True;3
1621252425000;11599075;153.867;153.887;153.877;0;T;True;3
1621252426000;11599076;153.867;153.887;153.877;0;T;True;3
1621252427000;11599077;153.867;153.887;153.877;0;T;True;3
1621252428000;11599080;153.871;153.891;153.881;2;T;True;3
1621252429000;11599082;153.874;153.894;153.884;1;T;True;3
1621252430000;11599086;153.869;153.889;153.879;3;T;True;3
1621252431000;11599087;153.869;153.889;153.879;0;T;True;3
1621252432000;11599090;153.869;153.889;153.879;2;T;True;3
1621252433000;11599091;153.869;153.889;153.879;0;T;True;3
1621252434000;11599093;153.867;153.887;153.877;1;T;True;3
1621252435000;11599094;153.867;153.887;153.877;0;T;True;3
1621252436000;11599098;153.871;153.891;153.881;3;T;True;3
1621252437000;11599099;153.871;153.891;153.881;0;T;True;3
1621252438000;11599100;153.871;153.891;153.881;0;T;True;3
1621252439000;11599101;153.871;153.891;153.881;0;T;True;3
1621252440000;11599105;153.865;153.885;153.875;3;T;True;3
1621252441000;11599106;153.865;153.885;153.875;0;T;True;3
1621252442000;11599109;153.865;153.885;153.875;2;T;True;3
1621252443000;11599110;153.865;153.885;153.875;0;T;True;3
1621252444000;11599114;153.871;153.891;153.881;3;T;True;3
1621252445000;11599115;153.871;153.891;153.881;0;T;True;3
1621252446000;11599116;153.871;153.891;153.881;0;T;True;3
1621252447000;11599117;153.871;153.891;153.881;0;T;True;3
1621252448000;11599118;153.871;153.891;153.881;0;T;True;3
1621252449000;11599119;153.871;153.891;153.881;0;T;True;3
1621252450000;11599120;153.871;153.891;153.881;0;T;True;3
1621252451000;11599121;153.871;153.891;153.881;0;T;True;3
1621252452000;11599122;153.871;153.891;153.881;0;T;True;3
1621252453000;11599124;153.873;153.893;153.883;1;T;True;3
1621252454000;11599126;153.871;153.891;153.881;1;T;True;3
1621252455000;11599127;153.871;153.891;153.881;0;T;True;3
1621252456000;11599128;153.871;153.891;153.881;0;T;True;3
1621252457000;11599129;153.871;153.891;153.881;0;T;True;3
1621252458000;11599130;153.871;153.891;153.881;0;T;True;3
1621252459000;11599131;153.871;153.891;153.881;0;T;True;3
1621252460000;11599132;153.871;153.891;153.881;0;T;True;3
1621252461000;11599133;153.871;153.891;153.881;0;T;True;3
1621252462000;11599135;153.869;153.889;153.879;1;T;True;3
1621252463000;11599136;153.869;153.889;153.879;0;T;True;3
1621252464000;11599137;153.869;153.889;153.879;0;T;True;3
1621252465000;11599138;153.869;153.889;153.879;0;T;True;3
1621252466000;11599143;153.883;153.903;153.893;4;T;True;3
1621252467000;11599146;153.883;153.903;153.893;2;T;True;3
1621252468000;11599147;153.883;153.903;153.893;0;T;True;3
1621252469000;11599149;153.881;153.901;153.891;1;T;True;3
1621252470000;11599150;153.881;153.901;153.891;0;T;True;3
1621252471000;11599151;153.881;153.901;153.891;0;T;True;3
1621252472000;11599152;153.881;153.901;153.891;0;T;True;3
1621252473000;11599153;153.881;153.901;153.891;0;T;True;3
1621252474000;11599156;153.879;153.899;153.889;2;T;True;3
1621252475000;11599157;153.879;153.899;153.889;0;T;True;3
1621252476000;11599159;153.877;153.897;153.887;1;T;True;3
1621252477000;11599161;153.875;153.895;153.885;1;T;True;3
1621252478000;11599162;153.875;153.895;153.885;0;T;True;3
1621252479000;11599163;153.875;153.895;153.885;0;T;True;3
1621252480000;11599164;153.875;153.895;153.885;0;T;True;3
1621252481000;11599165;153.875;153.895;153.885;0;T;True;3
1621252482000;11599169;153.871;153.891;153.881;3;T;True;3
1621252483000;11599173;153.873;153.893;153.883;3;T;True;3
1621252484000;11599174;153.873;153.893;153.883;0;T;True;3
1621252485000;11599175;153.873;153.893;153.883;0;T;True;3
1621252486000;11599176;153.873;153.893;153.883;0;T;True;3
1621252487000;11599178;153.872;153.892;153.882;1;T;True;3
1621252488000;11599179;153.872;153.892;153.882;0;T;True;3
1621252489000;11599182;153.869;153.889;153.879;2;T;True;3
1621252490000;11599183;153.869;153.889;153.879;0;T;True;3
1621252491000;11599184;153.869;153.889;153.879;0;T;True;3
1621252492000;11599185;153.869;153.889;153.879;0;T;True;3
1621252493000;11599187;153.867;153.887;153.877;1;T;True;3
1621252494000;11599188;153.867;153.887;153.877;0;T;True;3
1621252495000;11599189;153.867;153.887;153.877;0;T;True;3
1621252496000;11599190;153.867;153.887;153.877;0;T;True;3
1621252497000;11599191;153.867;153.887;153.877;0;T;True;3
1621252498000;11599192;153.867;153.887;153.877;0;T;True;3
1621252499000;11599193;153.867;153.887;153.877;0;T;True;3
1621252500000;11599194;153.867;153.887;153.877;0;T;True;3
1621252501000;11599197;153.867;153.887;153.877;2;T;True;3
1621252502000;11599201;153.865;153.885;153.875;3;T;True;3
1621252503000;11599202;153.865;153.885;153.875;0;T;True;3
1621252504000;11599203;153.865;153.885;153.875;0;T;True;3
1621252505000;11599208;153.861;153.881;153.871;4;T;True;3
1621252506000;11599211;153.861;153.881;153.871;2;T;True;3
1621252507000;11599214;153.856;153.876;153.866;2;T;True;3
1621252508000;11599215;153.856;153.876;153.866;0;T;True;3
1621252509000;11599218;153.856;153.876;153.866;2;T;True;3
1621252510000;11599219;153.856;153.876;153.866;0;T;True;3
1621252511000;11599221;153.857;153.877;153.867;1;T;True;3
1621252512000;11599222;153.857;153.877;153.867;0;T;True;3
1621252513000;11599223;153.857;153.877;153.867;0;T;True;3
1621252514000;11599224;153.857;153.877;153.867;0;T;True;3
1621252515000;11599226;153.858;153.878;153.868;1;T;True;3
1621252516000;11599228;153.859;153.879;153.869;1;T;True;3
1621252517000;11599229;153.859;153.879;153.869;0;T;True;3
1621252518000;11599230;153.859;153.879;153.869;0;T;True;3
1621252519000;11599231;153.859;153.879;153.869;0;T;True;3
1621252520000;11599232;153.859;153.879;153.869;0;T;True;3
1621252521000;11599233;153.859;153.879;153.869;0;T;True;3
1621252522000;11599234;153.859;153.879;153.869;0;T;True;3
1621252523000;11599235;153.859;153.879;153.869;0;T;True;3
1621252524000;11599236;153.859;153.879;153.869;0;T;True;3
1621252525000;11599237;153.859;153.879;153.869;0;T;True;3
1621252526000;11599238;153.859;153.879;153.869;0;T;True;3
1621252527000;11599239;153.859;153.879;153.869;0;T;True;3
1621252528000;11599240;153.859;153.879;153.869;0;T;True;3
1621252529000;11599241;153.859;153.879;153.869;0;T;True;3
1621252530000;11599242;153.859;153.879;153.869;0;T;True;3
1621252531000;11599245;153.858;153.878;153.868;2;T;True;3
1621252532000;11599247;153.859;153.879;153.869;1;T;True;3
1621252533000;11599248;153.859;153.879;153.869;0;T;True;3
1621252534000;11599249;153.859;153.879;153.869;0;T;True;3
1621252535000;11599251;153.86;153.88;153.87;1;T;True;3
1621252536000;11599252;153.86;153.88;153.87;0;T;True;3
1621252537000;11599253;153.86;153.88;153.87;0;T;True;3
1621252538000;11599254;153.86;153.88;153.87;0;T;True;3
1621252539000;11599256;153.859;153.879;153.869;1;T;True;3
1621252540000;11599257;153.859;153.879;153.869;0;T;True;3
1621252541000;11599259;153.86;153.88;153.87;1;T;True;3
1621252542000;11599261;153.861;153.881;153.871;1;T;True;3
1621252543000;11599262;153.861;153.881;153.871;0;T;True;3
1621252544000;11599264;153.863;153.883;153.873;1;T;True;3
1621252545000;11599265;153.863;153.883;153.873;0;T;True;3
1621252546000;11599266;153.863;153.883;153.873;0;T;True;3
1621252547000;11599268;153.862;153.882;153.872;1;T;True;3
1621252548000;11599269;153.862;153.882;153.872;0;T;True;3
1621252549000;11599273;153.864;153.884;153.874;3;T;True;3
1621252550000;11599275;153.863;153.883;153.873;1;T;True;3
1621252551000;11599277;153.861;153.881;153.871;1;T;True;3
1621252552000;11599278;153.861;153.881;153.871;0;T;True;3
1621252553000;11599279;153.861;153.881;153.871;0;T;True;3
1621252554000;11599282;153.858;153.878;153.868;2;T;True;3
1621252555000;11599284;153.857;153.877;153.867;1;T;True;3
1621252556000;11599285;153.857;153.877;153.867;0;T;True;3
1621252557000;11599286;153.857;153.877;153.867;0;T;True;3
1621252558000;11599290;153.855;153.875;153.865;3;T;True;3
1621252559000;11599291;153.855;153.875;153.865;0;T;True;3
1621252560000;11599292;153.855;153.875;153.865;0;T;True;3
1621252561000;11599293;153.855;153.875;153.865;0;T;True;3
1621252562000;11599294;153.855;153.875;153.865;0;T;True;3
1621252563000;11599295;153.855;153.875;153.865;0;T;True;3
1621252564000;11599296;153.855;153.875;153.865;0;T;True;3
1621252565000;11599299;153.858;153.878;153.868;2;T;True;3
1621252566000;11599300;153.858;153.878;153.868;0;T;True;3
1621252567000;11599301;153.858;153.878;153.868;0;T;True;3
1621252568000;11599302;153.858;153.878;153.868;0;T;True;3
1621252569000;11599304;153.859;153.879;153.869;1;T;True;3
1621252570000;11599305;153.859;153.879;153.869;0;T;True;3
1621252571000;11599311;153.856;153.876;153.866;5;T;True;3
1621252572000;11599312;153.856;153.876;153.866;0;T;True;3
1621252573000;11599313;153.856;153.876;153.866;0;T;True;3
1621252574000;11599315;153.857;153.877;153.867;1;T;True;3
1621252575000;11599316;153.857;153.877;153.867;0;T;True;3
1621252576000;11599317;153.857;153.877;153.867;0;T;True;3
1621252577000;11599319;153.855;153.875;153.865;1;T;True;3
1621252578000;11599320;153.855;153.875;153.865;0;T;True;3
1621252579000;11599321;153.855;153.875;153.865;0;T;True;3
1621252580000;11599322;153.855;153.875;153.865;0;T;True;3
1621252581000;11599323;153.855;153.875;153.865;0;T;True;3
1621252582000;11599324;153.855;153.875;153.865;0;T;True;3
1621252583000;11599325;153.855;153.875;153.865;0;T;True;3
1621252584000;11599326;153.855;153.875;153.865;0;T;True;3
1621252585000;11599329;153.851;153.871;153.861;2;T;True;3
1621252586000;11599330;153.851;153.871;153.861;0;T;True;3
1621252587000;11599331;153.851;153.871;153.861;0;T;True;3
1621252588000;11599332;153.851;153.871;153.861;0;T;True;3
1621252589000;11599333;153.851;153.871;153.861;0;T;True;3
