ts;n;bid;ask;value;volume;phase;round;active_id
1621245462000;11587256;154.017;154.037;154.027;4;T;True;3
1621245463000;11587259;154.015;154.035;154.025;2;T;True;3
1621245464000;11587260;154.015;154.035;154.025;0;T;True;3
1621245465000;11587261;154.015;154.035;154.025;0;T;True;3
1621245466000;11587264;154.019;154.039;154.029;2;T;True;3
1621245467000;11587270;154.029;154.049;154.039;5;T;True;3
1621245468000;11587271;154.029;154.049;154.039;0;T;True;3
1621245469000;11587272;154.029;154.049;154.039;0;T;True;3
1621245470000;11587274;154.028;154.048;154.038;1;T;True;3
1621245471000;11587276;154.029;154.049;154.039;1;T;True;3
1621245472000;11587277;154.029;154.049;154.039;0;T;True;3
1621245473000;11587278;154.029;154.049;154.039;0;T;True;3
1621245474000;11587279;154.029;154.049;154.039;0;T;True;3
1621245475000;11587280;154.029;154.049;154.039;0;T;True;3
1621245476000;11587281;154.029;154.049;154.039;0;T;True;3
1621245477000;11587282;154.029;154.049;154.039;0;T;True;3
1621245478000;11587283;154.029;154.049;154.039;0;T;True;3
1621245479000;11587284;154.029;154.049;154.039;0;T;True;3
1621245480000;11587285;154.029;154.049;154.039;0;T;True;3
1621245481000;11587286;154.029;154.049;154.039;0;T;True;3
1621245482000;11587293;154.034;154.054;154.044;6;T;True;3
1621245483000;11587294;154.034;154.054;154.044;0;T;True;3
1621245484000;11587297;154.031;154.051;154.041;2;T;True;3
1621245485000;11587298;154.031;154.051;154.041;0;T;True;3
1621245486000;11587299;154.031;154.051;154.041;0;T;True;3
1621245487000;11587300;154.031;154.051;154.041;0;T;True;3
1621245488000;11587301;154.031;154.051;154.041;0;T;True;3
1621245489000;11587306;154.024;154.044;154.034;4;T;True;3
1621245490000;11587307;154.024;154.044;154.034;0;T;True;3
1621245491000;11587308;154.024;154.044;154.034;0;T;True;3
1621245492000;11587309;154.024;154.044;154.034;0;T;True;3
1621245493000;11587311;154.023;154.043;154.033;1;T;True;3
1621245494000;11587313;154.022;154.042;154.032;1;T;True;3
1621245495000;11587318;154.018;154.038;154.028;4;T;True;3
1621245496000;11587322;154.015;154.035;154.025;3;T;True;3
1621245497000;11587324;154.014;154.034;154.024;1;T;True;3
1621245498000;11587327;154.014;154.034;154.024;2;T;True;3
1621245499000;11587331;154.017;154.037;154.027;3;T;True;3
1621245500000;11587332;154.017;154.037;154.027;0;T;True;3
1621245501000;11587334;154.015;154.035;154.025;1;T;True;3
1621245502000;11587335;154.015;154.035;154.025;0;T;True;3
1621245503000;11587337;154.013;154.033;154.023;1;T;True;3
1621245504000;11587338;154.013;154.033;154.023;0;T;True;3
1621245505000;11587339;154.013;154.033;154.023;0;T;True;3
1621245506000;11587340;154.013;154.033;154.023;0;T;True;3
1621245507000;11587341;154.013;154.033;154.023;0;T;True;3
1621245508000;11587342;154.013;154.033;154.023;0;T;True;3
1621245509000;11587343;154.013;154.033;154.023;0;T;True;3
1621245510000;11587344;154.013;154.033;154.023;0;T;True;3
1621245511000;11587345;154.013;154.033;154.023;0;T;True;3
1621245512000;11587346;154.013;154.033;154.023;0;T;True;3
1621245513000;11587347;154.013;154.033;154.023;0;T;True;3
1621245514000;11587348;154.013;154.033;154.023;0;T;True;3
1621245515000;11587349;154.013;154.033;154.023;0;T;True;3
1621245516000;11587350;154.013;154.033;154.023;0;T;True;3
1621245517000;11587351;154.013;154.033;154.023;0;T;True;3
1621245518000;11587352;154.013;154.033;154.023;0;T;True;3
1621245519000;11587354;154.017;154.037;154.027;1;T;True;3
1621245520000;11587355;154.017;154.037;154.027;0;T;True;3
1621245521000;11587357;154.015;154.035;154.025;1;T;True;3
1621245522000;11587359;154.017;154.037;154.027;1;T;True;3
1621245523000;11587360;154.017;154.037;154.027;0;T;True;3
1621245524000;11587361;154.017;154.037;154.027;0;T;True;3
1621245525000;11587365;154.006;154.026;154.016;3;T;True;3
1621245526000;11587369;154.003;154.023;154.013;3;T;True;3
1621245527000;11587372;153.999;154.019;154.009;2;T;True;3
1621245528000;11587373;153.999;154.019;154.009;0;T;True;3
1621245529000;11587374;153.999;154.019;154.009;0;T;True;3
1621245530000;11587377;153.999;154.019;154.009;2;T;True;3
1621245531000;11587378;153.999;154.019;154.009;0;T;True;3
1621245532000;11587379;153.999;154.019;154.009;0;T;True;3
1621245533000;11587380;153.999;154.019;154.009;0;T;True;3
1621245534000;11587381;153.999;154.019;154.009;0;T;True;3
1621245535000;11587382;153.999;154.019;154.009;0;T;True;3
1621245536000;11587383;153.999;154.019;154.009;0;T;True;3
1621245537000;11587384;153.999;154.019;154.009;0;T;True;3
1621245538000;11587385;153.999;154.019;154.009;0;T;True;3
1621245539000;11587389;153.997;154.017;154.007;3;T;True;3
1621245540000;11587393;153.991;154.011;154.001;3;T;True;3
1621245541000;11587394;153.991;154.011;154.001;0;T;True;3
1621245542000;11587396;153.99;154.01;154.0;1;T;True;3
1621245543000;11587397;153.99;154.01;154.0;0;T;True;3
1621245544000;11587398;153.99;154.01;154.0;0;T;True;3
1621245545000;11587399;153.99;154.01;154.0;0;T;True;3
1621245546000;11587402;153.989;154.009;153.999;2;T;True;3
1621245547000;11587403;153.989;154.009;153.999;0;T;True;3
1621245548000;11587406;153.993;154.013;154.003;2;T;True;3
1621245549000;11587407;153.993;154.013;154.003;0;T;True;3
1621245550000;11587408;153.993;154.013;154.003;0;T;True;3
1621245551000;11587410;153.995;154.015;154.005;1;T;True;3
1621245552000;11587412;153.997;154.017;154.007;1;T;True;3
1621245553000;11587413;153.997;154.017;154.007;0;T;True;3
1621245554000;11587414;153.997;154.017;154.007;0;T;True;3
1621245555000;11587415;153.997;154.017;154.007;0;T;True;3
1621245556000;11587416;153.997;154.017;154.007;0;T;True;3
1621245557000;11587419;153.996;154.016;154.006;2;T;True;3
1621245558000;11587420;153.996;154.016;154.006;0;T;True;3
1621245559000;11587422;153.995;154.015;154.005;1;T;True;3
1621245560000;11587423;153.995;154.015;154.005;0;T;True;3
1621245561000;11587424;153.995;154.015;154.005;0;T;True;3
1621245562000;11587425;153.995;154.015;154.005;0;T;True;3
1621245563000;11587426;153.995;154.015;154.005;0;T;True;3
1621245564000;11587427;153.995;154.015;154.005;0;T;True;3
1621245565000;11587428;153.995;154.015;154.005;0;T;True;3
1621245566000;11587429;153.995;154.015;154.005;0;T;True;3
1621245567000;11587434;153.989;154.009;153.999;4;T;True;3
1621245568000;11587435;153.989;154.009;153.999;0;T;True;3
1621245569000;11587436;153.989;154.009;153.999;0;T;True;3
1621245570000;11587437;153.989;154.009;153.999;0;T;True;3
1621245571000;11587438;153.989;154.009;153.999;0;T;True;3
1621245572000;11587442;153.983;154.003;153.993;3;T;True;3
1621245573000;11587447;153.976;153.996;153.986;4;T;True;3
1621245574000;11587449;153.978;153.998;153.988;1;T;True;3
1621245575000;11587451;153.979;153.999;153.989;1;T;True;3
1621245576000;11587452;153.979;153.999;153.989;0;T;True;3
1621245577000;11587453;153.979;153.999;153.989;0;T;True;3
1621245578000;11587454;153.979;153.999;153.989;0;T;True;3
1621245579000;11587456;153.978;153.998;153.988;1;T;True;3
1621245580000;11587457;153.978;153.998;153.988;0;T;True;3
1621245581000;11587458;153.978;153.998;153.988;0;T;True;3
1621245582000;11587465;153.999;154.019;154.009;6;T;True;3
1621245583000;11587466;153.999;154.019;154.009;0;T;True;3
1621245584000;11587467;153.999;154.019;154.009;0;T;True;3
1621245585000;11587469;153.998;154.018;154.008;1;T;True;3
1621245586000;11587470;153.998;154.018;154.008;0;T;True;3
1621245587000;11587471;153.998;154.018;154.008;0;T;True;3
1621245588000;11587472;153.998;154.018;154.008;0;T;True;3
1621245589000;11587473;153.998;154.018;154.008;0;T;True;3
1621245590000;11587474;153.998;154.018;154.008;0;T;True;3
1621245591000;11587475;153.998;154.018;154.008;0;T;True;3
1621245592000;11587477;153.996;154.016;154.006;1;T;True;3
1621245593000;11587478;153.996;154.016;154.006;0;T;True;3
1621245594000;11587479;153.996;154.016;154.006;0;T;True;3
1621245595000;11587480;153.996;154.016;154.006;0;T;True;3
1621245596000;11587482;153.997;154.017;154.007;1;T;True;3
1621245597000;11587483;153.997;154.017;154.007;0;T;True;3
1621245598000;11587484;153.997;154.017;154.007;0;T;True;3
1621245599000;11587486;153.998;154.018;154.008;1;T;True;3
1621245600000;11587487;153.998;154.018;154.008;0;T;True;3
1621245601000;11587489;153.999;154.019;154.009;1;T;True;3
1621245602000;11587491;153.997;154.017;154.007;1;T;True;3
1621245603000;11587493;153.993;154.013;154.003;1;T;True;3
1621245604000;11587494;153.993;154.013;154.003;0;T;True;3
1621245605000;11587497;153.99;154.01;154.0;2;T;True;3
1621245606000;11587504;154.016;154.036;154.026;6;T;True;3
1621245607000;11587507;154.018;154.038;154.028;2;T;True;3
1621245608000;11587509;154.019;154.039;154.029;1;T;True;3
1621245609000;11587510;154.019;154.039;154.029;0;T;True;3
1621245610000;11587512;154.02;154.04;154.03;1;T;True;3
1621245611000;11587514;154.019;154.039;154.029;1;T;True;3
1621245612000;11587515;154.019;154.039;154.029;0;T;True;3
1621245613000;11587517;154.02;154.04;154.03;1;T;True;3
1621245614000;11587518;154.02;154.04;154.03;0;T;True;3
1621245615000;11587519;154.02;154.04;154.03;0;T;True;3
1621245616000;11587523;154.022;154.042;154.032;3;T;True;3
1621245617000;11587524;154.022;154.042;154.032;0;T;True;3
1621245618000;11587526;154.021;154.041;154.031;1;T;True;3
1621245619000;11587527;154.021;154.041;154.031;0;T;True;3
1621245620000;11587529;154.019;154.039;154.029;1;T;True;3
1621245621000;11587530;154.019;154.039;154.029;0;T;True;3
1621245622000;11587531;154.019;154.039;154.029;0;T;True;3
1621245623000;11587532;154.019;154.039;154.029;0;T;True;3
1621245624000;11587536;154.017;154.037;154.027;3;T;True;3
1621245625000;11587538;154.015;154.035;154.025;1;T;True;3
1621245626000;11587540;154.017;154.037;154.027;1;T;True;3
1621245627000;11587541;154.017;154.037;154.027;0;T;True;3
1621245628000;11587542;154.017;154.037;154.027;0;T;True;3
1621245629000;11587543;154.017;154.037;154.027;0;T;True;3
1621245630000;11587544;154.017;154.037;154.027;0;T;True;3
1621245631000;11587545;154.017;154.037;154.027;0;T;True;3
1621245632000;11587547;154.016;154.036;154.026;1;T;True;3
1621245633000;11587548;154.016;154.036;154.026;0;T;True;3
1621245634000;11587549;154.016;154.036;154.026;0;T;True;3
1621245635000;11587552;154.017;154.037;154.027;2;T;True;3
1621245636000;11587553;154.017;154.037;154.027;0;T;True;3
1621245637000;11587554;154.017;154.037;154.027;0;T;True;3
1621245638000;11587555;154.017;154.037;154.027;0;T;True;3
1621245639000;11587556;154.017;154.037;154.027;0;T;True;3
1621245640000;11587558;154.015;154.035;154.025;1;T;True;3
1621245641000;11587560;154.017;154.037;154.027;1;T;True;3
1621245642000;11587561;154.017;154.037;154.027;0;T;True;3
1621245643000;11587562;154.017;154.037;154.027;0;T;True;3
1621245644000;11587564;154.016;154.036;154.026;1;T;True;3
1621245645000;11587568;154.011;154.031;154.021;3;T;True;3
1621245646000;11587570;154.009;154.029;154.019;1;T;True;3
1621245647000;11587571;154.009;154.029;154.019;0;T;True;3
1621245648000;11587572;154.009;154.029;154.019;0;T;True;3
1621245649000;11587573;154.009;154.029;154.019;0;T;True;3
1621245650000;11587574;154.009;154.029;154.019;0;T;True;3
1621245651000;11587575;154.009;154.029;154.019;0;T;True;3
1621245652000;11587578;154.007;154.027;154.017;2;T;True;3
1621245653000;11587579;154.007;154.027;154.017;0;T;True;3
1621245654000;11587580;154.007;154.027;154.017;0;T;True;3
1621245655000;11587584;154.009;154.029;154.019;3;T;True;3
1621245656000;11587585;154.009;154.029;154.019;0;T;True;3
1621245657000;11587589;154.006;154.026;154.016;3;T;True;3
1621245658000;11587590;154.006;154.026;154.016;0;T;True;3
1621245659000;11587591;154.006;154.026;154.016;0;T;True;3
1621245660000;11587592;154.006;154.026;154.016;0;T;True;3
1621245661000;11587593;154.006;154.026;154.016;0;T;True;3
1621245662000;11587594;154.006;154.026;154.016;0;T;True;3
1621245663000;11587595;154.006;154.026;154.016;0;T;True;3
1621245664000;11587597;154.005;154.025;154.015;1;T;True;3
1621245665000;11587598;154.005;154.025;154.015;0;T;True;3
1621245666000;11587599;154.005;154.025;154.015;0;T;True;3
1621245667000;11587600;154.005;154.025;154.015;0;T;True;3
1621245668000;11587601;154.005;154.025;154.015;0;T;True;3
1621245669000;11587602;154.005;154.025;154.015;0;T;True;3
1621245670000;11587603;154.005;154.025;154.015;0;T;True;3
1621245671000;11587605;154.004;154.024;154.014;1;T;True;3
1621245672000;11587606;154.004;154.024;154.014;0;T;True;3
1621245673000;11587608;154.003;154.023;154.013;1;T;True;3
1621245674000;11587609;154.003;154.023;154.013;0;T;True;3
1621245675000;11587610;154.003;154.023;154.013;0;T;True;3
1621245676000;11587611;154.003;154.023;154.013;0;T;True;3
1621245677000;11587612;154.003;154.023;154.013;0;T;True;3
1621245678000;11587613;154.003;154.023;154.013;0;T;True;3
1621245679000;11587614;154.003;154.023;154.013;0;T;True;3
1621245680000;11587615;154.003;154.023;154.013;0;T;True;3
1621245681000;11587616;154.003;154.023;154.013;0;T;True;3
1621245682000;11587617;154.003;154.023;154.013;0;T;True;3
1621245683000;11587618;154.003;154.023;154.013;0;T;True;3
1621245684000;11587621;154.008;154.028;154.018;2;T;True;3
1621245685000;11587622;154.008;154.028;154.018;0;T;True;3
1621245686000;11587623;154.008;154.028;154.018;0;T;True;3
1621245687000;11587624;154.008;154.028;154.018;0;T;True;3
1621245688000;11587626;154.005;154.025;154.015;1;T;True;3
1621245689000;11587633;153.996;154.016;154.006;6;T;True;3
1621245690000;11587634;153.996;154.016;154.006;0;T;True;3
1621245691000;11587635;153.996;154.016;154.006;0;T;True;3
1621245692000;11587636;153.996;154.016;154.006;0;T;True;3
1621245693000;11587637;153.996;154.016;154.006;0;T;True;3
1621245694000;11587638;153.996;154.016;154.006;0;T;True;3
1621245695000;11587639;153.996;154.016;154.006;0;T;True;3
1621245696000;11587640;153.996;154.016;154.006;0;T;True;3
1621245697000;11587641;153.996;154.016;154.006;0;T;True;3
1621245698000;11587642;153.996;154.016;154.006;0;T;True;3
1621245699000;11587644;153.997;154.017;154.007;1;T;True;3
1621245700000;11587645;153.997;154.017;154.007;0;T;True;3
1621245701000;11587647;153.998;154.018;154.008;1;T;True;3
1621245702000;11587648;153.998;154.018;154.008;0;T;True;3
1621245703000;11587649;153.998;154.018;154.008;0;T;True;3
1621245704000;11587651;153.999;154.019;154.009;1;T;True;3
1621245705000;11587654;153.997;154.017;154.007;2;T;True;3
1621245706000;11587656;153.991;154.011;154.001;1;T;True;3
1621245707000;11587662;154.001;154.021;154.011;5;T;True;3
1621245708000;11587663;154.001;154.021;154.011;0;T;True;3
1621245709000;11587665;154.002;154.022;154.012;1;T;True;3
1621245710000;11587666;154.002;154.022;154.012;0;T;True;3
1621245711000;11587667;154.002;154.022;154.012;0;T;True;3
1621245712000;11587671;154.009;154.029;154.019;3;T;True;3
1621245713000;11587672;154.009;154.029;154.019;0;T;True;3
1621245714000;11587673;154.009;154.029;154.019;0;T;True;3
1621245715000;11587674;154.009;154.029;154.019;0;T;True;3
1621245716000;11587675;154.009;154.029;154.019;0;T;True;3
1621245717000;11587676;154.009;154.029;154.019;0;T;True;3
1621245718000;11587677;154.009;154.029;154.019;0;T;True;3
1621245719000;11587678;154.009;154.029;154.019;0;T;True;3
1621245720000;11587679;154.009;154.029;154.019;0;T;True;3
1621245721000;11587680;154.009;154.029;154.019;0;T;True;3
1621245722000;11587685;154.017;154.037;154.027;4;T;True;3
1621245723000;11587686;154.017;154.037;154.027;0;T;True;3
1621245724000;11587688;154.018;154.038;154.028;1;T;True;3
1621245725000;11587692;154.027;154.047;154.037;3;T;True;3
1621245726000;11587693;154.027;154.047;154.037;0;T;True;3
1621245727000;11587694;154.027;154.047;154.037;0;T;True;3
1621245728000;11587695;154.027;154.047;154.037;0;T;True;3
1621245729000;11587696;154.027;154.047;154.037;0;T;True;3
1621245730000;11587698;154.025;154.045;154.035;1;T;True;3
1621245731000;11587699;154.025;154.045;154.035;0;T;True;3
1621245732000;11587700;154.025;154.045;154.035;0;T;True;3
1621245733000;11587701;154.025;154.045;154.035;0;T;True;3
1621245734000;11587702;154.025;154.045;154.035;0;T;True;3
1621245735000;11587703;154.025;154.045;154.035;0;T;True;3
1621245736000;11587704;154.025;154.045;154.035;0;T;True;3
1621245737000;11587705;154.025;154.045;154.035;0;T;True;3
1621245738000;11587706;154.025;154.045;154.035;0;T;True;3
1621245739000;11587709;154.021;154.041;154.031;2;T;True;3
1621245740000;11587710;154.021;154.041;154.031;0;T;True;3
1621245741000;11587711;154.021;154.041;154.031;0;T;True;3
1621245742000;11587712;154.021;154.041;154.031;0;T;True;3
1621245743000;11587713;154.021;154.041;154.031;0;T;True;3
1621245744000;11587715;154.023;154.043;154.033;1;T;True;3
1621245745000;11587721;154.013;154.033;154.023;5;T;True;3
1621245746000;11587722;154.013;154.033;154.023;0;T;True;3
1621245747000;11587723;154.013;154.033;154.023;0;T;True;3
1621245748000;11587724;154.013;154.033;154.023;0;T;True;3
1621245749000;11587725;154.013;154.033;154.023;0;T;True;3
1621245750000;11587727;154.015;154.035;154.025;1;T;True;3
1621245751000;11587728;154.015;154.035;154.025;0;T;True;3
1621245752000;11587730;154.013;154.033;154.023;1;T;True;3
1621245753000;11587736;154.007;154.027;154.017;5;T;True;3
1621245754000;11587738;154.006;154.026;154.016;1;T;True;3
1621245755000;11587739;154.006;154.026;154.016;0;T;True;3
1621245756000;11587740;154.006;154.026;154.016;0;T;True;3
1621245757000;11587742;154.007;154.027;154.017;1;T;True;3
1621245758000;11587745;154.013;154.033;154.023;2;T;True;3
1621245759000;11587749;154.019;154.039;154.029;3;T;True;3
1621245760000;11587750;154.019;154.039;154.029;0;T;True;3
1621245761000;11587751;154.019;154.039;154.029;0;T;True;3
1621245762000;11587752;154.019;154.039;154.029;0;T;True;3
1621245763000;11587754;154.018;154.038;154.028;1;T;True;3
1621245764000;11587757;154.015;154.035;154.025;2;T;True;3
1621245765000;11587759;154.017;154.037;154.027;1;T;True;3
1621245766000;11587761;154.016;154.036;154.026;1;T;True;3
1621245767000;11587762;154.016;154.036;154.026;0;T;True;3
1621245768000;11587763;154.016;154.036;154.026;0;T;True;3
1621245769000;11587765;154.017;154.037;154.027;1;T;True;3
1621245770000;11587768;154.021;154.041;154.031;2;T;True;3
1621245771000;11587770;154.02;154.04;154.03;1;T;True;3
1621245772000;11587771;154.02;154.04;154.03;0;T;True;3
1621245773000;11587772;154.02;154.04;154.03;0;T;True;3
1621245774000;11587774;154.021;154.041;154.031;1;T;True;3
1621245775000;11587775;154.021;154.041;154.031;0;T;True;3
1621245776000;11587776;154.021;154.041;154.031;0;T;True;3
1621245777000;11587777;154.021;154.041;154.031;0;T;True;3
1621245778000;11587778;154.021;154.041;154.031;0;T;True;3
1621245779000;11587779;154.021;154.041;154.031;0;T;True;3
1621245780000;11587780;154.021;154.041;154.031;0;T;True;3
1621245781000;11587781;154.021;154.041;154.031;0;T;True;3
1621245782000;11587782;154.021;154.041;154.031;0;T;True;3
1621245783000;11587783;154.021;154.041;154.031;0;T;True;3
1621245784000;11587784;154.021;154.041;154.031;0;T;True;3
1621245785000;11587785;154.021;154.041;154.031;0;T;True;3
1621245786000;11587787;154.023;154.043;154.033;1;T;True;3
1621245787000;11587789;154.022;154.042;154.032;1;T;True;3
1621245788000;11587790;154.022;154.042;154.032;0;T;True;3
1621245789000;11587791;154.022;154.042;154.032;0;T;True;3
1621245790000;11587793;154.023;154.043;154.033;1;T;True;3
1621245791000;11587794;154.023;154.043;154.033;0;T;True;3
1621245792000;11587795;154.023;154.043;154.033;0;T;True;3
1621245793000;11587796;154.023;154.043;154.033;0;T;True;3
1621245794000;11587797;154.023;154.043;154.033;0;T;True;3
1621245795000;11587798;154.023;154.043;154.033;0;T;True;3
1621245796000;11587799;154.023;154.043;154.033;0;T;True;3
1621245797000;11587800;154.023;154.043;154.033;0;T;True;3
1621245798000;11587801;154.023;154.043;154.033;0;T;True;3
1621245799000;11587803;154.027;154.047;154.037;1;T;True;3
1621245800000;11587808;154.027;154.047;154.037;4;T;True;3
1621245801000;11587812;154.023;154.043;154.033;3;T;True;3
1621245802000;11587813;154.023;154.043;154.033;0;T;True;3
1621245803000;11587816;154.018;154.038;154.028;2;T;True;3
1621245804000;11587817;154.018;154.038;154.028;0;T;True;3
1621245805000;11587822;154.013;154.033;154.023;4;T;True;3
1621245806000;11587826;154.013;154.033;154.023;3;T;True;3
1621245807000;11587827;154.013;154.033;154.023;0;T;True;3
1621245808000;11587828;154.013;154.033;154.023;0;T;True;3
1621245809000;11587832;154.015;154.035;154.025;3;T;True;3
1621245810000;11587833;154.015;154.035;154.025;0;T;True;3
1621245811000;11587838;154.015;154.035;154.025;4;T;True;3
1621245812000;11587840;154.016;154.036;154.026;1;T;True;3
1621245813000;11587842;154.017;154.037;154.027;1;T;True;3
1621245814000;11587848;154.018;154.038;154.028;5;T;True;3
1621245815000;11587849;154.018;154.038;154.028;0;T;True;3
1621245816000;11587850;154.018;154.038;154.028;0;T;True;3
1621245817000;11587852;154.019;154.039;154.029;1;T;True;3
1621245818000;11587858;153.996;154.016;154.006;5;T;True;3
1621245819000;11587862;154.001;154.021;154.011;3;T;True;3
1621245820000;11587863;154.001;154.021;154.011;0;T;True;3
1621245821000;11587867;154.005;154.025;154.015;3;T;True;3
1621245822000;11587868;154.005;154.025;154.015;0;T;True;3
1621245823000;11587869;154.005;154.025;154.015;0;T;True;3
1621245824000;11587873;154.007;154.027;154.017;3;T;True;3
1621245825000;11587874;154.007;154.027;154.017;0;T;True;3
1621245826000;11587875;154.007;154.027;154.017;0;T;True;3
1621245827000;11587876;154.007;154.027;154.017;0;T;True;3
1621245828000;11587878;154.011;154.031;154.021;1;T;True;3
1621245829000;11587881;154.011;154.031;154.021;2;T;True;3
1621245830000;11587882;154.011;154.031;154.021;0;T;True;3
1621245831000;11587883;154.011;154.031;154.021;0;T;True;3
1621245832000;11587884;154.011;154.031;154.021;0;T;True;3
1621245833000;11587885;154.011;154.031;154.021;0;T;True;3
1621245834000;11587886;154.011;154.031;154.021;0;T;True;3
1621245835000;11587887;154.011;154.031;154.021;0;T;True;3
1621245836000;11587888;154.011;154.031;154.021;0;T;True;3
1621245837000;11587889;154.011;154.031;154.021;0;T;True;3
1621245838000;11587891;154.007;154.027;154.017;1;T;True;3
1621245839000;11587892;154.007;154.027;154.017;0;T;True;3
1621245840000;11587893;154.007;154.027;154.017;0;T;True;3
1621245841000;11587899;154.001;154.021;154.011;5;T;True;3
1621245842000;11587900;154.001;154.021;154.011;0;T;True;3
1621245843000;11587901;154.001;154.021;154.011;0;T;True;3
1621245844000;11587902;154.001;154.021;154.011;0;T;True;3
1621245845000;11587903;154.001;154.021;154.011;0;T;True;3
1621245846000;11587905;154.003;154.023;154.013;1;T;True;3
1621245847000;11587907;154.004;154.024;154.014;1;T;True;3
1621245848000;11587909;154.005;154.025;154.015;1;T;True;3
1621245849000;11587910;154.005;154.025;154.015;0;T;True;3
1621245850000;11587911;154.005;154.025;154.015;0;T;True;3
1621245851000;11587913;154.006;154.026;154.016;1;T;True;3
1621245852000;11587914;154.006;154.026;154.016;0;T;True;3
1621245853000;11587915;154.006;154.026;154.016;0;T;True;3
1621245854000;11587917;154.005;154.025;154.015;1;T;True;3
1621245855000;11587918;154.005;154.025;154.015;0;T;True;3
1621245856000;11587919;154.005;154.025;154.015;0;T;True;3
1621245857000;11587923;154.008;154.028;154.018;3;T;True;3
1621245858000;11587925;154.007;154.027;154.017;1;T;True;3
1621245859000;11587926;154.007;154.027;154.017;0;T;True;3
1621245860000;11587927;154.007;154.027;154.017;0;T;True;3
1621245861000;11587929;154.005;154.025;154.015;1;T;True;3
1621245862000;11587931;154.006;154.026;154.016;1;T;True;3
1621245863000;11587933;154.007;154.027;154.017;1;T;True;3
1621245864000;11587934;154.007;154.027;154.017;0;T;True;3
1621245865000;11587935;154.007;154.027;154.017;0;T;True;3
1621245866000;11587937;154.008;154.028;154.018;1;T;True;3
1621245867000;11587938;154.008;154.028;154.018;0;T;True;3
1621245868000;11587940;154.007;154.027;154.017;1;T;True;3
1621245869000;11587943;154.002;154.022;154.012;2;T;True;3
1621245870000;11587944;154.002;154.022;154.012;0;T;True;3
1621245871000;11587945;154.002;154.022;154.012;0;T;True;3
1621245872000;11587947;154.001;154.021;154.011;1;T;True;3
1621245873000;11587948;154.001;154.021;154.011;0;T;True;3
1621245874000;11587951;153.997;154.017;154.007;2;T;True;3
1621245875000;11587952;153.997;154.017;154.007;0;T;True;3
1621245876000;11587953;153.997;154.017;154.007;0;T;True;3
1621245877000;11587954;153.997;154.017;154.007;0;T;True;3
1621245878000;11587955;153.997;154.017;154.007;0;T;True;3
1621245879000;11587957;153.996;154.016;154.006;1;T;True;3
1621245880000;11587958;153.996;154.016;154.006;0;T;True;3
1621245881000;11587959;153.996;154.016;154.006;0;T;True;3
1621245882000;11587960;153.996;154.016;154.006;0;T;True;3
1621245883000;11587961;153.996;154.016;154.006;0;T;True;3
1621245884000;11587964;153.996;154.016;154.006;2;T;True;3
1621245885000;11587971;153.989;154.009;153.999;6;T;True;3
1621245886000;11587972;153.989;154.009;153.999;0;T;True;3
1621245887000;11587974;153.99;154.01;154.0;1;T;True;3
1621245888000;11587975;153.99;154.01;154.0;0;T;True;3
1621245889000;11587976;153.99;154.01;154.0;0;T;True;3
1621245890000;11587977;153.99;154.01;154.0;0;T;True;3
1621245891000;11587979;153.991;154.011;154.001;1;T;True;3
1621245892000;11587980;153.991;154.011;154.001;0;T;True;3
1621245893000;11587982;153.993;154.013;154.003;1;T;True;3
1621245894000;11587983;153.993;154.013;154.003;0;T;True;3
1621245895000;11587984;153.993;154.013;154.003;0;T;True;3
1621245896000;11587985;153.993;154.013;154.003;0;T;True;3
1621245897000;11587986;153.993;154.013;154.003;0;T;True;3
1621245898000;11587987;153.993;154.013;154.003;0;T;True;3
1621245899000;11587990;153.993;154.013;154.003;2;T;True;3
1621245900000;11587991;153.993;154.013;154.003;0;T;True;3
1621245901000;11587992;153.993;154.013;154.003;0;T;True;3
1621245902000;11587998;153.995;154.015;154.005;5;T;True;3
1621245903000;11587999;153.995;154.015;154.005;0;T;True;3
1621245904000;11588003;154.0;154.02;154.01;3;T;True;3
1621245905000;11588004;154.0;154.02;154.01;0;T;True;3
1621245906000;11588006;153.999;154.019;154.009;1;T;True;3
1621245907000;11588007;153.999;154.019;154.009;0;T;True;3
1621245908000;11588008;153.999;154.019;154.009;0;T;True;3
1621245909000;11588012;153.991;154.011;154.001;3;T;True;3
1621245910000;11588014;153.989;154.009;153.999;1;T;True;3
1621245911000;11588015;153.989;154.009;153.999;0;T;True;3
1621245912000;11588016;153.989;154.009;153.999;0;T;True;3
1621245913000;11588017;153.989;154.009;153.999;0;T;True;3
1621245914000;11588019;153.988;154.008;153.998;1;T;True;3
1621245915000;11588021;153.987;154.007;153.997;1;T;True;3
1621245916000;11588024;153.981;154.001;153.991;2;T;True;3
1621245917000;11588025;153.981;154.001;153.991;0;T;True;3
1621245918000;11588026;153.981;154.001;153.991;0;T;True;3
1621245919000;11588028;153.982;154.002;153.992;1;T;True;3
1621245920000;11588030;153.981;154.001;153.991;1;T;True;3
1621245921000;11588031;153.981;154.001;153.991;0;T;True;3
1621245922000;11588032;153.981;154.001;153.991;0;T;True;3
1621245923000;11588034;153.983;154.003;153.993;1;T;True;3
1621245924000;11588035;153.983;154.003;153.993;0;T;True;3
1621245925000;11588036;153.983;154.003;153.993;0;T;True;3
1621245926000;11588038;153.985;154.005;153.995;1;T;True;3
1621245927000;11588040;153.982;154.002;153.992;1;T;True;3
1621245928000;11588043;153.984;154.004;153.994;2;T;True;3
1621245929000;11588046;153.982;154.002;153.992;2;T;True;3
1621245930000;11588048;153.981;154.001;153.991;1;T;True;3
1621245931000;11588049;153.981;154.001;153.991;0;T;True;3
1621245932000;11588050;153.981;154.001;153.991;0;T;True;3
1621245933000;11588052;153.983;154.003;153.993;1;T;True;3
1621245934000;11588054;153.981;154.001;153.991;1;T;True;3
1621245935000;11588057;153.981;154.001;153.991;2;T;True;3
1621245936000;11588061;153.975;153.995;153.985;3;T;True;3
1621245937000;11588065;153.977;153.997;153.987;3;T;True;3
1621245938000;11588066;153.977;153.997;153.987;0;T;True;3
1621245939000;11588069;153.979;153.999;153.989;2;T;True;3
1621245940000;11588070;153.979;153.999;153.989;0;T;True;3
1621245941000;11588071;153.979;153.999;153.989;0;T;True;3
1621245942000;11588072;153.979;153.999;153.989;0;T;True;3
1621245943000;11588073;153.979;153.999;153.989;0;T;True;3
1621245944000;11588074;153.979;153.999;153.989;0;T;True;3
1621245945000;11588076;153.977;153.997;153.987;1;T;True;3
1621245946000;11588079;153.979;153.999;153.989;2;T;True;3
1621245947000;11588082;153.979;153.999;153.989;2;T;True;3
1621245948000;11588083;153.979;153.999;153.989;0;T;True;3
1621245949000;11588084;153.979;153.999;153.989;0;T;True;3
1621245950000;11588086;153.978;153.998;153.988;1;T;True;3
1621245951000;11588088;153.977;153.997;153.987;1;T;True;3
1621245952000;11588089;153.977;153.997;153.987;0;T;True;3
1621245953000;11588090;153.977;153.997;153.987;0;T;True;3
1621245954000;11588092;153.978;153.998;153.988;1;T;True;3
1621245955000;11588095;153.98;154.0;153.99;2;T;True;3
1621245956000;11588096;153.98;154.0;153.99;0;T;True;3
1621245957000;11588098;153.979;153.999;153.989;1;T;True;3
1621245958000;11588099;153.979;153.999;153.989;0;T;True;3
1621245959000;11588100;153.979;153.999;153.989;0;T;True;3
1621245960000;11588106;153.973;153.993;153.983;5;T;True;3
1621245961000;11588108;153.972;153.992;153.982;1;T;True;3
1621245962000;11588110;153.973;153.993;153.983;1;T;True;3
1621245963000;11588112;153.972;153.992;153.982;1;T;True;3
1621245964000;11588114;153.971;153.991;153.981;1;T;True;3
1621245965000;11588115;153.971;153.991;153.981;0;T;True;3
1621245966000;11588116;153.971;153.991;153.981;0;T;True;3
1621245967000;11588117;153.971;153.991;153.981;0;T;True;3
1621245968000;11588118;153.971;153.991;153.981;0;T;True;3
1621245969000;11588120;153.972;153.992;153.982;1;T;True;3
1621245970000;11588121;153.972;153.992;153.982;0;T;True;3
1621245971000;11588122;153.972;153.992;153.982;0;T;True;3
1621245972000;11588124;153.973;153.993;153.983;1;T;True;3
1621245973000;11588125;153.973;153.993;153.983;0;T;True;3
1621245974000;11588126;153.973;153.993;153.983;0;T;True;3
1621245975000;11588127;153.973;153.993;153.983;0;T;True;3
1621245976000;11588128;153.973;153.993;153.983;0;T;True;3
1621245977000;11588130;153.972;153.992;153.982;1;T;True;3
1621245978000;11588133;153.973;153.993;153.983;2;T;True;3
1621245979000;11588134;153.973;153.993;153.983;0;T;True;3
1621245980000;11588135;153.973;153.993;153.983;0;T;True;3
1621245981000;11588138;153.975;153.995;153.985;2;T;True;3
1621245982000;11588140;153.973;153.993;153.983;1;T;True;3
1621245983000;11588143;153.975;153.995;153.985;2;T;True;3
1621245984000;11588144;153.975;153.995;153.985;0;T;True;3
1621245985000;11588146;153.974;153.994;153.984;1;T;True;3
1621245986000;11588148;153.973;153.993;153.983;1;T;True;3
1621245987000;11588149;153.973;153.993;153.983;0;T;True;3
1621245988000;11588150;153.973;153.993;153.983;0;T;True;3
1621245989000;11588151;153.973;153.993;153.983;0;T;True;3
1621245990000;11588154;153.981;154.001;153.991;2;T;True;3
1621245991000;11588156;153.979;153.999;153.989;1;T;True;3
1621245992000;11588157;153.979;153.999;153.989;0;T;True;3
1621245993000;11588158;153.979;153.999;153.989;0;T;True;3
1621245994000;11588159;153.979;153.999;153.989;0;T;True;3
1621245995000;11588160;153.979;153.999;153.989;0;T;True;3
1621245996000;11588163;153.982;154.002;153.992;2;T;True;3
1621245997000;11588165;153.983;154.003;153.993;1;T;True;3
1621245998000;11588167;153.984;154.004;153.994;1;T;True;3
1621245999000;11588170;153.981;154.001;153.991;2;T;True;3
1621246000000;11588171;153.981;154.001;153.991;0;T;True;3
1621246001000;11588172;153.981;154.001;153.991;0;T;True;3
1621246002000;11588173;153.981;154.001;153.991;0;T;True;3
1621246003000;11588174;153.981;154.001;153.991;0;T;True;3
1621246004000;11588176;153.98;154.0;153.99;1;T;True;3
1621246005000;11588179;153.975;153.995;153.985;2;T;True;3
1621246006000;11588185;153.982;154.002;153.992;5;T;True;3
1621246007000;11588186;153.982;154.002;153.992;0;T;True;3
1621246008000;11588187;153.982;154.002;153.992;0;T;True;3
1621246009000;11588188;153.982;154.002;153.992;0;T;True;3
1621246010000;11588189;153.982;154.002;153.992;0;T;True;3
1621246011000;11588191;153.983;154.003;153.993;1;T;True;3
1621246012000;11588192;153.983;154.003;153.993;0;T;True;3
1621246013000;11588193;153.983;154.003;153.993;0;T;True;3
1621246014000;11588194;153.983;154.003;153.993;0;T;True;3
1621246015000;11588195;153.983;154.003;153.993;0;T;True;3
1621246016000;11588197;153.982;154.002;153.992;1;T;True;3
1621246017000;11588198;153.982;154.002;153.992;0;T;True;3
1621246018000;11588199;153.982;154.002;153.992;0;T;True;3
1621246019000;11588200;153.982;154.002;153.992;0;T;True;3
1621246020000;11588201;153.982;154.002;153.992;0;T;True;3
1621246021000;11588203;153.983;154.003;153.993;1;T;True;3
1621246022000;11588205;153.981;154.001;153.991;1;T;True;3
1621246023000;11588206;153.981;154.001;153.991;0;T;True;3
1621246024000;11588207;153.981;154.001;153.991;0;T;True;3
1621246025000;11588209;153.98;154.0;153.99;1;T;True;3
1621246026000;11588210;153.98;154.0;153.99;0;T;True;3
1621246027000;11588211;153.98;154.0;153.99;0;T;True;3
1621246028000;11588213;153.982;154.002;153.992;1;T;True;3
1621246029000;11588214;153.982;154.002;153.992;0;T;True;3
1621246030000;11588215;153.982;154.002;153.992;0;T;True;3
1621246031000;11588216;153.982;154.002;153.992;0;T;True;3
1621246032000;11588217;153.982;154.002;153.992;0;T;True;3
1621246033000;11588218;153.982;154.002;153.992;0;T;True;3
1621246034000;11588219;153.982;154.002;153.992;0;T;True;3
1621246035000;11588221;153.981;154.001;153.991;1;T;True;3
1621246036000;11588222;153.981;154.001;153.991;0;T;True;3
1621246037000;11588223;153.981;154.001;153.991;0;T;True;3
1621246038000;11588228;153.973;153.993;153.983;4;T;True;3
1621246039000;11588229;153.973;153.993;153.983;0;T;True;3
1621246040000;11588231;153.971;153.991;153.981;1;T;True;3
1621246041000;11588232;153.971;153.991;153.981;0;T;True;3
1621246042000;11588235;153.965;153.985;153.975;2;T;True;3
1621246043000;11588236;153.965;153.985;153.975;0;T;True;3
1621246044000;11588237;153.965;153.985;153.975;0;T;True;3
1621246045000;11588240;153.961;153.981;153.971;2;T;True;3
1621246046000;11588242;153.962;153.982;153.972;1;T;True;3
1621246047000;11588243;153.962;153.982;153.972;0;T;True;3
1621246048000;11588245;153.961;153.981;153.971;1;T;True;3
1621246049000;11588246;153.961;153.981;153.971;0;T;True;3
1621246050000;11588248;153.963;153.983;153.973;1;T;True;3
1621246051000;11588250;153.964;153.984;153.974;1;T;True;3
1621246052000;11588251;153.964;153.984;153.974;0;T;True;3
1621246053000;11588252;153.964;153.984;153.974;0;T;True;3
1621246054000;11588253;153.964;153.984;153.974;0;T;True;3
1621246055000;11588254;153.964;153.984;153.974;0;T;True;3
1621246056000;11588255;153.964;153.984;153.974;0;T;True;3
1621246057000;11588256;153.964;153.984;153.974;0;T;True;3
1621246058000;11588257;153.964;153.984;153.974;0;T;True;3
1621246059000;11588260;153.96;153.98;153.97;2;T;True;3
1621246060000;11588263;153.961;153.981;153.971;2;T;True;3
1621246061000;11588264;153.961;153.981;153.971;0;T;True;3
1621246062000;11588271;153.959;153.979;153.969;6;T;True;3
1621246063000;11588273;153.957;153.977;153.967;1;T;True;3
1621246064000;11588274;153.957;153.977;153.967;0;T;True;3
1621246065000;11588279;153.955;153.975;153.965;4;T;True;3
1621246066000;11588282;153.955;153.975;153.965;2;T;True;3
1621246067000;11588283;153.955;153.975;153.965;0;T;True;3
1621246068000;11588286;153.959;153.979;153.969;2;T;True;3
1621246069000;11588287;153.959;153.979;153.969;0;T;True;3
1621246070000;11588288;153.959;153.979;153.969;0;T;True;3
1621246071000;11588289;153.959;153.979;153.969;0;T;True;3
1621246072000;11588291;153.957;153.977;153.967;1;T;True;3
1621246073000;11588292;153.957;153.977;153.967;0;T;True;3
1621246074000;11588295;153.954;153.974;153.964;2;T;True;3
1621246075000;11588297;153.953;153.973;153.963;1;T;True;3
1621246076000;11588301;153.955;153.975;153.965;3;T;True;3
1621246077000;11588309;153.944;153.964;153.954;7;T;True;3
1621246078000;11588316;153.938;153.958;153.948;6;T;True;3
1621246079000;11588318;153.937;153.957;153.947;1;T;True;3
1621246080000;11588321;153.937;153.957;153.947;2;T;True;3
1621246081000;11588322;153.937;153.957;153.947;0;T;True;3
1621246082000;11588323;153.937;153.957;153.947;0;T;True;3
1621246083000;11588325;153.939;153.959;153.949;1;T;True;3
1621246084000;11588326;153.939;153.959;153.949;0;T;True;3
1621246085000;11588328;153.941;153.961;153.951;1;T;True;3
1621246086000;11588329;153.941;153.961;153.951;0;T;True;3
1621246087000;11588330;153.941;153.961;153.951;0;T;True;3
1621246088000;11588331;153.941;153.961;153.951;0;T;True;3
1621246089000;11588332;153.941;153.961;153.951;0;T;True;3
1621246090000;11588333;153.941;153.961;153.951;0;T;True;3
1621246091000;11588337;153.934;153.954;153.944;3;T;True;3
1621246092000;11588339;153.933;153.953;153.943;1;T;True;3
1621246093000;11588341;153.934;153.954;153.944;1;T;True;3
1621246094000;11588342;153.934;153.954;153.944;0;T;True;3
1621246095000;11588343;153.934;153.954;153.944;0;T;True;3
1621246096000;11588344;153.934;153.954;153.944;0;T;True;3
1621246097000;11588346;153.935;153.955;153.945;1;T;True;3
1621246098000;11588347;153.935;153.955;153.945;0;T;True;3
1621246099000;11588348;153.935;153.955;153.945;0;T;True;3
1621246100000;11588349;153.935;153.955;153.945;0;T;True;3
1621246101000;11588350;153.935;153.955;153.945;0;T;True;3
1621246102000;11588351;153.935;153.955;153.945;0;T;True;3
1621246103000;11588352;153.935;153.955;153.945;0;T;True;3
1621246104000;11588353;153.935;153.955;153.945;0;T;True;3
1621246105000;11588354;153.935;153.955;153.945;0;T;True;3
1621246106000;11588355;153.935;153.955;153.945;0;T;True;3
1621246107000;11588358;153.94;153.96;153.95;2;T;True;3
1621246108000;11588359;153.94;153.96;153.95;0;T;True;3
1621246109000;11588361;153.941;153.961;153.951;1;T;True;3
1621246110000;11588363;153.94;153.96;153.95;1;T;True;3
1621246111000;11588366;153.935;153.955;153.945;2;T;True;3
1621246112000;11588367;153.935;153.955;153.945;0;T;True;3
1621246113000;11588368;153.935;153.955;153.945;0;T;True;3
1621246114000;11588369;153.935;153.955;153.945;0;T;True;3
1621246115000;11588372;153.939;153.959;153.949;2;T;True;3
1621246116000;11588373;153.939;153.959;153.949;0;T;True;3
1621246117000;11588377;153.933;153.953;153.943;3;T;True;3
1621246118000;11588378;153.933;153.953;153.943;0;T;True;3
1621246119000;11588382;153.931;153.951;153.941;3;T;True;3
1621246120000;11588392;153.928;153.948;153.938;9;T;True;3
1621246121000;11588396;153.926;153.946;153.936;3;T;True;3
1621246122000;11588400;153.925;153.945;153.935;3;T;True;3
1621246123000;11588401;153.925;153.945;153.935;0;T;True;3
1621246124000;11588402;153.925;153.945;153.935;0;T;True;3
1621246125000;11588405;153.931;153.951;153.941;2;T;True;3
1621246126000;11588409;153.925;153.945;153.935;3;T;True;3
1621246127000;11588416;153.932;153.952;153.942;6;T;True;3
1621246128000;11588418;153.933;153.953;153.943;1;T;True;3
1621246129000;11588420;153.935;153.955;153.945;1;T;True;3
1621246130000;11588423;153.935;153.955;153.945;2;T;True;3
1621246131000;11588424;153.935;153.955;153.945;0;T;True;3
1621246132000;11588426;153.933;153.953;153.943;1;T;True;3
1621246133000;11588427;153.933;153.953;153.943;0;T;True;3
1621246134000;11588428;153.933;153.953;153.943;0;T;True;3
1621246135000;11588431;153.933;153.953;153.943;2;T;True;3
1621246136000;11588432;153.933;153.953;153.943;0;T;True;3
1621246137000;11588433;153.933;153.953;153.943;0;T;True;3
1621246138000;11588434;153.933;153.953;153.943;0;T;True;3
1621246139000;11588437;153.93;153.95;153.94;2;T;True;3
1621246140000;11588440;153.924;153.944;153.934;2;T;True;3
1621246141000;11588445;153.923;153.943;153.933;4;T;True;3
1621246142000;11588448;153.925;153.945;153.935;2;T;True;3
1621246143000;11588451;153.927;153.947;153.937;2;T;True;3
1621246144000;11588453;153.929;153.949;153.939;1;T;True;3
1621246145000;11588454;153.929;153.949;153.939;0;T;True;3
1621246146000;11588457;153.931;153.951;153.941;2;T;True;3
1621246147000;11588459;153.93;153.95;153.94;1;T;True;3
1621246148000;11588462;153.923;153.943;153.933;2;T;True;3
1621246149000;11588466;153.92;153.94;153.93;3;T;True;3
1621246150000;11588467;153.92;153.94;153.93;0;T;True;3
1621246151000;11588469;153.921;153.941;153.931;1;T;True;3
1621246152000;11588470;153.921;153.941;153.931;0;T;True;3
1621246153000;11588471;153.921;153.941;153.931;0;T;True;3
1621246154000;11588473;153.925;153.945;153.935;1;T;True;3
1621246155000;11588474;153.925;153.945;153.935;0;T;True;3
1621246156000;11588475;153.925;153.945;153.935;0;T;True;3
1621246157000;11588476;153.925;153.945;153.935;0;T;True;3
1621246158000;11588477;153.925;153.945;153.935;0;T;True;3
1621246159000;11588478;153.925;153.945;153.935;0;T;True;3
1621246160000;11588481;153.925;153.945;153.935;2;T;True;3
1621246161000;11588482;153.925;153.945;153.935;0;T;True;3
1621246162000;11588483;153.925;153.945;153.935;0;T;True;3
1621246163000;11588485;153.927;153.947;153.937;1;T;True;3
1621246164000;11588486;153.927;153.947;153.937;0;T;True;3
1621246165000;11588487;153.927;153.947;153.937;0;T;True;3
1621246166000;11588488;153.927;153.947;153.937;0;T;True;3
1621246167000;11588490;153.93;153.95;153.94;1;T;True;3
1621246168000;11588491;153.93;153.95;153.94;0;T;True;3
1621246169000;11588493;153.929;153.949;153.939;1;T;True;3
1621246170000;11588494;153.929;153.949;153.939;0;T;True;3
1621246171000;11588495;153.929;153.949;153.939;0;T;True;3
1621246172000;11588497;153.931;153.951;153.941;1;T;True;3
1621246173000;11588498;153.931;153.951;153.941;0;T;True;3
1621246174000;11588499;153.931;153.951;153.941;0;T;True;3
1621246175000;11588506;153.921;153.941;153.931;6;T;True;3
1621246176000;11588509;153.924;153.944;153.934;2;T;True;3
1621246177000;11588510;153.924;153.944;153.934;0;T;True;3
1621246178000;11588512;153.925;153.945;153.935;1;T;True;3
1621246179000;11588513;153.925;153.945;153.935;0;T;True;3
1621246180000;11588515;153.923;153.943;153.933;1;T;True;3
1621246181000;11588516;153.923;153.943;153.933;0;T;True;3
1621246182000;11588517;153.923;153.943;153.933;0;T;True;3
1621246183000;11588521;153.924;153.944;153.934;3;T;True;3
1621246184000;11588522;153.924;153.944;153.934;0;T;True;3
1621246185000;11588523;153.924;153.944;153.934;0;T;True;3
1621246186000;11588524;153.924;153.944;153.934;0;T;True;3
1621246187000;11588525;153.924;153.944;153.934;0;T;True;3
1621246188000;11588526;153.924;153.944;153.934;0;T;True;3
1621246189000;11588528;153.925;153.945;153.935;1;T;True;3
1621246190000;11588532;153.923;153.943;153.933;3;T;True;3
1621246191000;11588536;153.927;153.947;153.937;3;T;True;3
1621246192000;11588537;153.927;153.947;153.937;0;T;True;3
1621246193000;11588539;153.929;153.949;153.939;1;T;True;3
1621246194000;11588540;153.929;153.949;153.939;0;T;True;3
1621246195000;11588542;153.93;153.95;153.94;1;T;True;3
1621246196000;11588543;153.93;153.95;153.94;0;T;True;3
1621246197000;11588545;153.929;153.949;153.939;1;T;True;3
1621246198000;11588547;153.928;153.948;153.938;1;T;True;3
1621246199000;11588549;153.923;153.943;153.933;1;T;True;3
1621246200000;11588550;153.923;153.943;153.933;0;T;True;3
1621246201000;11588551;153.923;153.943;153.933;0;T;True;3
1621246202000;11588555;153.921;153.941;153.931;3;T;True;3
1621246203000;11588558;153.923;153.943;153.933;2;T;True;3
1621246204000;11588559;153.923;153.943;153.933;0;T;True;3
1621246205000;11588561;153.921;153.941;153.931;1;T;True;3
1621246206000;11588562;153.921;153.941;153.931;0;T;True;3
1621246207000;11588563;153.921;153.941;153.931;0;T;True;3
1621246208000;11588564;153.921;153.941;153.931;0;T;True;3
1621246209000;11588569;153.917;153.937;153.927;4;T;True;3
1621246210000;11588570;153.917;153.937;153.927;0;T;True;3
1621246211000;11588572;153.918;153.938;153.928;1;T;True;3
1621246212000;11588573;153.918;153.938;153.928;0;T;True;3
1621246213000;11588575;153.919;153.939;153.929;1;T;True;3
1621246214000;11588577;153.921;153.941;153.931;1;T;True;3
1621246215000;11588582;153.923;153.943;153.933;4;T;True;3
1621246216000;11588584;153.922;153.942;153.932;1;T;True;3
1621246217000;11588585;153.922;153.942;153.932;0;T;True;3
1621246218000;11588587;153.923;153.943;153.933;1;T;True;3
1621246219000;11588588;153.923;153.943;153.933;0;T;True;3
1621246220000;11588589;153.923;153.943;153.933;0;T;True;3
1621246221000;11588590;153.923;153.943;153.933;0;T;True;3
1621246222000;11588591;153.923;153.943;153.933;0;T;True;3
1621246223000;11588595;153.929;153.949;153.939;3;T;True;3
1621246224000;11588596;153.929;153.949;153.939;0;T;True;3
1621246225000;11588597;153.929;153.949;153.939;0;T;True;3
1621246226000;11588598;153.929;153.949;153.939;0;T;True;3
1621246227000;11588600;153.931;153.951;153.941;1;T;True;3
1621246228000;11588601;153.931;153.951;153.941;0;T;True;3
1621246229000;11588602;153.931;153.951;153.941;0;T;True;3
1621246230000;11588604;153.932;153.952;153.942;1;T;True;3
1621246231000;11588605;153.932;153.952;153.942;0;T;True;3
1621246232000;11588607;153.931;153.951;153.941;1;T;True;3
1621246233000;11588611;153.933;153.953;153.943;3;T;True;3
1621246234000;11588612;153.933;153.953;153.943;0;T;True;3
1621246235000;11588613;153.933;153.953;153.943;0;T;True;3
1621246236000;11588615;153.935;153.955;153.945;1;T;True;3
1621246237000;11588616;153.935;153.955;153.945;0;T;True;3
1621246238000;11588617;153.935;153.955;153.945;0;T;True;3
1621246239000;11588619;153.939;153.959;153.949;1;T;True;3
1621246240000;11588620;153.939;153.959;153.949;0;T;True;3
1621246241000;11588621;153.939;153.959;153.949;0;T;True;3
1621246242000;11588623;153.938;153.958;153.948;1;T;True;3
1621246243000;11588624;153.938;153.958;153.948;0;T;True;3
1621246244000;11588625;153.938;153.958;153.948;0;T;True;3
1621246245000;11588627;153.939;153.959;153.949;1;T;True;3
1621246246000;11588628;153.939;153.959;153.949;0;T;True;3
1621246247000;11588630;153.937;153.957;153.947;1;T;True;3
1621246248000;11588631;153.937;153.957;153.947;0;T;True;3
1621246249000;11588633;153.939;153.959;153.949;1;T;True;3
1621246250000;11588634;153.939;153.959;153.949;0;T;True;3
1621246251000;11588635;153.939;153.959;153.949;0;T;True;3
1621246252000;11588636;153.939;153.959;153.949;0;T;True;3
1621246253000;11588639;153.936;153.956;153.946;2;T;True;3
1621246254000;11588640;153.936;153.956;153.946;0;T;True;3
1621246255000;11588641;153.936;153.956;153.946;0;T;True;3
1621246256000;11588649;153.951;153.971;153.961;7;T;True;3
1621246257000;11588655;153.953;153.973;153.963;5;T;True;3
1621246258000;11588662;153.963;153.983;153.973;6;T;True;3
1621246259000;11588666;153.959;153.979;153.969;3;T;True;3
1621246260000;11588668;153.96;153.98;153.97;1;T;True;3
1621246261000;11588669;153.96;153.98;153.97;0;T;True;3
1621246262000;11588670;153.96;153.98;153.97;0;T;True;3
1621246263000;11588673;153.959;153.979;153.969;2;T;True;3
1621246264000;11588674;153.959;153.979;153.969;0;T;True;3
1621246265000;11588676;153.961;153.981;153.971;1;T;True;3
1621246266000;11588677;153.961;153.981;153.971;0;T;True;3
1621246267000;11588681;153.967;153.987;153.977;3;T;True;3
1621246268000;11588684;153.963;153.983;153.973;2;T;True;3
1621246269000;11588687;153.963;153.983;153.973;2;T;True;3
1621246270000;11588688;153.963;153.983;153.973;0;T;True;3
1621246271000;11588690;153.962;153.982;153.972;1;T;True;3
1621246272000;11588692;153.963;153.983;153.973;1;T;True;3
1621246273000;11588693;153.963;153.983;153.973;0;T;True;3
1621246274000;11588694;153.963;153.983;153.973;0;T;True;3
1621246275000;11588695;153.963;153.983;153.973;0;T;True;3
1621246276000;11588696;153.963;153.983;153.973;0;T;True;3
1621246277000;11588699;153.965;153.985;153.975;2;T;True;3
1621246278000;11588700;153.965;153.985;153.975;0;T;True;3
1621246279000;11588701;153.965;153.985;153.975;0;T;True;3
1621246280000;11588703;153.963;153.983;153.973;1;T;True;3
1621246281000;11588704;153.963;153.983;153.973;0;T;True;3
1621246282000;11588705;153.963;153.983;153.973;0;T;True;3
1621246283000;11588706;153.963;153.983;153.973;0;T;True;3
1621246284000;11588707;153.963;153.983;153.973;0;T;True;3
1621246285000;11588708;153.963;153.983;153.973;0;T;True;3
1621246286000;11588710;153.965;153.985;153.975;1;T;True;3
1621246287000;11588711;153.965;153.985;153.975;0;T;True;3
1621246288000;11588712;153.965;153.985;153.975;0;T;True;3
1621246289000;11588713;153.965;153.985;153.975;0;T;True;3
1621246290000;11588714;153.965;153.985;153.975;0;T;True;3
1621246291000;11588715;153.965;153.985;153.975;0;T;True;3
1621246292000;11588716;153.965;153.985;153.975;0;T;True;3
1621246293000;11588717;153.965;153.985;153.975;0;T;True;3
1621246294000;11588718;153.965;153.985;153.975;0;T;True;3
1621246295000;11588719;153.965;153.985;153.975;0;T;True;3
1621246296000;11588720;153.965;153.985;153.975;0;T;True;3
1621246297000;11588722;153.963;153.983;153.973;1;T;True;3
1621246298000;11588723;153.963;153.983;153.973;0;T;True;3
1621246299000;11588725;153.962;153.982;153.972;1;T;True;3
1621246300000;11588728;153.959;153.979;153.969;2;T;True;3
1621246301000;11588729;153.959;153.979;153.969;0;T;True;3
1621246302000;11588730;153.959;153.979;153.969;0;T;True;3
1621246303000;11588731;153.959;153.979;153.969;0;T;True;3
1621246304000;11588734;153.962;153.982;153.972;2;T;True;3
1621246305000;11588735;153.962;153.982;153.972;0;T;True;3
1621246306000;11588736;153.962;153.982;153.972;0;T;True;3
1621246307000;11588738;153.96;153.98;153.97;1;T;True;3
1621246308000;11588741;153.956;153.976;153.966;2;T;True;3
1621246309000;11588744;153.965;153.985;153.975;2;T;True;3
1621246310000;11588745;153.965;153.985;153.975;0;T;True;3
1621246311000;11588747;153.964;153.984;153.974;1;T;True;3
1621246312000;11588748;153.964;153.984;153.974;0;T;True;3
1621246313000;11588749;153.964;153.984;153.974;0;T;True;3
1621246314000;11588750;153.964;153.984;153.974;0;T;True;3
1621246315000;11588751;153.964;153.984;153.974;0;T;True;3
1621246316000;11588752;153.964;153.984;153.974;0;T;True;3
1621246317000;11588753;153.964;153.984;153.974;0;T;True;3
1621246318000;11588754;153.964;153.984;153.974;0;T;True;3
1621246319000;11588755;153.964;153.984;153.974;0;T;True;3
1621246320000;11588757;153.965;153.985;153.975;1;T;True;3
1621246321000;11588758;153.965;153.985;153.975;0;T;True;3
1621246322000;11588761;153.963;153.983;153.973;2;T;True;3
1621246323000;11588762;153.963;153.983;153.973;0;T;True;3
1621246324000;11588763;153.963;153.983;153.973;0;T;True;3
1621246325000;11588764;153.963;153.983;153.973;0;T;True;3
1621246326000;11588765;153.963;153.983;153.973;0;T;True;3
1621246327000;11588766;153.963;153.983;153.973;0;T;True;3
1621246328000;11588767;153.963;153.983;153.973;0;T;True;3
1621246329000;11588768;153.963;153.983;153.973;0;T;True;3
1621246330000;11588769;153.963;153.983;153.973;0;T;True;3
1621246331000;11588772;153.961;153.981;153.971;2;T;True;3
1621246332000;11588775;153.957;153.977;153.967;2;T;True;3
1621246333000;11588776;153.957;153.977;153.967;0;T;True;3
1621246334000;11588777;153.957;153.977;153.967;0;T;True;3
1621246335000;11588778;153.957;153.977;153.967;0;T;True;3
1621246336000;11588779;153.957;153.977;153.967;0;T;True;3
1621246337000;11588781;153.955;153.975;153.965;1;T;True;3
1621246338000;11588784;153.953;153.973;153.963;2;T;True;3
1621246339000;11588785;153.953;153.973;153.963;0;T;True;3
1621246340000;11588786;153.953;153.973;153.963;0;T;True;3
1621246341000;11588789;153.946;153.966;153.956;2;T;True;3
1621246342000;11588790;153.946;153.966;153.956;0;T;True;3
1621246343000;11588796;153.937;153.957;153.947;5;T;True;3
1621246344000;11588800;153.928;153.948;153.938;3;T;True;3
1621246345000;11588802;153.929;153.949;153.939;1;T;True;3
1621246346000;11588805;153.928;153.948;153.938;2;T;True;3
1621246347000;11588809;153.933;153.953;153.943;3;T;True;3
1621246348000;11588810;153.933;153.953;153.943;0;T;True;3
1621246349000;11588812;153.934;153.954;153.944;1;T;True;3
1621246350000;11588820;153.938;153.958;153.948;7;T;True;3
1621246351000;11588822;153.939;153.959;153.949;1;T;True;3
1621246352000;11588823;153.939;153.959;153.949;0;T;True;3
1621246353000;11588824;153.939;153.959;153.949;0;T;True;3
1621246354000;11588825;153.939;153.959;153.949;0;T;True;3
1621246355000;11588826;153.939;153.959;153.949;0;T;True;3
1621246356000;11588829;153.937;153.957;153.947;2;T;True;3
1621246357000;11588833;153.937;153.957;153.947;3;T;True;3
1621246358000;11588834;153.937;153.957;153.947;0;T;True;3
1621246359000;11588837;153.935;153.955;153.945;2;T;True;3
1621246360000;11588838;153.935;153.955;153.945;0;T;True;3
1621246361000;11588843;153.931;153.951;153.941;4;T;True;3
1621246362000;11588844;153.931;153.951;153.941;0;T;True;3
1621246363000;11588845;153.931;153.951;153.941;0;T;True;3
1621246364000;11588846;153.931;153.951;153.941;0;T;True;3
1621246365000;11588847;153.931;153.951;153.941;0;T;True;3
1621246366000;11588848;153.931;153.951;153.941;0;T;True;3
1621246367000;11588849;153.931;153.951;153.941;0;T;True;3
1621246368000;11588851;153.93;153.95;153.94;1;T;True;3
1621246369000;11588853;153.927;153.947;153.937;1;T;True;3
1621246370000;11588856;153.927;153.947;153.937;2;T;True;3
1621246371000;11588860;153.927;153.947;153.937;3;T;True;3
1621246372000;11588862;153.926;153.946;153.936;1;T;True;3
1621246373000;11588866;153.927;153.947;153.937;3;T;True;3
1621246374000;11588869;153.938;153.958;153.948;2;T;True;3
1621246375000;11588870;153.938;153.958;153.948;0;T;True;3
1621246376000;11588871;153.938;153.958;153.948;0;T;True;3
1621246377000;11588873;153.941;153.961;153.951;1;T;True;3
1621246378000;11588874;153.941;153.961;153.951;0;T;True;3
1621246379000;11588876;153.942;153.962;153.952;1;T;True;3
1621246380000;11588878;153.941;153.961;153.951;1;T;True;3
1621246381000;11588879;153.941;153.961;153.951;0;T;True;3
1621246382000;11588880;153.941;153.961;153.951;0;T;True;3
1621246383000;11588881;153.941;153.961;153.951;0;T;True;3
1621246384000;11588882;153.941;153.961;153.951;0;T;True;3
1621246385000;11588884;153.939;153.959;153.949;1;T;True;3
1621246386000;11588886;153.936;153.956;153.946;1;T;True;3
1621246387000;11588887;153.936;153.956;153.946;0;T;True;3
1621246388000;11588892;153.939;153.959;153.949;4;T;True;3
1621246389000;11588894;153.937;153.957;153.947;1;T;True;3
1621246390000;11588895;153.937;153.957;153.947;0;T;True;3
1621246391000;11588896;153.937;153.957;153.947;0;T;True;3
1621246392000;11588898;153.938;153.958;153.948;1;T;True;3
1621246393000;11588899;153.938;153.958;153.948;0;T;True;3
1621246394000;11588902;153.939;153.959;153.949;2;T;True;3
1621246395000;11588903;153.939;153.959;153.949;0;T;True;3
1621246396000;11588904;153.939;153.959;153.949;0;T;True;3
1621246397000;11588909;153.943;153.963;153.953;4;T;True;3
1621246398000;11588911;153.941;153.961;153.951;1;T;True;3
1621246399000;11588913;153.939;153.959;153.949;1;T;True;3
1621246400000;11588914;153.939;153.959;153.949;0;T;True;3
1621246401000;11588915;153.939;153.959;153.949;0;T;True;3
1621246402000;11588917;153.936;153.956;153.946;1;T;True;3
1621246403000;11588919;153.933;153.953;153.943;1;T;True;3
1621246404000;11588921;153.935;153.955;153.945;1;T;True;3
1621246405000;11588923;153.937;153.957;153.947;1;T;True;3
1621246406000;11588925;153.938;153.958;153.948;1;T;True;3
1621246407000;11588926;153.938;153.958;153.948;0;T;True;3
1621246408000;11588927;153.938;153.958;153.948;0;T;True;3
1621246409000;11588930;153.935;153.955;153.945;2;T;True;3
1621246410000;11588931;153.935;153.955;153.945;0;T;True;3
1621246411000;11588932;153.935;153.955;153.945;0;T;True;3
1621246412000;11588934;153.933;153.953;153.943;1;T;True;3
1621246413000;11588937;153.936;153.956;153.946;2;T;True;3
1621246414000;11588939;153.937;153.957;153.947;1;T;True;3
1621246415000;11588944;153.94;153.96;153.95;4;T;True;3
1621246416000;11588945;153.94;153.96;153.95;0;T;True;3
1621246417000;11588946;153.94;153.96;153.95;0;T;True;3
1621246418000;11588948;153.939;153.959;153.949;1;T;True;3
1621246419000;11588949;153.939;153.959;153.949;0;T;True;3
1621246420000;11588952;153.945;153.965;153.955;2;T;True;3
1621246421000;11588953;153.945;153.965;153.955;0;T;True;3
1621246422000;11588954;153.945;153.965;153.955;0;T;True;3
1621246423000;11588955;153.945;153.965;153.955;0;T;True;3
1621246424000;11588957;153.947;153.967;153.957;1;T;True;3
1621246425000;11588960;153.943;153.963;153.953;2;T;True;3
1621246426000;11588961;153.943;153.963;153.953;0;T;True;3
1621246427000;11588965;153.941;153.961;153.951;3;T;True;3
1621246428000;11588966;153.941;153.961;153.951;0;T;True;3
1621246429000;11588969;153.942;153.962;153.952;2;T;True;3
1621246430000;11588970;153.942;153.962;153.952;0;T;True;3
1621246431000;11588973;153.939;153.959;153.949;2;T;True;3
1621246432000;11588974;153.939;153.959;153.949;0;T;True;3
1621246433000;11588975;153.939;153.959;153.949;0;T;True;3
1621246434000;11588978;153.936;153.956;153.946;2;T;True;3
1621246435000;11588979;153.936;153.956;153.946;0;T;True;3
1621246436000;11588981;153.935;153.955;153.945;1;T;True;3
1621246437000;11588982;153.935;153.955;153.945;0;T;True;3
1621246438000;11588983;153.935;153.955;153.945;0;T;True;3
1621246439000;11588985;153.933;153.953;153.943;1;T;True;3
1621246440000;11588986;153.933;153.953;153.943;0;T;True;3
1621246441000;11588988;153.931;153.951;153.941;1;T;True;3
1621246442000;11588989;153.931;153.951;153.941;0;T;True;3
1621246443000;11588990;153.931;153.951;153.941;0;T;True;3
1621246444000;11588991;153.931;153.951;153.941;0;T;True;3
1621246445000;11588992;153.931;153.951;153.941;0;T;True;3
1621246446000;11588993;153.931;153.951;153.941;0;T;True;3
1621246447000;11588994;153.931;153.951;153.941;0;T;True;3
1621246448000;11588996;153.929;153.949;153.939;1;T;True;3
1621246449000;11588997;153.929;153.949;153.939;0;T;True;3
1621246450000;11588998;153.929;153.949;153.939;0;T;True;3
1621246451000;11589000;153.931;153.951;153.941;1;T;True;3
1621246452000;11589002;153.929;153.949;153.939;1;T;True;3
1621246453000;11589005;153.923;153.943;153.933;2;T;True;3
1621246454000;11589012;153.927;153.947;153.937;6;T;True;3
1621246455000;11589015;153.925;153.945;153.935;2;T;True;3
1621246456000;11589017;153.923;153.943;153.933;1;T;True;3
1621246457000;11589021;153.922;153.942;153.932;3;T;True;3
1621246458000;11589023;153.924;153.944;153.934;1;T;True;3
1621246459000;11589026;153.924;153.944;153.934;2;T;True;3
1621246460000;11589028;153.923;153.943;153.933;1;T;True;3
1621246461000;11589029;153.923;153.943;153.933;0;T;True;3
1621246462000;11589031;153.922;153.942;153.932;1;T;True;3
1621246463000;11589035;153.916;153.936;153.926;3;T;True;3
1621246464000;11589037;153.915;153.935;153.925;1;T;True;3
1621246465000;11589038;153.915;153.935;153.925;0;T;True;3
1621246466000;11589039;153.915;153.935;153.925;0;T;True;3
1621246467000;11589041;153.916;153.936;153.926;1;T;True;3
1621246468000;11589044;153.917;153.937;153.927;2;T;True;3
1621246469000;11589045;153.917;153.937;153.927;0;T;True;3
1621246470000;11589046;153.917;153.937;153.927;0;T;True;3
1621246471000;11589047;153.917;153.937;153.927;0;T;True;3
1621246472000;11589049;153.915;153.935;153.925;1;T;True;3
1621246473000;11589050;153.915;153.935;153.925;0;T;True;3
1621246474000;11589051;153.915;153.935;153.925;0;T;True;3
1621246475000;11589053;153.909;153.929;153.919;1;T;True;3
1621246476000;11589055;153.911;153.931;153.921;1;T;True;3
1621246477000;11589057;153.913;153.933;153.923;1;T;True;3
1621246478000;11589058;153.913;153.933;153.923;0;T;True;3
1621246479000;11589059;153.913;153.933;153.923;0;T;True;3
1621246480000;11589061;153.914;153.934;153.924;1;T;True;3
1621246481000;11589062;153.914;153.934;153.924;0;T;True;3
1621246482000;11589064;153.913;153.933;153.923;1;T;True;3
1621246483000;11589065;153.913;153.933;153.923;0;T;True;3
1621246484000;11589066;153.913;153.933;153.923;0;T;True;3
1621246485000;11589067;153.913;153.933;153.923;0;T;True;3
1621246486000;11589068;153.913;153.933;153.923;0;T;True;3
1621246487000;11589069;153.913;153.933;153.923;0;T;True;3
1621246488000;11589070;153.913;153.933;153.923;0;T;True;3
1621246489000;11589074;153.912;153.932;153.922;3;T;True;3
1621246490000;11589075;153.912;153.932;153.922;0;T;True;3
1621246491000;11589078;153.915;153.935;153.925;2;T;True;3
1621246492000;11589079;153.915;153.935;153.925;0;T;True;3
1621246493000;11589081;153.917;153.937;153.927;1;T;True;3
1621246494000;11589082;153.917;153.937;153.927;0;T;True;3
1621246495000;11589083;153.917;153.937;153.927;0;T;True;3
1621246496000;11589085;153.916;153.936;153.926;1;T;True;3
1621246497000;11589086;153.916;153.936;153.926;0;T;True;3
1621246498000;11589087;153.916;153.936;153.926;0;T;True;3
1621246499000;11589088;153.916;153.936;153.926;0;T;True;3
1621246500000;11589089;153.916;153.936;153.926;0;T;True;3
1621246501000;11589090;153.916;153.936;153.926;0;T;True;3
1621246502000;11589094;153.913;153.933;153.923;3;T;True;3
1621246503000;11589095;153.913;153.933;153.923;0;T;True;3
1621246504000;11589096;153.913;153.933;153.923;0;T;True;3
1621246505000;11589097;153.913;153.933;153.923;0;T;True;3
1621246506000;11589098;153.913;153.933;153.923;0;T;True;3
1621246507000;11589101;153.922;153.942;153.932;2;T;True;3
1621246508000;11589102;153.922;153.942;153.932;0;T;True;3
1621246509000;11589104;153.923;153.943;153.933;1;T;True;3
1621246510000;11589106;153.922;153.942;153.932;1;T;True;3
1621246511000;11589109;153.919;153.939;153.929;2;T;True;3
1621246512000;11589111;153.915;153.935;153.925;1;T;True;3
1621246513000;11589114;153.913;153.933;153.923;2;T;True;3
1621246514000;11589116;153.912;153.932;153.922;1;T;True;3
1621246515000;11589117;153.912;153.932;153.922;0;T;True;3
1621246516000;11589118;153.912;153.932;153.922;0;T;True;3
1621246517000;11589120;153.913;153.933;153.923;1;T;True;3
1621246518000;11589121;153.913;153.933;153.923;0;T;True;3
1621246519000;11589123;153.915;153.935;153.925;1;T;True;3
1621246520000;11589124;153.915;153.935;153.925;0;T;True;3
1621246521000;11589126;153.912;153.932;153.922;1;T;True;3
1621246522000;11589134;153.915;153.935;153.925;7;T;True;3
1621246523000;11589135;153.915;153.935;153.925;0;T;True;3
1621246524000;11589136;153.915;153.935;153.925;0;T;True;3
1621246525000;11589137;153.915;153.935;153.925;0;T;True;3
1621246526000;11589139;153.919;153.939;153.929;1;T;True;3
1621246527000;11589140;153.919;153.939;153.929;0;T;True;3
1621246528000;11589141;153.919;153.939;153.929;0;T;True;3
1621246529000;11589142;153.919;153.939;153.929;0;T;True;3
1621246530000;11589145;153.923;153.943;153.933;2;T;True;3
1621246531000;11589147;153.921;153.941;153.931;1;T;True;3
1621246532000;11589148;153.921;153.941;153.931;0;T;True;3
1621246533000;11589149;153.921;153.941;153.931;0;T;True;3
1621246534000;11589150;153.921;153.941;153.931;0;T;True;3
1621246535000;11589152;153.922;153.942;153.932;1;T;True;3
1621246536000;11589154;153.921;153.941;153.931;1;T;True;3
1621246537000;11589155;153.921;153.941;153.931;0;T;True;3
1621246538000;11589156;153.921;153.941;153.931;0;T;True;3
1621246539000;11589157;153.921;153.941;153.931;0;T;True;3
1621246540000;11589160;153.917;153.937;153.927;2;T;True;3
1621246541000;11589162;153.916;153.936;153.926;1;T;True;3
1621246542000;11589163;153.916;153.936;153.926;0;T;True;3
1621246543000;11589166;153.917;153.937;153.927;2;T;True;3
1621246544000;11589168;153.918;153.938;153.928;1;T;True;3
1621246545000;11589169;153.918;153.938;153.928;0;T;True;3
1621246546000;11589171;153.92;153.94;153.93;1;T;True;3
1621246547000;11589173;153.921;153.941;153.931;1;T;True;3
1621246548000;11589174;153.921;153.941;153.931;0;T;True;3
1621246549000;11589175;153.921;153.941;153.931;0;T;True;3
1621246550000;11589177;153.923;153.943;153.933;1;T;True;3
1621246551000;11589179;153.922;153.942;153.932;1;T;True;3
1621246552000;11589180;153.922;153.942;153.932;0;T;True;3
1621246553000;11589181;153.922;153.942;153.932;0;T;True;3
1621246554000;11589182;153.922;153.942;153.932;0;T;True;3
1621246555000;11589184;153.923;153.943;153.933;1;T;True;3
1621246556000;11589185;153.923;153.943;153.933;0;T;True;3
1621246557000;11589187;153.924;153.944;153.934;1;T;True;3
1621246558000;11589188;153.924;153.944;153.934;0;T;True;3
1621246559000;11589189;153.924;153.944;153.934;0;T;True;3
1621246560000;11589190;153.924;153.944;153.934;0;T;True;3
1621246561000;11589192;153.925;153.945;153.935;1;T;True;3
1621246562000;11589193;153.925;153.945;153.935;0;T;True;3
1621246563000;11589196;153.933;153.953;153.943;2;T;True;3
1621246564000;11589197;153.933;153.953;153.943;0;T;True;3
1621246565000;11589198;153.933;153.953;153.943;0;T;True;3
1621246566000;11589200;153.934;153.954;153.944;1;T;True;3
1621246567000;11589201;153.934;153.954;153.944;0;T;True;3
1621246568000;11589202;153.934;153.954;153.944;0;T;True;3
1621246569000;11589204;153.935;153.955;153.945;1;T;True;3
1621246570000;11589207;153.935;153.955;153.945;2;T;True;3
1621246571000;11589208;153.935;153.955;153.945;0;T;True;3
1621246572000;11589209;153.935;153.955;153.945;0;T;True;3
1621246573000;11589210;153.935;153.955;153.945;0;T;True;3
1621246574000;11589211;153.935;153.955;153.945;0;T;True;3
1621246575000;11589213;153.937;153.957;153.947;1;T;True;3
1621246576000;11589214;153.937;153.957;153.947;0;T;True;3
1621246577000;11589217;153.94;153.96;153.95;2;T;True;3
1621246578000;11589218;153.94;153.96;153.95;0;T;True;3
1621246579000;11589220;153.941;153.961;153.951;1;T;True;3
1621246580000;11589222;153.943;153.963;153.953;1;T;True;3
1621246581000;11589224;153.942;153.962;153.952;1;T;True;3
1621246582000;11589225;153.942;153.962;153.952;0;T;True;3
1621246583000;11589226;153.942;153.962;153.952;0;T;True;3
1621246584000;11589227;153.942;153.962;153.952;0;T;True;3
1621246585000;11589228;153.942;153.962;153.952;0;T;True;3
1621246586000;11589230;153.941;153.961;153.951;1;T;True;3
1621246587000;11589234;153.94;153.96;153.95;3;T;True;3
1621246588000;11589235;153.94;153.96;153.95;0;T;True;3
1621246589000;11589236;153.94;153.96;153.95;0;T;True;3
1621246590000;11589237;153.94;153.96;153.95;0;T;True;3
1621246591000;11589238;153.94;153.96;153.95;0;T;True;3
1621246592000;11589239;153.94;153.96;153.95;0;T;True;3
1621246593000;11589240;153.94;153.96;153.95;0;T;True;3
1621246594000;11589241;153.94;153.96;153.95;0;T;True;3
1621246595000;11589245;153.931;153.951;153.941;3;T;True;3
1621246596000;11589246;153.931;153.951;153.941;0;T;True;3
1621246597000;11589247;153.931;153.951;153.941;0;T;True;3
1621246598000;11589248;153.931;153.951;153.941;0;T;True;3
1621246599000;11589249;153.931;153.951;153.941;0;T;True;3
1621246600000;11589250;153.931;153.951;153.941;0;T;True;3
1621246601000;11589251;153.931;153.951;153.941;0;T;True;3
1621246602000;11589252;153.931;153.951;153.941;0;T;True;3
1621246603000;11589253;153.931;153.951;153.941;0;T;True;3
1621246604000;11589254;153.931;153.951;153.941;0;T;True;3
1621246605000;11589255;153.931;153.951;153.941;0;T;True;3
1621246606000;11589256;153.931;153.951;153.941;0;T;True;3
1621246607000;11589257;153.931;153.951;153.941;0;T;True;3
1621246608000;11589258;153.931;153.951;153.941;0;T;True;3
1621246609000;11589259;153.931;153.951;153.941;0;T;True;3
1621246610000;11589260;153.931;153.951;153.941;0;T;True;3
1621246611000;11589261;153.931;153.951;153.941;0;T;True;3
1621246612000;11589263;153.932;153.952;153.942;1;T;True;3
1621246613000;11589265;153.931;153.951;153.941;1;T;True;3
1621246614000;11589266;153.931;153.951;153.941;0;T;True;3
1621246615000;11589267;153.931;153.951;153.941;0;T;True;3
1621246616000;11589270;153.929;153.949;153.939;2;T;True;3
1621246617000;11589271;153.929;153.949;153.939;0;T;True;3
1621246618000;11589273;153.933;153.953;153.943;1;T;True;3
1621246619000;11589274;153.933;153.953;153.943;0;T;True;3
1621246620000;11589277;153.937;153.957;153.947;2;T;True;3
1621246621000;11589278;153.937;153.957;153.947;0;T;True;3
1621246622000;11589279;153.937;153.957;153.947;0;T;True;3
1621246623000;11589280;153.937;153.957;153.947;0;T;True;3
1621246624000;11589282;153.939;153.959;153.949;1;T;True;3
1621246625000;11589286;153.938;153.958;153.948;3;T;True;3
1621246626000;11589289;153.936;153.956;153.946;2;T;True;3
1621246627000;11589290;153.936;153.956;153.946;0;T;True;3
1621246628000;11589291;153.936;153.956;153.946;0;T;True;3
1621246629000;11589292;153.936;153.956;153.946;0;T;True;3
1621246630000;11589293;153.936;153.956;153.946;0;T;True;3
1621246631000;11589294;153.936;153.956;153.946;0;T;True;3
1621246632000;11589295;153.936;153.956;153.946;0;T;True;3
1621246633000;11589297;153.933;153.953;153.943;1;T;True;3
1621246634000;11589298;153.933;153.953;153.943;0;T;True;3
1621246635000;11589300;153.932;153.952;153.942;1;T;True;3
1621246636000;11589301;153.932;153.952;153.942;0;T;True;3
1621246637000;11589302;153.932;153.952;153.942;0;T;True;3
1621246638000;11589303;153.932;153.952;153.942;0;T;True;3
1621246639000;11589304;153.932;153.952;153.942;0;T;True;3
1621246640000;11589305;153.932;153.952;153.942;0;T;True;3
1621246641000;11589306;153.932;153.952;153.942;0;T;True;3
1621246642000;11589307;153.932;153.952;153.942;0;T;True;3
1621246643000;11589308;153.932;153.952;153.942;0;T;True;3
1621246644000;11589309;153.932;153.952;153.942;0;T;True;3
1621246645000;11589310;153.932;153.952;153.942;0;T;True;3
1621246646000;11589311;153.932;153.952;153.942;0;T;True;3
1621246647000;11589312;153.932;153.952;153.942;0;T;True;3
1621246648000;11589314;153.933;153.953;153.943;1;T;True;3
1621246649000;11589316;153.935;153.955;153.945;1;T;True;3
1621246650000;11589317;153.935;153.955;153.945;0;T;True;3
1621246651000;11589322;153.934;153.954;153.944;4;T;True;3
1621246652000;11589324;153.935;153.955;153.945;1;T;True;3
1621246653000;11589325;153.935;153.955;153.945;0;T;True;3
1621246654000;11589326;153.935;153.955;153.945;0;T;True;3
1621246655000;11589327;153.935;153.955;153.945;0;T;True;3
1621246656000;11589328;153.935;153.955;153.945;0;T;True;3
1621246657000;11589329;153.935;153.955;153.945;0;T;True;3
1621246658000;11589334;153.933;153.953;153.943;4;T;True;3
1621246659000;11589336;153.935;153.955;153.945;1;T;True;3
1621246660000;11589344;153.934;153.954;153.944;7;T;True;3
1621246661000;11589345;153.934;153.954;153.944;0;T;True;3
1621246662000;11589346;153.934;153.954;153.944;0;T;True;3
1621246663000;11589348;153.935;153.955;153.945;1;T;True;3
1621246664000;11589349;153.935;153.955;153.945;0;T;True;3
1621246665000;11589350;153.935;153.955;153.945;0;T;True;3
1621246666000;11589351;153.935;153.955;153.945;0;T;True;3
1621246667000;11589352;153.935;153.955;153.945;0;T;True;3
1621246668000;11589357;153.93;153.95;153.94;4;T;True;3
1621246669000;11589358;153.93;153.95;153.94;0;T;True;3
1621246670000;11589360;153.929;153.949;153.939;1;T;True;3
1621246671000;11589361;153.929;153.949;153.939;0;T;True;3
1621246672000;11589362;153.929;153.949;153.939;0;T;True;3
1621246673000;11589364;153.932;153.952;153.942;1;T;True;3
1621246674000;11589365;153.932;153.952;153.942;0;T;True;3
1621246675000;11589367;153.933;153.953;153.943;1;T;True;3
1621246676000;11589368;153.933;153.953;153.943;0;T;True;3
1621246677000;11589370;153.931;153.951;153.941;1;T;True;3
1621246678000;11589376;153.931;153.951;153.941;5;T;True;3
1621246679000;11589377;153.931;153.951;153.941;0;T;True;3
1621246680000;11589378;153.931;153.951;153.941;0;T;True;3
1621246681000;11589379;153.931;153.951;153.941;0;T;True;3
1621246682000;11589380;153.931;153.951;153.941;0;T;True;3
1621246683000;11589381;153.931;153.951;153.941;0;T;True;3
1621246684000;11589382;153.931;153.951;153.941;0;T;True;3
1621246685000;11589383;153.931;153.951;153.941;0;T;True;3
1621246686000;11589384;153.931;153.951;153.941;0;T;True;3
1621246687000;11589387;153.935;153.955;153.945;2;T;True;3
1621246688000;11589389;153.937;153.957;153.947;1;T;True;3
1621246689000;11589392;153.943;153.963;153.953;2;T;True;3
1621246690000;11589393;153.943;153.963;153.953;0;T;True;3
1621246691000;11589394;153.943;153.963;153.953;0;T;True;3
1621246692000;11589395;153.943;153.963;153.953;0;T;True;3
1621246693000;11589396;153.943;153.963;153.953;0;T;True;3
1621246694000;11589397;153.943;153.963;153.953;0;T;True;3
1621246695000;11589398;153.943;153.963;153.953;0;T;True;3
1621246696000;11589399;153.943;153.963;153.953;0;T;True;3
1621246697000;11589402;153.939;153.959;153.949;2;T;True;3
1621246698000;11589403;153.939;153.959;153.949;0;T;True;3
1621246699000;11589404;153.939;153.959;153.949;0;T;True;3
1621246700000;11589406;153.938;153.958;153.948;1;T;True;3
1621246701000;11589408;153.939;153.959;153.949;1;T;True;3
1621246702000;11589409;153.939;153.959;153.949;0;T;True;3
1621246703000;11589410;153.939;153.959;153.949;0;T;True;3
1621246704000;11589411;153.939;153.959;153.949;0;T;True;3
1621246705000;11589412;153.939;153.959;153.949;0;T;True;3
1621246706000;11589415;153.937;153.957;153.947;2;T;True;3
1621246707000;11589417;153.936;153.956;153.946;1;T;True;3
1621246708000;11589418;153.936;153.956;153.946;0;T;True;3
1621246709000;11589419;153.936;153.956;153.946;0;T;True;3
1621246710000;11589420;153.936;153.956;153.946;0;T;True;3
1621246711000;11589421;153.936;153.956;153.946;0;T;True;3
1621246712000;11589422;153.936;153.956;153.946;0;T;True;3
1621246713000;11589424;153.935;153.955;153.945;1;T;True;3
1621246714000;11589425;153.935;153.955;153.945;0;T;True;3
1621246715000;11589426;153.935;153.955;153.945;0;T;True;3
1621246716000;11589427;153.935;153.955;153.945;0;T;True;3
1621246717000;11589428;153.935;153.955;153.945;0;T;True;3
1621246718000;11589429;153.935;153.955;153.945;0;T;True;3
1621246719000;11589430;153.935;153.955;153.945;0;T;True;3
1621246720000;11589431;153.935;153.955;153.945;0;T;True;3
1621246721000;11589436;153.941;153.961;153.951;4;T;True;3
1621246722000;11589437;153.941;153.961;153.951;0;T;True;3
1621246723000;11589438;153.941;153.961;153.951;0;T;True;3
1621246724000;11589439;153.941;153.961;153.951;0;T;True;3
1621246725000;11589440;153.941;153.961;153.951;0;T;True;3
1621246726000;11589442;153.943;153.963;153.953;1;T;True;3
1621246727000;11589445;153.943;153.963;153.953;2;T;True;3
1621246728000;11589449;153.943;153.963;153.953;3;T;True;3
1621246729000;11589451;153.945;153.965;153.955;1;T;True;3
1621246730000;11589455;153.944;153.964;153.954;3;T;True;3
1621246731000;11589456;153.944;153.964;153.954;0;T;True;3
1621246732000;11589461;153.939;153.959;153.949;4;T;True;3
1621246733000;11589462;153.939;153.959;153.949;0;T;True;3
1621246734000;11589463;153.939;153.959;153.949;0;T;True;3
1621246735000;11589465;153.94;153.96;153.95;1;T;True;3
1621246736000;11589467;153.939;153.959;153.949;1;T;True;3
1621246737000;11589468;153.939;153.959;153.949;0;T;True;3
1621246738000;11589469;153.939;153.959;153.949;0;T;True;3
1621246739000;11589470;153.939;153.959;153.949;0;T;True;3
1621246740000;11589471;153.939;153.959;153.949;0;T;True;3
1621246741000;11589472;153.939;153.959;153.949;0;T;True;3
1621246742000;11589473;153.939;153.959;153.949;0;T;True;3
1621246743000;11589474;153.939;153.959;153.949;0;T;True;3
1621246744000;11589475;153.939;153.959;153.949;0;T;True;3
1621246745000;11589476;153.939;153.959;153.949;0;T;True;3
1621246746000;11589477;153.939;153.959;153.949;0;T;True;3
1621246747000;11589480;153.941;153.961;153.951;2;T;True;3
1621246748000;11589482;153.945;153.965;153.955;1;T;True;3
1621246749000;11589484;153.946;153.966;153.956;1;T;True;3
1621246750000;11589486;153.947;153.967;153.957;1;T;True;3
1621246751000;11589489;153.948;153.968;153.958;2;T;True;3
1621246752000;11589490;153.948;153.968;153.958;0;T;True;3
1621246753000;11589491;153.948;153.968;153.958;0;T;True;3
1621246754000;11589492;153.948;153.968;153.958;0;T;True;3
1621246755000;11589493;153.948;153.968;153.958;0;T;True;3
1621246756000;11589494;153.948;153.968;153.958;0;T;True;3
1621246757000;11589495;153.948;153.968;153.958;0;T;True;3
1621246758000;11589496;153.948;153.968;153.958;0;T;True;3
1621246759000;11589497;153.948;153.968;153.958;0;T;True;3
1621246760000;11589498;153.948;153.968;153.958;0;T;True;3
1621246761000;11589499;153.948;153.968;153.958;0;T;True;3
1621246762000;11589502;153.95;153.97;153.96;2;T;True;3
1621246763000;11589503;153.95;153.97;153.96;0;T;True;3
1621246764000;11589504;153.95;153.97;153.96;0;T;True;3
1621246765000;11589506;153.952;153.972;153.962;1;T;True;3
1621246766000;11589507;153.952;153.972;153.962;0;T;True;3
1621246767000;11589508;153.952;153.972;153.962;0;T;True;3
1621246768000;11589509;153.952;153.972;153.962;0;T;True;3
1621246769000;11589510;153.952;153.972;153.962;0;T;True;3
1621246770000;11589511;153.952;153.972;153.962;0;T;True;3
1621246771000;11589512;153.952;153.972;153.962;0;T;True;3
1621246772000;11589514;153.953;153.973;153.963;1;T;True;3
1621246773000;11589518;153.953;153.973;153.963;3;T;True;3
1621246774000;11589520;153.955;153.975;153.965;1;T;True;3
1621246775000;11589521;153.955;153.975;153.965;0;T;True;3
1621246776000;11589523;153.956;153.976;153.966;1;T;True;3
1621246777000;11589525;153.955;153.975;153.965;1;T;True;3
1621246778000;11589527;153.953;153.973;153.963;1;T;True;3
1621246779000;11589531;153.951;153.971;153.961;3;T;True;3
1621246780000;11589533;153.957;153.977;153.967;1;T;True;3
1621246781000;11589534;153.957;153.977;153.967;0;T;True;3
1621246782000;11589535;153.957;153.977;153.967;0;T;True;3
1621246783000;11589536;153.957;153.977;153.967;0;T;True;3
1621246784000;11589539;153.96;153.98;153.97;2;T;True;3
1621246785000;11589541;153.961;153.981;153.971;1;T;True;3
1621246786000;11589542;153.961;153.981;153.971;0;T;True;3
1621246787000;11589543;153.961;153.981;153.971;0;T;True;3
1621246788000;11589544;153.961;153.981;153.971;0;T;True;3
1621246789000;11589545;153.961;153.981;153.971;0;T;True;3
1621246790000;11589547;153.962;153.982;153.972;1;T;True;3
1621246791000;11589548;153.962;153.982;153.972;0;T;True;3
1621246792000;11589549;153.962;153.982;153.972;0;T;True;3
1621246793000;11589550;153.962;153.982;153.972;0;T;True;3
1621246794000;11589551;153.962;153.982;153.972;0;T;True;3
1621246795000;11589553;153.961;153.981;153.971;1;T;True;3
1621246796000;11589554;153.961;153.981;153.971;0;T;True;3
1621246797000;11589559;153.965;153.985;153.975;4;T;True;3
1621246798000;11589560;153.965;153.985;153.975;0;T;True;3
1621246799000;11589562;153.963;153.983;153.973;1;T;True;3
1621246800000;11589563;153.963;153.983;153.973;0;T;True;3
1621246801000;11589564;153.963;153.983;153.973;0;T;True;3
1621246802000;11589565;153.963;153.983;153.973;0;T;True;3
1621246803000;11589566;153.963;153.983;153.973;0;T;True;3
1621246804000;11589567;153.963;153.983;153.973;0;T;True;3
1621246805000;11589568;153.963;153.983;153.973;0;T;True;3
1621246806000;11589569;153.963;153.983;153.973;0;T;True;3
1621246807000;11589573;153.956;153.976;153.966;3;T;True;3
1621246808000;11589575;153.958;153.978;153.968;1;T;True;3
1621246809000;11589576;153.958;153.978;153.968;0;T;True;3
1621246810000;11589577;153.958;153.978;153.968;0;T;True;3
1621246811000;11589578;153.958;153.978;153.968;0;T;True;3
1621246812000;11589581;153.955;153.975;153.965;2;T;True;3
1621246813000;11589582;153.955;153.975;153.965;0;T;True;3
1621246814000;11589583;153.955;153.975;153.965;0;T;True;3
1621246815000;11589586;153.953;153.973;153.963;2;T;True;3
1621246816000;11589587;153.953;153.973;153.963;0;T;True;3
1621246817000;11589588;153.953;153.973;153.963;0;T;True;3
1621246818000;11589589;153.953;153.973;153.963;0;T;True;3
1621246819000;11589590;153.953;153.973;153.963;0;T;True;3
1621246820000;11589593;153.95;153.97;153.96;2;T;True;3
1621246821000;11589597;153.957;153.977;153.967;3;T;True;3
1621246822000;11589598;153.957;153.977;153.967;0;T;True;3
1621246823000;11589600;153.956;153.976;153.966;1;T;True;3
1621246824000;11589602;153.953;153.973;153.963;1;T;True;3
1621246825000;11589603;153.953;153.973;153.963;0;T;True;3
1621246826000;11589604;153.953;153.973;153.963;0;T;True;3
1621246827000;11589605;153.953;153.973;153.963;0;T;True;3
1621246828000;11589606;153.953;153.973;153.963;0;T;True;3
1621246829000;11589607;153.953;153.973;153.963;0;T;True;3
1621246830000;11589608;153.953;153.973;153.963;0;T;True;3
1621246831000;11589609;153.953;153.973;153.963;0;T;True;3
1621246832000;11589610;153.953;153.973;153.963;0;T;True;3
1621246833000;11589611;153.953;153.973;153.963;0;T;True;3
1621246834000;11589612;153.953;153.973;153.963;0;T;True;3
1621246835000;11589613;153.953;153.973;153.963;0;T;True;3
1621246836000;11589614;153.953;153.973;153.963;0;T;True;3
1621246837000;11589615;153.953;153.973;153.963;0;T;True;3
1621246838000;11589616;153.953;153.973;153.963;0;T;True;3
1621246839000;11589618;153.952;153.972;153.962;1;T;True;3
1621246840000;11589619;153.952;153.972;153.962;0;T;True;3
1621246841000;11589620;153.952;153.972;153.962;0;T;True;3
1621246842000;11589622;153.953;153.973;153.963;1;T;True;3
1621246843000;11589626;153.957;153.977;153.967;3;T;True;3
1621246844000;11589628;153.958;153.978;153.968;1;T;True;3
1621246845000;11589629;153.958;153.978;153.968;0;T;True;3
1621246846000;11589630;153.958;153.978;153.968;0;T;True;3
1621246847000;11589631;153.958;153.978;153.968;0;T;True;3
1621246848000;11589632;153.958;153.978;153.968;0;T;True;3
1621246849000;11589633;153.958;153.978;153.968;0;T;True;3
1621246850000;11589634;153.958;153.978;153.968;0;T;True;3
1621246851000;11589635;153.958;153.978;153.968;0;T;True;3
1621246852000;11589636;153.958;153.978;153.968;0;T;True;3
1621246853000;11589640;153.959;153.979;153.969;3;T;True;3
1621246854000;11589641;153.959;153.979;153.969;0;T;True;3
1621246855000;11589642;153.959;153.979;153.969;0;T;True;3
1621246856000;11589644;153.957;153.977;153.967;1;T;True;3
1621246857000;11589645;153.957;153.977;153.967;0;T;True;3
1621246858000;11589646;153.957;153.977;153.967;0;T;True;3
1621246859000;11589647;153.957;153.977;153.967;0;T;True;3
1621246860000;11589648;153.957;153.977;153.967;0;T;True;3
1621246861000;11589649;153.957;153.977;153.967;0;T;True;3
1621246862000;11589650;153.957;153.977;153.967;0;T;True;3
1621246863000;11589651;153.957;153.977;153.967;0;T;True;3
1621246864000;11589652;153.957;153.977;153.967;0;T;True;3
1621246865000;11589653;153.957;153.977;153.967;0;T;True;3
1621246866000;11589657;153.953;153.973;153.963;3;T;True;3
1621246867000;11589659;153.954;153.974;153.964;1;T;True;3
1621246868000;11589660;153.954;153.974;153.964;0;T;True;3
1621246869000;11589661;153.954;153.974;153.964;0;T;True;3
1621246870000;11589662;153.954;153.974;153.964;0;T;True;3
1621246871000;11589663;153.954;153.974;153.964;0;T;True;3
1621246872000;11589666;153.957;153.977;153.967;2;T;True;3
1621246873000;11589669;153.957;153.977;153.967;2;T;True;3
1621246874000;11589670;153.957;153.977;153.967;0;T;True;3
1621246875000;11589671;153.957;153.977;153.967;0;T;True;3
1621246876000;11589672;153.957;153.977;153.967;0;T;True;3
1621246877000;11589673;153.957;153.977;153.967;0;T;True;3
1621246878000;11589674;153.957;153.977;153.967;0;T;True;3
1621246879000;11589675;153.957;153.977;153.967;0;T;True;3
1621246880000;11589676;153.957;153.977;153.967;0;T;True;3
1621246881000;11589677;153.957;153.977;153.967;0;T;True;3
1621246882000;11589678;153.957;153.977;153.967;0;T;True;3
1621246883000;11589679;153.957;153.977;153.967;0;T;True;3
1621246884000;11589680;153.957;153.977;153.967;0;T;True;3
1621246885000;11589681;153.957;153.977;153.967;0;T;True;3
1621246886000;11589683;153.955;153.975;153.965;1;T;True;3
1621246887000;11589684;153.955;153.975;153.965;0;T;True;3
1621246888000;11589685;153.955;153.975;153.965;0;T;True;3
1621246889000;11589686;153.955;153.975;153.965;0;T;True;3
1621246890000;11589687;153.955;153.975;153.965;0;T;True;3
1621246891000;11589688;153.955;153.975;153.965;0;T;True;3
1621246892000;11589691;153.952;153.972;153.962;2;T;True;3
1621246893000;11589692;153.952;153.972;153.962;0;T;True;3
1621246894000;11589693;153.952;153.972;153.962;0;T;True;3
1621246895000;11589694;153.952;153.972;153.962;0;T;True;3
1621246896000;11589695;153.952;153.972;153.962;0;T;True;3
1621246897000;11589696;153.952;153.972;153.962;0;T;True;3
1621246898000;11589698;153.951;153.971;153.961;1;T;True;3
1621246899000;11589702;153.949;153.969;153.959;3;T;True;3
1621246900000;11589703;153.949;153.969;153.959;0;T;True;3
1621246901000;11589704;153.949;153.969;153.959;0;T;True;3
1621246902000;11589705;153.949;153.969;153.959;0;T;True;3
1621246903000;11589706;153.949;153.969;153.959;0;T;True;3
1621246904000;11589707;153.949;153.969;153.959;0;T;True;3
1621246905000;11589708;153.949;153.969;153.959;0;T;True;3
1621246906000;11589709;153.949;153.969;153.959;0;T;True;3
1621246907000;11589711;153.95;153.97;153.96;1;T;True;3
1621246908000;11589714;153.95;153.97;153.96;2;T;True;3
1621246909000;11589716;153.954;153.974;153.964;1;T;True;3
1621246910000;11589717;153.954;153.974;153.964;0;T;True;3
1621246911000;11589719;153.956;153.976;153.966;1;T;True;3
1621246912000;11589720;153.956;153.976;153.966;0;T;True;3
1621246913000;11589721;153.956;153.976;153.966;0;T;True;3
1621246914000;11589722;153.956;153.976;153.966;0;T;True;3
1621246915000;11589724;153.959;153.979;153.969;1;T;True;3
1621246916000;11589725;153.959;153.979;153.969;0;T;True;3
1621246917000;11589726;153.959;153.979;153.969;0;T;True;3
1621246918000;11589727;153.959;153.979;153.969;0;T;True;3
1621246919000;11589728;153.959;153.979;153.969;0;T;True;3
1621246920000;11589729;153.959;153.979;153.969;0;T;True;3
1621246921000;11589730;153.959;153.979;153.969;0;T;True;3
1621246922000;11589733;153.963;153.983;153.973;2;T;True;3
1621246923000;11589734;153.963;153.983;153.973;0;T;True;3
1621246924000;11589735;153.963;153.983;153.973;0;T;True;3
1621246925000;11589737;153.965;153.985;153.975;1;T;True;3
1621246926000;11589738;153.965;153.985;153.975;0;T;True;3
1621246927000;11589740;153.966;153.986;153.976;1;T;True;3
1621246928000;11589742;153.967;153.987;153.977;1;T;True;3
1621246929000;11589743;153.967;153.987;153.977;0;T;True;3
1621246930000;11589744;153.967;153.987;153.977;0;T;True;3
1621246931000;11589745;153.967;153.987;153.977;0;T;True;3
1621246932000;11589746;153.967;153.987;153.977;0;T;True;3
1621246933000;11589747;153.967;153.987;153.977;0;T;True;3
1621246934000;11589748;153.967;153.987;153.977;0;T;True;3
1621246935000;11589749;153.967;153.987;153.977;0;T;True;3
1621246936000;11589750;153.967;153.987;153.977;0;T;True;3
1621246937000;11589752;153.965;153.985;153.975;1;T;True;3
1621246938000;11589755;153.963;153.983;153.973;2;T;True;3
1621246939000;11589756;153.963;153.983;153.973;0;T;True;3
1621246940000;11589757;153.963;153.983;153.973;0;T;True;3
1621246941000;11589758;153.963;153.983;153.973;0;T;True;3
1621246942000;11589759;153.963;153.983;153.973;0;T;True;3
1621246943000;11589760;153.963;153.983;153.973;0;T;True;3
1621246944000;11589761;153.963;153.983;153.973;0;T;True;3
1621246945000;11589764;153.961;153.981;153.971;2;T;True;3
1621246946000;11589766;153.963;153.983;153.973;1;T;True;3
1621246947000;11589769;153.963;153.983;153.973;2;T;True;3
1621246948000;11589770;153.963;153.983;153.973;0;T;True;3
1621246949000;11589772;153.962;153.982;153.972;1;T;True;3
1621246950000;11589775;153.96;153.98;153.97;2;T;True;3
1621246951000;11589777;153.963;153.983;153.973;1;T;True;3
1621246952000;11589779;153.962;153.982;153.972;1;T;True;3
1621246953000;11589780;153.962;153.982;153.972;0;T;True;3
1621246954000;11589781;153.962;153.982;153.972;0;T;True;3
1621246955000;11589782;153.962;153.982;153.972;0;T;True;3
1621246956000;11589783;153.962;153.982;153.972;0;T;True;3
1621246957000;11589784;153.962;153.982;153.972;0;T;True;3
1621246958000;11589785;153.962;153.982;153.972;0;T;True;3
1621246959000;11589787;153.963;153.983;153.973;1;T;True;3
1621246960000;11589789;153.965;153.985;153.975;1;T;True;3
1621246961000;11589790;153.965;153.985;153.975;0;T;True;3
1621246962000;11589791;153.965;153.985;153.975;0;T;True;3
1621246963000;11589792;153.965;153.985;153.975;0;T;True;3
1621246964000;11589793;153.965;153.985;153.975;0;T;True;3
1621246965000;11589795;153.966;153.986;153.976;1;T;True;3
1621246966000;11589796;153.966;153.986;153.976;0;T;True;3
1621246967000;11589797;153.966;153.986;153.976;0;T;True;3
1621246968000;11589798;153.966;153.986;153.976;0;T;True;3
1621246969000;11589799;153.966;153.986;153.976;0;T;True;3
1621246970000;11589800;153.966;153.986;153.976;0;T;True;3
1621246971000;11589801;153.966;153.986;153.976;0;T;True;3
1621246972000;11589802;153.966;153.986;153.976;0;T;True;3
1621246973000;11589803;153.966;153.986;153.976;0;T;True;3
1621246974000;11589808;153.957;153.977;153.967;4;T;True;3
1621246975000;11589809;153.957;153.977;153.967;0;T;True;3
1621246976000;11589810;153.957;153.977;153.967;0;T;True;3
1621246977000;11589813;153.953;153.973;153.963;2;T;True;3
1621246978000;11589814;153.953;153.973;153.963;0;T;True;3
1621246979000;11589815;153.953;153.973;153.963;0;T;True;3
1621246980000;11589816;153.953;153.973;153.963;0;T;True;3
1621246981000;11589818;153.952;153.972;153.962;1;T;True;3
1621246982000;11589819;153.952;153.972;153.962;0;T;True;3
1621246983000;11589820;153.952;153.972;153.962;0;T;True;3
1621246984000;11589822;153.953;153.973;153.963;1;T;True;3
1621246985000;11589823;153.953;153.973;153.963;0;T;True;3
1621246986000;11589824;153.953;153.973;153.963;0;T;True;3
1621246987000;11589825;153.953;153.973;153.963;0;T;True;3
1621246988000;11589826;153.953;153.973;153.963;0;T;True;3
1621246989000;11589827;153.953;153.973;153.963;0;T;True;3
1621246990000;11589828;153.953;153.973;153.963;0;T;True;3
1621246991000;11589829;153.953;153.973;153.963;0;T;True;3
1621246992000;11589830;153.953;153.973;153.963;0;T;True;3
1621246993000;11589831;153.953;153.973;153.963;0;T;True;3
1621246994000;11589832;153.953;153.973;153.963;0;T;True;3
1621246995000;11589834;153.951;153.971;153.961;1;T;True;3
1621246996000;11589835;153.951;153.971;153.961;0;T;True;3
1621246997000;11589836;153.951;153.971;153.961;0;T;True;3
1621246998000;11589837;153.951;153.971;153.961;0;T;True;3
1621246999000;11589840;153.945;153.965;153.955;2;T;True;3
1621247000000;11589841;153.945;153.965;153.955;0;T;True;3
1621247001000;11589842;153.945;153.965;153.955;0;T;True;3
1621247002000;11589843;153.945;153.965;153.955;0;T;True;3
1621247003000;11589844;153.945;153.965;153.955;0;T;True;3
1621247004000;11589846;153.943;153.963;153.953;1;T;True;3
1621247005000;11589847;153.943;153.963;153.953;0;T;True;3
1621247006000;11589849;153.941;153.961;153.951;1;T;True;3
1621247007000;11589850;153.941;153.961;153.951;0;T;True;3
1621247008000;11589852;153.942;153.962;153.952;1;T;True;3
1621247009000;11589853;153.942;153.962;153.952;0;T;True;3
1621247010000;11589854;153.942;153.962;153.952;0;T;True;3
1621247011000;11589855;153.942;153.962;153.952;0;T;True;3
1621247012000;11589856;153.942;153.962;153.952;0;T;True;3
1621247013000;11589857;153.942;153.962;153.952;0;T;True;3
1621247014000;11589859;153.941;153.961;153.951;1;T;True;3
1621247015000;11589860;153.941;153.961;153.951;0;T;True;3
1621247016000;11589861;153.941;153.961;153.951;0;T;True;3
1621247017000;11589862;153.941;153.961;153.951;0;T;True;3
1621247018000;11589863;153.941;153.961;153.951;0;T;True;3
1621247019000;11589864;153.941;153.961;153.951;0;T;True;3
1621247020000;11589865;153.941;153.961;153.951;0;T;True;3
1621247021000;11589867;153.943;153.963;153.953;1;T;True;3
1621247022000;11589868;153.943;153.963;153.953;0;T;True;3
1621247023000;11589869;153.943;153.963;153.953;0;T;True;3
1621247024000;11589870;153.943;153.963;153.953;0;T;True;3
1621247025000;11589871;153.943;153.963;153.953;0;T;True;3
1621247026000;11589872;153.943;153.963;153.953;0;T;True;3
1621247027000;11589873;153.943;153.963;153.953;0;T;True;3
1621247028000;11589874;153.943;153.963;153.953;0;T;True;3
1621247029000;11589875;153.943;153.963;153.953;0;T;True;3
1621247030000;11589876;153.943;153.963;153.953;0;T;True;3
1621247031000;11589877;153.943;153.963;153.953;0;T;True;3
1621247032000;11589878;153.943;153.963;153.953;0;T;True;3
1621247033000;11589879;153.943;153.963;153.953;0;T;True;3
1621247034000;11589880;153.943;153.963;153.953;0;T;True;3
1621247035000;11589881;153.943;153.963;153.953;0;T;True;3
1621247036000;11589882;153.943;153.963;153.953;0;T;True;3
1621247037000;11589883;153.943;153.963;153.953;0;T;True;3
1621247038000;11589884;153.943;153.963;153.953;0;T;True;3
1621247039000;11589885;153.943;153.963;153.953;0;T;True;3
1621247040000;11589886;153.943;153.963;153.953;0;T;True;3
1621247041000;11589888;153.945;153.965;153.955;1;T;True;3
1621247042000;11589892;153.938;153.958;153.948;3;T;True;3
1621247043000;11589894;153.937;153.957;153.947;1;T;True;3
1621247044000;11589897;153.937;153.957;153.947;2;T;True;3
1621247045000;11589898;153.937;153.957;153.947;0;T;True;3
1621247046000;11589900;153.938;153.958;153.948;1;T;True;3
1621247047000;11589901;153.938;153.958;153.948;0;T;True;3
1621247048000;11589902;153.938;153.958;153.948;0;T;True;3
1621247049000;11589903;153.938;153.958;153.948;0;T;True;3
1621247050000;11589905;153.937;153.957;153.947;1;T;True;3
1621247051000;11589906;153.937;153.957;153.947;0;T;True;3
1621247052000;11589908;153.936;153.956;153.946;1;T;True;3
1621247053000;11589909;153.936;153.956;153.946;0;T;True;3
1621247054000;11589910;153.936;153.956;153.946;0;T;True;3
1621247055000;11589912;153.935;153.955;153.945;1;T;True;3
1621247056000;11589913;153.935;153.955;153.945;0;T;True;3
1621247057000;11589920;153.936;153.956;153.946;6;T;True;3
1621247058000;11589922;153.933;153.953;153.943;1;T;True;3
1621247059000;11589923;153.933;153.953;153.943;0;T;True;3
1621247060000;11589926;153.933;153.953;153.943;2;T;True;3
1621247061000;11589927;153.933;153.953;153.943;0;T;True;3
1621247062000;11589931;153.931;153.951;153.941;3;T;True;3
1621247063000;11589932;153.931;153.951;153.941;0;T;True;3
1621247064000;11589933;153.931;153.951;153.941;0;T;True;3
1621247065000;11589934;153.931;153.951;153.941;0;T;True;3
1621247066000;11589936;153.933;153.953;153.943;1;T;True;3
1621247067000;11589937;153.933;153.953;153.943;0;T;True;3
1621247068000;11589938;153.933;153.953;153.943;0;T;True;3
1621247069000;11589939;153.933;153.953;153.943;0;T;True;3
1621247070000;11589940;153.933;153.953;153.943;0;T;True;3
1621247071000;11589941;153.933;153.953;153.943;0;T;True;3
1621247072000;11589944;153.937;153.957;153.947;2;T;True;3
1621247073000;11589945;153.937;153.957;153.947;0;T;True;3
1621247074000;11589946;153.937;153.957;153.947;0;T;True;3
1621247075000;11589947;153.937;153.957;153.947;0;T;True;3
1621247076000;11589949;153.939;153.959;153.949;1;T;True;3
1621247077000;11589950;153.939;153.959;153.949;0;T;True;3
1621247078000;11589951;153.939;153.959;153.949;0;T;True;3
1621247079000;11589956;153.931;153.951;153.941;4;T;True;3
1621247080000;11589957;153.931;153.951;153.941;0;T;True;3
1621247081000;11589961;153.934;153.954;153.944;3;T;True;3
1621247082000;11589962;153.934;153.954;153.944;0;T;True;3
1621247083000;11589964;153.933;153.953;153.943;1;T;True;3
1621247084000;11589965;153.933;153.953;153.943;0;T;True;3
1621247085000;11589966;153.933;153.953;153.943;0;T;True;3
1621247086000;11589967;153.933;153.953;153.943;0;T;True;3
1621247087000;11589969;153.936;153.956;153.946;1;T;True;3
1621247088000;11589973;153.937;153.957;153.947;3;T;True;3
1621247089000;11589974;153.937;153.957;153.947;0;T;True;3
1621247090000;11589975;153.937;153.957;153.947;0;T;True;3
1621247091000;11589976;153.937;153.957;153.947;0;T;True;3
1621247092000;11589977;153.937;153.957;153.947;0;T;True;3
1621247093000;11589978;153.937;153.957;153.947;0;T;True;3
1621247094000;11589979;153.937;153.957;153.947;0;T;True;3
1621247095000;11589980;153.937;153.957;153.947;0;T;True;3
1621247096000;11589981;153.937;153.957;153.947;0;T;True;3
1621247097000;11589982;153.937;153.957;153.947;0;T;True;3
1621247098000;11589983;153.937;153.957;153.947;0;T;True;3
1621247099000;11589988;153.941;153.961;153.951;4;T;True;3
1621247100000;11589989;153.941;153.961;153.951;0;T;True;3
1621247101000;11589990;153.941;153.961;153.951;0;T;True;3
1621247102000;11589991;153.941;153.961;153.951;0;T;True;3
1621247103000;11589992;153.941;153.961;153.951;0;T;True;3
1621247104000;11589993;153.941;153.961;153.951;0;T;True;3
1621247105000;11589995;153.943;153.963;153.953;1;T;True;3
1621247106000;11589996;153.943;153.963;153.953;0;T;True;3
1621247107000;11589997;153.943;153.963;153.953;0;T;True;3
1621247108000;11590000;153.948;153.968;153.958;2;T;True;3
1621247109000;11590001;153.948;153.968;153.958;0;T;True;3
1621247110000;11590002;153.948;153.968;153.958;0;T;True;3
1621247111000;11590003;153.948;153.968;153.958;0;T;True;3
1621247112000;11590004;153.948;153.968;153.958;0;T;True;3
1621247113000;11590005;153.948;153.968;153.958;0;T;True;3
1621247114000;11590006;153.948;153.968;153.958;0;T;True;3
1621247115000;11590007;153.948;153.968;153.958;0;T;True;3
1621247116000;11590008;153.948;153.968;153.958;0;T;True;3
1621247117000;11590009;153.948;153.968;153.958;0;T;True;3
1621247118000;11590014;153.943;153.963;153.953;4;T;True;3
1621247119000;11590017;153.943;153.963;153.953;2;T;True;3
1621247120000;11590018;153.943;153.963;153.953;0;T;True;3
1621247121000;11590019;153.943;153.963;153.953;0;T;True;3
1621247122000;11590021;153.942;153.962;153.952;1;T;True;3
1621247123000;11590023;153.941;153.961;153.951;1;T;True;3
1621247124000;11590024;153.941;153.961;153.951;0;T;True;3
1621247125000;11590025;153.941;153.961;153.951;0;T;True;3
1621247126000;11590026;153.941;153.961;153.951;0;T;True;3
1621247127000;11590029;153.941;153.961;153.951;2;T;True;3
1621247128000;11590033;153.93;153.95;153.94;3;T;True;3
1621247129000;11590037;153.929;153.949;153.939;3;T;True;3
1621247130000;11590038;153.929;153.949;153.939;0;T;True;3
1621247131000;11590039;153.929;153.949;153.939;0;T;True;3
1621247132000;11590040;153.929;153.949;153.939;0;T;True;3
1621247133000;11590042;153.928;153.948;153.938;1;T;True;3
1621247134000;11590043;153.928;153.948;153.938;0;T;True;3
1621247135000;11590044;153.928;153.948;153.938;0;T;True;3
1621247136000;11590047;153.93;153.95;153.94;2;T;True;3
1621247137000;11590049;153.932;153.952;153.942;1;T;True;3
1621247138000;11590051;153.933;153.953;153.943;1;T;True;3
1621247139000;11590052;153.933;153.953;153.943;0;T;True;3
1621247140000;11590053;153.933;153.953;153.943;0;T;True;3
1621247141000;11590054;153.933;153.953;153.943;0;T;True;3
1621247142000;11590055;153.933;153.953;153.943;0;T;True;3
1621247143000;11590058;153.93;153.95;153.94;2;T;True;3
1621247144000;11590059;153.93;153.95;153.94;0;T;True;3
1621247145000;11590061;153.931;153.951;153.941;1;T;True;3
1621247146000;11590062;153.931;153.951;153.941;0;T;True;3
1621247147000;11590063;153.931;153.951;153.941;0;T;True;3
1621247148000;11590064;153.931;153.951;153.941;0;T;True;3
1621247149000;11590065;153.931;153.951;153.941;0;T;True;3
1621247150000;11590066;153.931;153.951;153.941;0;T;True;3
1621247151000;11590070;153.932;153.952;153.942;3;T;True;3
1621247152000;11590071;153.932;153.952;153.942;0;T;True;3
1621247153000;11590072;153.932;153.952;153.942;0;T;True;3
1621247154000;11590073;153.932;153.952;153.942;0;T;True;3
1621247155000;11590074;153.932;153.952;153.942;0;T;True;3
1621247156000;11590075;153.932;153.952;153.942;0;T;True;3
1621247157000;11590076;153.932;153.952;153.942;0;T;True;3
1621247158000;11590078;153.933;153.953;153.943;1;T;True;3
1621247159000;11590079;153.933;153.953;153.943;0;T;True;3
1621247160000;11590080;153.933;153.953;153.943;0;T;True;3
1621247161000;11590081;153.933;153.953;153.943;0;T;True;3
1621247162000;11590082;153.933;153.953;153.943;0;T;True;3
1621247163000;11590083;153.933;153.953;153.943;0;T;True;3
1621247164000;11590084;153.933;153.953;153.943;0;T;True;3
1621247165000;11590085;153.933;153.953;153.943;0;T;True;3
1621247166000;11590087;153.935;153.955;153.945;1;T;True;3
1621247167000;11590088;153.935;153.955;153.945;0;T;True;3
1621247168000;11590089;153.935;153.955;153.945;0;T;True;3
1621247169000;11590090;153.935;153.955;153.945;0;T;True;3
1621247170000;11590093;153.936;153.956;153.946;2;T;True;3
1621247171000;11590096;153.933;153.953;153.943;2;T;True;3
1621247172000;11590097;153.933;153.953;153.943;0;T;True;3
1621247173000;11590098;153.933;153.953;153.943;0;T;True;3
1621247174000;11590099;153.933;153.953;153.943;0;T;True;3
1621247175000;11590100;153.933;153.953;153.943;0;T;True;3
1621247176000;11590101;153.933;153.953;153.943;0;T;True;3
1621247177000;11590102;153.933;153.953;153.943;0;T;True;3
1621247178000;11590103;153.933;153.953;153.943;0;T;True;3
1621247179000;11590104;153.933;153.953;153.943;0;T;True;3
1621247180000;11590105;153.933;153.953;153.943;0;T;True;3
1621247181000;11590106;153.933;153.953;153.943;0;T;True;3
1621247182000;11590107;153.933;153.953;153.943;0;T;True;3
1621247183000;11590109;153.931;153.951;153.941;1;T;True;3
1621247184000;11590110;153.931;153.951;153.941;0;T;True;3
1621247185000;11590111;153.931;153.951;153.941;0;T;True;3
1621247186000;11590112;153.931;153.951;153.941;0;T;True;3
1621247187000;11590113;153.931;153.951;153.941;0;T;True;3
1621247188000;11590114;153.931;153.951;153.941;0;T;True;3
