ts;n;bid;ask;value;volume;phase;round;active_id
1621222062000;11548985;154.006;154.026;154.016;3;T;True;3
1621222063000;11548987;154.007;154.027;154.017;1;T;True;3
1621222064000;11548989;154.008;154.028;154.018;1;T;True;3
1621222065000;11548990;154.008;154.028;154.018;0;T;True;3
1621222066000;11548991;154.008;154.028;154.018;0;T;True;3
1621222067000;11548993;154.007;154.027;154.017;1;T;True;3
1621222068000;11548994;154.007;154.027;154.017;0;T;True;3
1621222069000;11548997;154.007;154.027;154.017;2;T;True;3
1621222070000;11548998;154.007;154.027;154.017;0;T;True;3
1621222071000;11549001;154.004;154.024;154.014;2;T;True;3
1621222072000;11549002;154.004;154.024;154.014;0;T;True;3
1621222073000;11549003;154.004;154.024;154.014;0;T;True;3
1621222074000;11549005;154.005;154.025;154.015;1;T;True;3
1621222075000;11549009;154.008;154.028;154.018;3;T;True;3
1621222076000;11549010;154.008;154.028;154.018;0;T;True;3
1621222077000;11549012;154.009;154.029;154.019;1;T;True;3
1621222078000;11549014;154.007;154.027;154.017;1;T;True;3
1621222079000;11549015;154.007;154.027;154.017;0;T;True;3
1621222080000;11549016;154.007;154.027;154.017;0;T;True;3
1621222081000;11549017;154.007;154.027;154.017;0;T;True;3
1621222082000;11549018;154.007;154.027;154.017;0;T;True;3
1621222083000;11549019;154.007;154.027;154.017;0;T;True;3
1621222084000;11549020;154.007;154.027;154.017;0;T;True;3
1621222085000;11549021;154.007;154.027;154.017;0;T;True;3
1621222086000;11549022;154.007;154.027;154.017;0;T;True;3
1621222087000;11549023;154.007;154.027;154.017;0;T;True;3
1621222088000;11549024;154.007;154.027;154.017;0;T;True;3
1621222089000;11549025;154.007;154.027;154.017;0;T;True;3
1621222090000;11549026;154.007;154.027;154.017;0;T;True;3
1621222091000;11549027;154.007;154.027;154.017;0;T;True;3
1621222092000;11549028;154.007;154.027;154.017;0;T;True;3
1621222093000;11549029;154.007;154.027;154.017;0;T;True;3
1621222094000;11549030;154.007;154.027;154.017;0;T;True;3
1621222095000;11549031;154.007;154.027;154.017;0;T;True;3
1621222096000;11549032;154.007;154.027;154.017;0;T;True;3
1621222097000;11549033;154.007;154.027;154.017;0;T;True;3
1621222098000;11549034;154.007;154.027;154.017;0;T;True;3
1621222099000;11549035;154.007;154.027;154.017;0;T;True;3
1621222100000;11549036;154.007;154.027;154.017;0;T;True;3
1621222101000;11549037;154.007;154.027;154.017;0;T;True;3
1621222102000;11549038;154.007;154.027;154.017;0;T;True;3
1621222103000;11549039;154.007;154.027;154.017;0;T;True;3
1621222104000;11549040;154.007;154.027;154.017;0;T;True;3
1621222105000;11549041;154.007;154.027;154.017;0;T;True;3
1621222106000;11549042;154.007;154.027;154.017;0;T;True;3
1621222107000;11549043;154.007;154.027;154.017;0;T;True;3
1621222108000;11549046;154.005;154.025;154.015;2;T;True;3
1621222109000;11549047;154.005;154.025;154.015;0;T;True;3
1621222110000;11549048;154.005;154.025;154.015;0;T;True;3
1621222111000;11549050;154.004;154.024;154.014;1;T;True;3
1621222112000;11549051;154.004;154.024;154.014;0;T;True;3
1621222113000;11549052;154.004;154.024;154.014;0;T;True;3
1621222114000;11549054;154.003;154.023;154.013;1;T;True;3
1621222115000;11549055;154.003;154.023;154.013;0;T;True;3
1621222116000;11549056;154.003;154.023;154.013;0;T;True;3
1621222117000;11549058;154.004;154.024;154.014;1;T;True;3
1621222118000;11549060;154.005;154.025;154.015;1;T;True;3
1621222119000;11549061;154.005;154.025;154.015;0;T;True;3
1621222120000;11549062;154.005;154.025;154.015;0;T;True;3
1621222121000;11549063;154.005;154.025;154.015;0;T;True;3
1621222122000;11549064;154.005;154.025;154.015;0;T;True;3
1621222123000;11549065;154.005;154.025;154.015;0;T;True;3
1621222124000;11549066;154.005;154.025;154.015;0;T;True;3
1621222125000;11549067;154.005;154.025;154.015;0;T;True;3
1621222126000;11549068;154.005;154.025;154.015;0;T;True;3
1621222127000;11549069;154.005;154.025;154.015;0;T;True;3
1621222128000;11549070;154.005;154.025;154.015;0;T;True;3
1621222129000;11549071;154.005;154.025;154.015;0;T;True;3
1621222130000;11549072;154.005;154.025;154.015;0;T;True;3
1621222131000;11549073;154.005;154.025;154.015;0;T;True;3
1621222132000;11549074;154.005;154.025;154.015;0;T;True;3
1621222133000;11549075;154.005;154.025;154.015;0;T;True;3
1621222134000;11549076;154.005;154.025;154.015;0;T;True;3
1621222135000;11549077;154.005;154.025;154.015;0;T;True;3
1621222136000;11549078;154.005;154.025;154.015;0;T;True;3
1621222137000;11549079;154.005;154.025;154.015;0;T;True;3
1621222138000;11549080;154.005;154.025;154.015;0;T;True;3
1621222139000;11549081;154.005;154.025;154.015;0;T;True;3
1621222140000;11549082;154.005;154.025;154.015;0;T;True;3
1621222141000;11549083;154.005;154.025;154.015;0;T;True;3
1621222142000;11549084;154.005;154.025;154.015;0;T;True;3
1621222143000;11549092;154.009;154.029;154.019;7;T;True;3
1621222144000;11549093;154.009;154.029;154.019;0;T;True;3
1621222145000;11549094;154.009;154.029;154.019;0;T;True;3
1621222146000;11549095;154.009;154.029;154.019;0;T;True;3
1621222147000;11549096;154.009;154.029;154.019;0;T;True;3
1621222148000;11549098;154.005;154.025;154.015;1;T;True;3
1621222149000;11549099;154.005;154.025;154.015;0;T;True;3
1621222150000;11549100;154.005;154.025;154.015;0;T;True;3
1621222151000;11549101;154.005;154.025;154.015;0;T;True;3
1621222152000;11549103;154.002;154.022;154.012;1;T;True;3
1621222153000;11549107;154.0;154.02;154.01;3;T;True;3
1621222154000;11549108;154.0;154.02;154.01;0;T;True;3
1621222155000;11549109;154.0;154.02;154.01;0;T;True;3
1621222156000;11549110;154.0;154.02;154.01;0;T;True;3
1621222157000;11549112;153.999;154.019;154.009;1;T;True;3
1621222158000;11549113;153.999;154.019;154.009;0;T;True;3
1621222159000;11549114;153.999;154.019;154.009;0;T;True;3
1621222160000;11549115;153.999;154.019;154.009;0;T;True;3
1621222161000;11549116;153.999;154.019;154.009;0;T;True;3
1621222162000;11549117;153.999;154.019;154.009;0;T;True;3
1621222163000;11549118;153.999;154.019;154.009;0;T;True;3
1621222164000;11549119;153.999;154.019;154.009;0;T;True;3
1621222165000;11549120;153.999;154.019;154.009;0;T;True;3
1621222166000;11549121;153.999;154.019;154.009;0;T;True;3
1621222167000;11549124;153.996;154.016;154.006;2;T;True;3
1621222168000;11549127;153.997;154.017;154.007;2;T;True;3
1621222169000;11549128;153.997;154.017;154.007;0;T;True;3
1621222170000;11549131;154.002;154.022;154.012;2;T;True;3
1621222171000;11549132;154.002;154.022;154.012;0;T;True;3
1621222172000;11549134;154.003;154.023;154.013;1;T;True;3
1621222173000;11549135;154.003;154.023;154.013;0;T;True;3
1621222174000;11549136;154.003;154.023;154.013;0;T;True;3
1621222175000;11549137;154.003;154.023;154.013;0;T;True;3
1621222176000;11549139;154.005;154.025;154.015;1;T;True;3
1621222177000;11549140;154.005;154.025;154.015;0;T;True;3
1621222178000;11549141;154.005;154.025;154.015;0;T;True;3
1621222179000;11549143;154.004;154.024;154.014;1;T;True;3
1621222180000;11549144;154.004;154.024;154.014;0;T;True;3
1621222181000;11549148;154.005;154.025;154.015;3;T;True;3
1621222182000;11549149;154.005;154.025;154.015;0;T;True;3
1621222183000;11549150;154.005;154.025;154.015;0;T;True;3
1621222184000;11549151;154.005;154.025;154.015;0;T;True;3
1621222185000;11549152;154.005;154.025;154.015;0;T;True;3
1621222186000;11549153;154.005;154.025;154.015;0;T;True;3
1621222187000;11549154;154.005;154.025;154.015;0;T;True;3
1621222188000;11549155;154.005;154.025;154.015;0;T;True;3
1621222189000;11549156;154.005;154.025;154.015;0;T;True;3
1621222190000;11549157;154.005;154.025;154.015;0;T;True;3
1621222191000;11549158;154.005;154.025;154.015;0;T;True;3
1621222192000;11549159;154.005;154.025;154.015;0;T;True;3
1621222193000;11549160;154.005;154.025;154.015;0;T;True;3
1621222194000;11549161;154.005;154.025;154.015;0;T;True;3
1621222195000;11549162;154.005;154.025;154.015;0;T;True;3
1621222196000;11549163;154.005;154.025;154.015;0;T;True;3
1621222197000;11549164;154.005;154.025;154.015;0;T;True;3
1621222198000;11549165;154.005;154.025;154.015;0;T;True;3
1621222199000;11549166;154.005;154.025;154.015;0;T;True;3
1621222200000;11549167;154.005;154.025;154.015;0;T;True;3
1621222201000;11549168;154.005;154.025;154.015;0;T;True;3
1621222202000;11549169;154.005;154.025;154.015;0;T;True;3
1621222203000;11549170;154.005;154.025;154.015;0;T;True;3
1621222204000;11549171;154.005;154.025;154.015;0;T;True;3
1621222205000;11549172;154.005;154.025;154.015;0;T;True;3
1621222206000;11549173;154.005;154.025;154.015;0;T;True;3
1621222207000;11549174;154.005;154.025;154.015;0;T;True;3
1621222208000;11549175;154.005;154.025;154.015;0;T;True;3
1621222209000;11549177;154.006;154.026;154.016;1;T;True;3
1621222210000;11549179;154.007;154.027;154.017;1;T;True;3
1621222211000;11549180;154.007;154.027;154.017;0;T;True;3
1621222212000;11549181;154.007;154.027;154.017;0;T;True;3
1621222213000;11549182;154.007;154.027;154.017;0;T;True;3
1621222214000;11549184;154.014;154.034;154.024;1;T;True;3
1621222215000;11549185;154.014;154.034;154.024;0;T;True;3
1621222216000;11549186;154.014;154.034;154.024;0;T;True;3
1621222217000;11549187;154.014;154.034;154.024;0;T;True;3
1621222218000;11549188;154.014;154.034;154.024;0;T;True;3
1621222219000;11549190;154.017;154.037;154.027;1;T;True;3
1621222220000;11549191;154.017;154.037;154.027;0;T;True;3
1621222221000;11549192;154.017;154.037;154.027;0;T;True;3
1621222222000;11549194;154.018;154.038;154.028;1;T;True;3
1621222223000;11549195;154.018;154.038;154.028;0;T;True;3
1621222224000;11549196;154.018;154.038;154.028;0;T;True;3
1621222225000;11549197;154.018;154.038;154.028;0;T;True;3
1621222226000;11549198;154.018;154.038;154.028;0;T;True;3
1621222227000;11549199;154.018;154.038;154.028;0;T;True;3
1621222228000;11549200;154.018;154.038;154.028;0;T;True;3
1621222229000;11549204;154.009;154.029;154.019;3;T;True;3
1621222230000;11549206;154.008;154.028;154.018;1;T;True;3
1621222231000;11549207;154.008;154.028;154.018;0;T;True;3
1621222232000;11549208;154.008;154.028;154.018;0;T;True;3
1621222233000;11549210;154.007;154.027;154.017;1;T;True;3
1621222234000;11549213;154.005;154.025;154.015;2;T;True;3
1621222235000;11549214;154.005;154.025;154.015;0;T;True;3
1621222236000;11549215;154.005;154.025;154.015;0;T;True;3
1621222237000;11549217;154.003;154.023;154.013;1;T;True;3
1621222238000;11549218;154.003;154.023;154.013;0;T;True;3
1621222239000;11549219;154.003;154.023;154.013;0;T;True;3
1621222240000;11549221;154.005;154.025;154.015;1;T;True;3
1621222241000;11549222;154.005;154.025;154.015;0;T;True;3
1621222242000;11549225;154.005;154.025;154.015;2;T;True;3
1621222243000;11549227;154.006;154.026;154.016;1;T;True;3
1621222244000;11549228;154.006;154.026;154.016;0;T;True;3
1621222245000;11549229;154.006;154.026;154.016;0;T;True;3
1621222246000;11549230;154.006;154.026;154.016;0;T;True;3
1621222247000;11549231;154.006;154.026;154.016;0;T;True;3
1621222248000;11549232;154.006;154.026;154.016;0;T;True;3
1621222249000;11549233;154.006;154.026;154.016;0;T;True;3
1621222250000;11549235;154.005;154.025;154.015;1;T;True;3
1621222251000;11549236;154.005;154.025;154.015;0;T;True;3
1621222252000;11549238;154.003;154.023;154.013;1;T;True;3
1621222253000;11549239;154.003;154.023;154.013;0;T;True;3
1621222254000;11549240;154.003;154.023;154.013;0;T;True;3
1621222255000;11549241;154.003;154.023;154.013;0;T;True;3
1621222256000;11549242;154.003;154.023;154.013;0;T;True;3
1621222257000;11549243;154.003;154.023;154.013;0;T;True;3
1621222258000;11549244;154.003;154.023;154.013;0;T;True;3
1621222259000;11549245;154.003;154.023;154.013;0;T;True;3
1621222260000;11549246;154.003;154.023;154.013;0;T;True;3
1621222261000;11549247;154.003;154.023;154.013;0;T;True;3
1621222262000;11549248;154.003;154.023;154.013;0;T;True;3
1621222263000;11549249;154.003;154.023;154.013;0;T;True;3
1621222264000;11549250;154.003;154.023;154.013;0;T;True;3
1621222265000;11549251;154.003;154.023;154.013;0;T;True;3
1621222266000;11549252;154.003;154.023;154.013;0;T;True;3
1621222267000;11549253;154.003;154.023;154.013;0;T;True;3
1621222268000;11549254;154.003;154.023;154.013;0;T;True;3
1621222269000;11549255;154.003;154.023;154.013;0;T;True;3
1621222270000;11549258;153.997;154.017;154.007;2;T;True;3
1621222271000;11549259;153.997;154.017;154.007;0;T;True;3
1621222272000;11549260;153.997;154.017;154.007;0;T;True;3
1621222273000;11549261;153.997;154.017;154.007;0;T;True;3
1621222274000;11549262;153.997;154.017;154.007;0;T;True;3
1621222275000;11549263;153.997;154.017;154.007;0;T;True;3
1621222276000;11549264;153.997;154.017;154.007;0;T;True;3
1621222277000;11549265;153.997;154.017;154.007;0;T;True;3
1621222278000;11549266;153.997;154.017;154.007;0;T;True;3
1621222279000;11549267;153.997;154.017;154.007;0;T;True;3
1621222280000;11549268;153.997;154.017;154.007;0;T;True;3
1621222281000;11549269;153.997;154.017;154.007;0;T;True;3
1621222282000;11549270;153.997;154.017;154.007;0;T;True;3
1621222283000;11549271;153.997;154.017;154.007;0;T;True;3
1621222284000;11549272;153.997;154.017;154.007;0;T;True;3
1621222285000;11549273;153.997;154.017;154.007;0;T;True;3
1621222286000;11549274;153.997;154.017;154.007;0;T;True;3
1621222287000;11549275;153.997;154.017;154.007;0;T;True;3
1621222288000;11549276;153.997;154.017;154.007;0;T;True;3
1621222289000;11549277;153.997;154.017;154.007;0;T;True;3
1621222290000;11549279;153.996;154.016;154.006;1;T;True;3
1621222291000;11549281;153.997;154.017;154.007;1;T;True;3
1621222292000;11549282;153.997;154.017;154.007;0;T;True;3
1621222293000;11549283;153.997;154.017;154.007;0;T;True;3
1621222294000;11549284;153.997;154.017;154.007;0;T;True;3
1621222295000;11549285;153.997;154.017;154.007;0;T;True;3
1621222296000;11549286;153.997;154.017;154.007;0;T;True;3
1621222297000;11549288;153.996;154.016;154.006;1;T;True;3
1621222298000;11549289;153.996;154.016;154.006;0;T;True;3
1621222299000;11549290;153.996;154.016;154.006;0;T;True;3
1621222300000;11549291;153.996;154.016;154.006;0;T;True;3
1621222301000;11549292;153.996;154.016;154.006;0;T;True;3
1621222302000;11549293;153.996;154.016;154.006;0;T;True;3
1621222303000;11549294;153.996;154.016;154.006;0;T;True;3
1621222304000;11549295;153.996;154.016;154.006;0;T;True;3
1621222305000;11549296;153.996;154.016;154.006;0;T;True;3
1621222306000;11549297;153.996;154.016;154.006;0;T;True;3
1621222307000;11549298;153.996;154.016;154.006;0;T;True;3
1621222308000;11549299;153.996;154.016;154.006;0;T;True;3
1621222309000;11549305;153.987;154.007;153.997;5;T;True;3
1621222310000;11549308;153.988;154.008;153.998;2;T;True;3
1621222311000;11549309;153.988;154.008;153.998;0;T;True;3
1621222312000;11549311;153.987;154.007;153.997;1;T;True;3
1621222313000;11549312;153.987;154.007;153.997;0;T;True;3
1621222314000;11549314;153.985;154.005;153.995;1;T;True;3
1621222315000;11549316;153.984;154.004;153.994;1;T;True;3
1621222316000;11549318;153.986;154.006;153.996;1;T;True;3
1621222317000;11549320;153.985;154.005;153.995;1;T;True;3
1621222318000;11549322;153.987;154.007;153.997;1;T;True;3
1621222319000;11549326;153.985;154.005;153.995;3;T;True;3
1621222320000;11549328;153.983;154.003;153.993;1;T;True;3
1621222321000;11549329;153.983;154.003;153.993;0;T;True;3
1621222322000;11549335;153.995;154.015;154.005;5;T;True;3
1621222323000;11549336;153.995;154.015;154.005;0;T;True;3
1621222324000;11549338;153.994;154.014;154.004;1;T;True;3
1621222325000;11549340;153.993;154.013;154.003;1;T;True;3
1621222326000;11549341;153.993;154.013;154.003;0;T;True;3
1621222327000;11549342;153.993;154.013;154.003;0;T;True;3
1621222328000;11549343;153.993;154.013;154.003;0;T;True;3
1621222329000;11549348;153.989;154.009;153.999;4;T;True;3
1621222330000;11549350;153.987;154.007;153.997;1;T;True;3
1621222331000;11549351;153.987;154.007;153.997;0;T;True;3
1621222332000;11549352;153.987;154.007;153.997;0;T;True;3
1621222333000;11549353;153.987;154.007;153.997;0;T;True;3
1621222334000;11549354;153.987;154.007;153.997;0;T;True;3
1621222335000;11549355;153.987;154.007;153.997;0;T;True;3
1621222336000;11549356;153.987;154.007;153.997;0;T;True;3
1621222337000;11549357;153.987;154.007;153.997;0;T;True;3
1621222338000;11549360;153.989;154.009;153.999;2;T;True;3
1621222339000;11549361;153.989;154.009;153.999;0;T;True;3
1621222340000;11549362;153.989;154.009;153.999;0;T;True;3
1621222341000;11549364;153.988;154.008;153.998;1;T;True;3
1621222342000;11549365;153.988;154.008;153.998;0;T;True;3
1621222343000;11549366;153.988;154.008;153.998;0;T;True;3
1621222344000;11549367;153.988;154.008;153.998;0;T;True;3
1621222345000;11549368;153.988;154.008;153.998;0;T;True;3
1621222346000;11549369;153.988;154.008;153.998;0;T;True;3
1621222347000;11549372;153.988;154.008;153.998;2;T;True;3
1621222348000;11549373;153.988;154.008;153.998;0;T;True;3
1621222349000;11549374;153.988;154.008;153.998;0;T;True;3
1621222350000;11549376;153.989;154.009;153.999;1;T;True;3
1621222351000;11549377;153.989;154.009;153.999;0;T;True;3
1621222352000;11549378;153.989;154.009;153.999;0;T;True;3
1621222353000;11549379;153.989;154.009;153.999;0;T;True;3
1621222354000;11549380;153.989;154.009;153.999;0;T;True;3
1621222355000;11549382;153.991;154.011;154.001;1;T;True;3
1621222356000;11549383;153.991;154.011;154.001;0;T;True;3
1621222357000;11549385;153.994;154.014;154.004;1;T;True;3
1621222358000;11549386;153.994;154.014;154.004;0;T;True;3
1621222359000;11549387;153.994;154.014;154.004;0;T;True;3
1621222360000;11549388;153.994;154.014;154.004;0;T;True;3
1621222361000;11549390;153.993;154.013;154.003;1;T;True;3
1621222362000;11549391;153.993;154.013;154.003;0;T;True;3
1621222363000;11549392;153.993;154.013;154.003;0;T;True;3
1621222364000;11549393;153.993;154.013;154.003;0;T;True;3
1621222365000;11549394;153.993;154.013;154.003;0;T;True;3
1621222366000;11549395;153.993;154.013;154.003;0;T;True;3
1621222367000;11549396;153.993;154.013;154.003;0;T;True;3
1621222368000;11549398;153.991;154.011;154.001;1;T;True;3
1621222369000;11549400;153.989;154.009;153.999;1;T;True;3
1621222370000;11549401;153.989;154.009;153.999;0;T;True;3
1621222371000;11549402;153.989;154.009;153.999;0;T;True;3
1621222372000;11549403;153.989;154.009;153.999;0;T;True;3
1621222373000;11549404;153.989;154.009;153.999;0;T;True;3
1621222374000;11549405;153.989;154.009;153.999;0;T;True;3
1621222375000;11549406;153.989;154.009;153.999;0;T;True;3
1621222376000;11549407;153.989;154.009;153.999;0;T;True;3
1621222377000;11549408;153.989;154.009;153.999;0;T;True;3
1621222378000;11549411;153.99;154.01;154.0;2;T;True;3
1621222379000;11549412;153.99;154.01;154.0;0;T;True;3
1621222380000;11549413;153.99;154.01;154.0;0;T;True;3
1621222381000;11549414;153.99;154.01;154.0;0;T;True;3
1621222382000;11549415;153.99;154.01;154.0;0;T;True;3
1621222383000;11549416;153.99;154.01;154.0;0;T;True;3
1621222384000;11549417;153.99;154.01;154.0;0;T;True;3
1621222385000;11549419;153.989;154.009;153.999;1;T;True;3
1621222386000;11549420;153.989;154.009;153.999;0;T;True;3
1621222387000;11549421;153.989;154.009;153.999;0;T;True;3
1621222388000;11549423;153.991;154.011;154.001;1;T;True;3
1621222389000;11549424;153.991;154.011;154.001;0;T;True;3
1621222390000;11549427;153.991;154.011;154.001;2;T;True;3
1621222391000;11549429;153.992;154.012;154.002;1;T;True;3
1621222392000;11549430;153.992;154.012;154.002;0;T;True;3
1621222393000;11549431;153.992;154.012;154.002;0;T;True;3
1621222394000;11549433;153.993;154.013;154.003;1;T;True;3
1621222395000;11549434;153.993;154.013;154.003;0;T;True;3
1621222396000;11549435;153.993;154.013;154.003;0;T;True;3
1621222397000;11549436;153.993;154.013;154.003;0;T;True;3
1621222398000;11549437;153.993;154.013;154.003;0;T;True;3
1621222399000;11549441;153.985;154.005;153.995;3;T;True;3
1621222400000;11549444;153.983;154.003;153.993;2;T;True;3
1621222401000;11549446;153.984;154.004;153.994;1;T;True;3
1621222402000;11549448;153.983;154.003;153.993;1;T;True;3
1621222403000;11549449;153.983;154.003;153.993;0;T;True;3
1621222404000;11549450;153.983;154.003;153.993;0;T;True;3
1621222405000;11549451;153.983;154.003;153.993;0;T;True;3
1621222406000;11549453;153.984;154.004;153.994;1;T;True;3
1621222407000;11549456;153.989;154.009;153.999;2;T;True;3
1621222408000;11549457;153.989;154.009;153.999;0;T;True;3
1621222409000;11549459;153.991;154.011;154.001;1;T;True;3
1621222410000;11549460;153.991;154.011;154.001;0;T;True;3
1621222411000;11549461;153.991;154.011;154.001;0;T;True;3
1621222412000;11549462;153.991;154.011;154.001;0;T;True;3
1621222413000;11549463;153.991;154.011;154.001;0;T;True;3
1621222414000;11549464;153.991;154.011;154.001;0;T;True;3
1621222415000;11549465;153.991;154.011;154.001;0;T;True;3
1621222416000;11549466;153.991;154.011;154.001;0;T;True;3
1621222417000;11549469;153.993;154.013;154.003;2;T;True;3
1621222418000;11549471;153.991;154.011;154.001;1;T;True;3
1621222419000;11549474;153.993;154.013;154.003;2;T;True;3
1621222420000;11549475;153.993;154.013;154.003;0;T;True;3
1621222421000;11549476;153.993;154.013;154.003;0;T;True;3
1621222422000;11549477;153.993;154.013;154.003;0;T;True;3
1621222423000;11549479;153.994;154.014;154.004;1;T;True;3
1621222424000;11549480;153.994;154.014;154.004;0;T;True;3
1621222425000;11549482;153.996;154.016;154.006;1;T;True;3
1621222426000;11549483;153.996;154.016;154.006;0;T;True;3
1621222427000;11549485;153.995;154.015;154.005;1;T;True;3
1621222428000;11549487;153.992;154.012;154.002;1;T;True;3
1621222429000;11549488;153.992;154.012;154.002;0;T;True;3
1621222430000;11549489;153.992;154.012;154.002;0;T;True;3
1621222431000;11549490;153.992;154.012;154.002;0;T;True;3
1621222432000;11549491;153.992;154.012;154.002;0;T;True;3
1621222433000;11549492;153.992;154.012;154.002;0;T;True;3
1621222434000;11549493;153.992;154.012;154.002;0;T;True;3
1621222435000;11549495;153.995;154.015;154.005;1;T;True;3
1621222436000;11549496;153.995;154.015;154.005;0;T;True;3
1621222437000;11549497;153.995;154.015;154.005;0;T;True;3
1621222438000;11549498;153.995;154.015;154.005;0;T;True;3
1621222439000;11549499;153.995;154.015;154.005;0;T;True;3
1621222440000;11549500;153.995;154.015;154.005;0;T;True;3
1621222441000;11549501;153.995;154.015;154.005;0;T;True;3
1621222442000;11549506;153.991;154.011;154.001;4;T;True;3
1621222443000;11549507;153.991;154.011;154.001;0;T;True;3
1621222444000;11549508;153.991;154.011;154.001;0;T;True;3
1621222445000;11549509;153.991;154.011;154.001;0;T;True;3
1621222446000;11549510;153.991;154.011;154.001;0;T;True;3
1621222447000;11549513;153.993;154.013;154.003;2;T;True;3
1621222448000;11549515;153.995;154.015;154.005;1;T;True;3
1621222449000;11549516;153.995;154.015;154.005;0;T;True;3
1621222450000;11549517;153.995;154.015;154.005;0;T;True;3
1621222451000;11549519;153.993;154.013;154.003;1;T;True;3
1621222452000;11549520;153.993;154.013;154.003;0;T;True;3
1621222453000;11549521;153.993;154.013;154.003;0;T;True;3
1621222454000;11549522;153.993;154.013;154.003;0;T;True;3
1621222455000;11549523;153.993;154.013;154.003;0;T;True;3
1621222456000;11549525;153.994;154.014;154.004;1;T;True;3
1621222457000;11549526;153.994;154.014;154.004;0;T;True;3
1621222458000;11549527;153.994;154.014;154.004;0;T;True;3
1621222459000;11549529;153.992;154.012;154.002;1;T;True;3
1621222460000;11549533;153.999;154.019;154.009;3;T;True;3
1621222461000;11549535;153.997;154.017;154.007;1;T;True;3
1621222462000;11549536;153.997;154.017;154.007;0;T;True;3
1621222463000;11549537;153.997;154.017;154.007;0;T;True;3
1621222464000;11549538;153.997;154.017;154.007;0;T;True;3
1621222465000;11549539;153.997;154.017;154.007;0;T;True;3
1621222466000;11549540;153.997;154.017;154.007;0;T;True;3
1621222467000;11549541;153.997;154.017;154.007;0;T;True;3
1621222468000;11549542;153.997;154.017;154.007;0;T;True;3
1621222469000;11549543;153.997;154.017;154.007;0;T;True;3
1621222470000;11549544;153.997;154.017;154.007;0;T;True;3
1621222471000;11549545;153.997;154.017;154.007;0;T;True;3
1621222472000;11549546;153.997;154.017;154.007;0;T;True;3
1621222473000;11549547;153.997;154.017;154.007;0;T;True;3
1621222474000;11549548;153.997;154.017;154.007;0;T;True;3
1621222475000;11549550;153.995;154.015;154.005;1;T;True;3
1621222476000;11549551;153.995;154.015;154.005;0;T;True;3
1621222477000;11549552;153.995;154.015;154.005;0;T;True;3
1621222478000;11549553;153.995;154.015;154.005;0;T;True;3
1621222479000;11549555;153.993;154.013;154.003;1;T;True;3
1621222480000;11549556;153.993;154.013;154.003;0;T;True;3
1621222481000;11549561;153.995;154.015;154.005;4;T;True;3
1621222482000;11549562;153.995;154.015;154.005;0;T;True;3
1621222483000;11549564;153.993;154.013;154.003;1;T;True;3
1621222484000;11549565;153.993;154.013;154.003;0;T;True;3
1621222485000;11549567;153.994;154.014;154.004;1;T;True;3
1621222486000;11549569;153.995;154.015;154.005;1;T;True;3
1621222487000;11549572;153.998;154.018;154.008;2;T;True;3
1621222488000;11549575;153.998;154.018;154.008;2;T;True;3
1621222489000;11549579;153.994;154.014;154.004;3;T;True;3
1621222490000;11549580;153.994;154.014;154.004;0;T;True;3
1621222491000;11549581;153.994;154.014;154.004;0;T;True;3
1621222492000;11549583;153.995;154.015;154.005;1;T;True;3
1621222493000;11549584;153.995;154.015;154.005;0;T;True;3
1621222494000;11549585;153.995;154.015;154.005;0;T;True;3
1621222495000;11549587;153.994;154.014;154.004;1;T;True;3
1621222496000;11549592;153.996;154.016;154.006;4;T;True;3
1621222497000;11549594;153.997;154.017;154.007;1;T;True;3
1621222498000;11549596;153.998;154.018;154.008;1;T;True;3
1621222499000;11549601;153.999;154.019;154.009;4;T;True;3
1621222500000;11549603;154.001;154.021;154.011;1;T;True;3
1621222501000;11549604;154.001;154.021;154.011;0;T;True;3
1621222502000;11549605;154.001;154.021;154.011;0;T;True;3
1621222503000;11549606;154.001;154.021;154.011;0;T;True;3
1621222504000;11549608;154.003;154.023;154.013;1;T;True;3
1621222505000;11549611;154.003;154.023;154.013;2;T;True;3
1621222506000;11549612;154.003;154.023;154.013;0;T;True;3
1621222507000;11549613;154.003;154.023;154.013;0;T;True;3
1621222508000;11549614;154.003;154.023;154.013;0;T;True;3
1621222509000;11549615;154.003;154.023;154.013;0;T;True;3
1621222510000;11549617;154.002;154.022;154.012;1;T;True;3
1621222511000;11549619;154.001;154.021;154.011;1;T;True;3
1621222512000;11549620;154.001;154.021;154.011;0;T;True;3
1621222513000;11549621;154.001;154.021;154.011;0;T;True;3
1621222514000;11549622;154.001;154.021;154.011;0;T;True;3
1621222515000;11549623;154.001;154.021;154.011;0;T;True;3
1621222516000;11549625;154.002;154.022;154.012;1;T;True;3
1621222517000;11549626;154.002;154.022;154.012;0;T;True;3
1621222518000;11549627;154.002;154.022;154.012;0;T;True;3
1621222519000;11549631;154.008;154.028;154.018;3;T;True;3
1621222520000;11549632;154.008;154.028;154.018;0;T;True;3
1621222521000;11549638;154.015;154.035;154.025;5;T;True;3
1621222522000;11549639;154.015;154.035;154.025;0;T;True;3
1621222523000;11549640;154.015;154.035;154.025;0;T;True;3
1621222524000;11549641;154.015;154.035;154.025;0;T;True;3
1621222525000;11549642;154.015;154.035;154.025;0;T;True;3
1621222526000;11549643;154.015;154.035;154.025;0;T;True;3
1621222527000;11549644;154.015;154.035;154.025;0;T;True;3
1621222528000;11549645;154.015;154.035;154.025;0;T;True;3
1621222529000;11549646;154.015;154.035;154.025;0;T;True;3
1621222530000;11549647;154.015;154.035;154.025;0;T;True;3
1621222531000;11549648;154.015;154.035;154.025;0;T;True;3
1621222532000;11549649;154.015;154.035;154.025;0;T;True;3
1621222533000;11549650;154.015;154.035;154.025;0;T;True;3
1621222534000;11549652;154.016;154.036;154.026;1;T;True;3
1621222535000;11549654;154.015;154.035;154.025;1;T;True;3
1621222536000;11549655;154.015;154.035;154.025;0;T;True;3
1621222537000;11549656;154.015;154.035;154.025;0;T;True;3
1621222538000;11549657;154.015;154.035;154.025;0;T;True;3
1621222539000;11549658;154.015;154.035;154.025;0;T;True;3
1621222540000;11549659;154.015;154.035;154.025;0;T;True;3
1621222541000;11549660;154.015;154.035;154.025;0;T;True;3
1621222542000;11549661;154.015;154.035;154.025;0;T;True;3
1621222543000;11549662;154.015;154.035;154.025;0;T;True;3
1621222544000;11549663;154.015;154.035;154.025;0;T;True;3
1621222545000;11549664;154.015;154.035;154.025;0;T;True;3
1621222546000;11549667;154.019;154.039;154.029;2;T;True;3
1621222547000;11549668;154.019;154.039;154.029;0;T;True;3
1621222548000;11549669;154.019;154.039;154.029;0;T;True;3
1621222549000;11549670;154.019;154.039;154.029;0;T;True;3
1621222550000;11549671;154.019;154.039;154.029;0;T;True;3
1621222551000;11549672;154.019;154.039;154.029;0;T;True;3
1621222552000;11549673;154.019;154.039;154.029;0;T;True;3
1621222553000;11549674;154.019;154.039;154.029;0;T;True;3
1621222554000;11549675;154.019;154.039;154.029;0;T;True;3
1621222555000;11549676;154.019;154.039;154.029;0;T;True;3
1621222556000;11549677;154.019;154.039;154.029;0;T;True;3
1621222557000;11549678;154.019;154.039;154.029;0;T;True;3
1621222558000;11549679;154.019;154.039;154.029;0;T;True;3
1621222559000;11549680;154.019;154.039;154.029;0;T;True;3
1621222560000;11549681;154.019;154.039;154.029;0;T;True;3
1621222561000;11549682;154.019;154.039;154.029;0;T;True;3
1621222562000;11549683;154.019;154.039;154.029;0;T;True;3
1621222563000;11549684;154.019;154.039;154.029;0;T;True;3
1621222564000;11549687;154.02;154.04;154.03;2;T;True;3
1621222565000;11549688;154.02;154.04;154.03;0;T;True;3
1621222566000;11549689;154.02;154.04;154.03;0;T;True;3
1621222567000;11549693;154.021;154.041;154.031;3;T;True;3
1621222568000;11549694;154.021;154.041;154.031;0;T;True;3
1621222569000;11549695;154.021;154.041;154.031;0;T;True;3
1621222570000;11549697;154.023;154.043;154.033;1;T;True;3
1621222571000;11549698;154.023;154.043;154.033;0;T;True;3
1621222572000;11549699;154.023;154.043;154.033;0;T;True;3
1621222573000;11549700;154.023;154.043;154.033;0;T;True;3
1621222574000;11549701;154.023;154.043;154.033;0;T;True;3
1621222575000;11549702;154.023;154.043;154.033;0;T;True;3
1621222576000;11549703;154.023;154.043;154.033;0;T;True;3
1621222577000;11549706;154.016;154.036;154.026;2;T;True;3
1621222578000;11549707;154.016;154.036;154.026;0;T;True;3
1621222579000;11549708;154.016;154.036;154.026;0;T;True;3
1621222580000;11549709;154.016;154.036;154.026;0;T;True;3
1621222581000;11549710;154.016;154.036;154.026;0;T;True;3
1621222582000;11549712;154.017;154.037;154.027;1;T;True;3
1621222583000;11549713;154.017;154.037;154.027;0;T;True;3
1621222584000;11549714;154.017;154.037;154.027;0;T;True;3
1621222585000;11549715;154.017;154.037;154.027;0;T;True;3
1621222586000;11549716;154.017;154.037;154.027;0;T;True;3
1621222587000;11549717;154.017;154.037;154.027;0;T;True;3
1621222588000;11549721;154.011;154.031;154.021;3;T;True;3
1621222589000;11549722;154.011;154.031;154.021;0;T;True;3
1621222590000;11549723;154.011;154.031;154.021;0;T;True;3
1621222591000;11549724;154.011;154.031;154.021;0;T;True;3
1621222592000;11549725;154.011;154.031;154.021;0;T;True;3
1621222593000;11549726;154.011;154.031;154.021;0;T;True;3
1621222594000;11549727;154.011;154.031;154.021;0;T;True;3
1621222595000;11549728;154.011;154.031;154.021;0;T;True;3
1621222596000;11549729;154.011;154.031;154.021;0;T;True;3
1621222597000;11549730;154.011;154.031;154.021;0;T;True;3
1621222598000;11549731;154.011;154.031;154.021;0;T;True;3
1621222599000;11549736;154.019;154.039;154.029;4;T;True;3
1621222600000;11549737;154.019;154.039;154.029;0;T;True;3
1621222601000;11549738;154.019;154.039;154.029;0;T;True;3
1621222602000;11549739;154.019;154.039;154.029;0;T;True;3
1621222603000;11549740;154.019;154.039;154.029;0;T;True;3
1621222604000;11549741;154.019;154.039;154.029;0;T;True;3
1621222605000;11549742;154.019;154.039;154.029;0;T;True;3
1621222606000;11549743;154.019;154.039;154.029;0;T;True;3
1621222607000;11549744;154.019;154.039;154.029;0;T;True;3
1621222608000;11549745;154.019;154.039;154.029;0;T;True;3
1621222609000;11549746;154.019;154.039;154.029;0;T;True;3
1621222610000;11549747;154.019;154.039;154.029;0;T;True;3
1621222611000;11549749;154.018;154.038;154.028;1;T;True;3
1621222612000;11549750;154.018;154.038;154.028;0;T;True;3
1621222613000;11549752;154.017;154.037;154.027;1;T;True;3
1621222614000;11549754;154.015;154.035;154.025;1;T;True;3
1621222615000;11549756;154.013;154.033;154.023;1;T;True;3
1621222616000;11549757;154.013;154.033;154.023;0;T;True;3
1621222617000;11549758;154.013;154.033;154.023;0;T;True;3
1621222618000;11549759;154.013;154.033;154.023;0;T;True;3
1621222619000;11549760;154.013;154.033;154.023;0;T;True;3
1621222620000;11549761;154.013;154.033;154.023;0;T;True;3
1621222621000;11549762;154.013;154.033;154.023;0;T;True;3
1621222622000;11549765;154.01;154.03;154.02;2;T;True;3
1621222623000;11549766;154.01;154.03;154.02;0;T;True;3
1621222624000;11549769;154.013;154.033;154.023;2;T;True;3
1621222625000;11549770;154.013;154.033;154.023;0;T;True;3
1621222626000;11549771;154.013;154.033;154.023;0;T;True;3
1621222627000;11549772;154.013;154.033;154.023;0;T;True;3
1621222628000;11549774;154.012;154.032;154.022;1;T;True;3
1621222629000;11549775;154.012;154.032;154.022;0;T;True;3
1621222630000;11549777;154.013;154.033;154.023;1;T;True;3
1621222631000;11549779;154.012;154.032;154.022;1;T;True;3
1621222632000;11549785;154.005;154.025;154.015;5;T;True;3
1621222633000;11549786;154.005;154.025;154.015;0;T;True;3
1621222634000;11549787;154.005;154.025;154.015;0;T;True;3
1621222635000;11549788;154.005;154.025;154.015;0;T;True;3
1621222636000;11549789;154.005;154.025;154.015;0;T;True;3
1621222637000;11549790;154.005;154.025;154.015;0;T;True;3
1621222638000;11549791;154.005;154.025;154.015;0;T;True;3
1621222639000;11549792;154.005;154.025;154.015;0;T;True;3
1621222640000;11549795;154.009;154.029;154.019;2;T;True;3
1621222641000;11549799;154.011;154.031;154.021;3;T;True;3
1621222642000;11549800;154.011;154.031;154.021;0;T;True;3
1621222643000;11549801;154.011;154.031;154.021;0;T;True;3
1621222644000;11549802;154.011;154.031;154.021;0;T;True;3
1621222645000;11549803;154.011;154.031;154.021;0;T;True;3
1621222646000;11549804;154.011;154.031;154.021;0;T;True;3
1621222647000;11549805;154.011;154.031;154.021;0;T;True;3
1621222648000;11549806;154.011;154.031;154.021;0;T;True;3
1621222649000;11549807;154.011;154.031;154.021;0;T;True;3
1621222650000;11549808;154.011;154.031;154.021;0;T;True;3
1621222651000;11549809;154.011;154.031;154.021;0;T;True;3
1621222652000;11549810;154.011;154.031;154.021;0;T;True;3
1621222653000;11549811;154.011;154.031;154.021;0;T;True;3
1621222654000;11549812;154.011;154.031;154.021;0;T;True;3
1621222655000;11549813;154.011;154.031;154.021;0;T;True;3
1621222656000;11549814;154.011;154.031;154.021;0;T;True;3
1621222657000;11549815;154.011;154.031;154.021;0;T;True;3
1621222658000;11549816;154.011;154.031;154.021;0;T;True;3
1621222659000;11549817;154.011;154.031;154.021;0;T;True;3
1621222660000;11549818;154.011;154.031;154.021;0;T;True;3
1621222661000;11549819;154.011;154.031;154.021;0;T;True;3
1621222662000;11549820;154.011;154.031;154.021;0;T;True;3
1621222663000;11549821;154.011;154.031;154.021;0;T;True;3
1621222664000;11549822;154.011;154.031;154.021;0;T;True;3
1621222665000;11549823;154.011;154.031;154.021;0;T;True;3
1621222666000;11549824;154.011;154.031;154.021;0;T;True;3
1621222667000;11549825;154.011;154.031;154.021;0;T;True;3
1621222668000;11549826;154.011;154.031;154.021;0;T;True;3
1621222669000;11549828;154.013;154.033;154.023;1;T;True;3
1621222670000;11549829;154.013;154.033;154.023;0;T;True;3
1621222671000;11549830;154.013;154.033;154.023;0;T;True;3
1621222672000;11549831;154.013;154.033;154.023;0;T;True;3
1621222673000;11549834;154.009;154.029;154.019;2;T;True;3
1621222674000;11549835;154.009;154.029;154.019;0;T;True;3
1621222675000;11549836;154.009;154.029;154.019;0;T;True;3
1621222676000;11549837;154.009;154.029;154.019;0;T;True;3
1621222677000;11549838;154.009;154.029;154.019;0;T;True;3
1621222678000;11549839;154.009;154.029;154.019;0;T;True;3
1621222679000;11549840;154.009;154.029;154.019;0;T;True;3
1621222680000;11549841;154.009;154.029;154.019;0;T;True;3
1621222681000;11549843;154.007;154.027;154.017;1;T;True;3
1621222682000;11549844;154.007;154.027;154.017;0;T;True;3
1621222683000;11549845;154.007;154.027;154.017;0;T;True;3
1621222684000;11549846;154.007;154.027;154.017;0;T;True;3
1621222685000;11549847;154.007;154.027;154.017;0;T;True;3
1621222686000;11549849;154.009;154.029;154.019;1;T;True;3
1621222687000;11549850;154.009;154.029;154.019;0;T;True;3
1621222688000;11549851;154.009;154.029;154.019;0;T;True;3
1621222689000;11549852;154.009;154.029;154.019;0;T;True;3
1621222690000;11549854;154.01;154.03;154.02;1;T;True;3
1621222691000;11549856;154.009;154.029;154.019;1;T;True;3
1621222692000;11549857;154.009;154.029;154.019;0;T;True;3
1621222693000;11549858;154.009;154.029;154.019;0;T;True;3
1621222694000;11549860;154.008;154.028;154.018;1;T;True;3
1621222695000;11549861;154.008;154.028;154.018;0;T;True;3
1621222696000;11549862;154.008;154.028;154.018;0;T;True;3
1621222697000;11549863;154.008;154.028;154.018;0;T;True;3
1621222698000;11549865;154.009;154.029;154.019;1;T;True;3
1621222699000;11549866;154.009;154.029;154.019;0;T;True;3
1621222700000;11549867;154.009;154.029;154.019;0;T;True;3
1621222701000;11549872;154.009;154.029;154.019;4;T;True;3
1621222702000;11549873;154.009;154.029;154.019;0;T;True;3
1621222703000;11549874;154.009;154.029;154.019;0;T;True;3
1621222704000;11549875;154.009;154.029;154.019;0;T;True;3
1621222705000;11549876;154.009;154.029;154.019;0;T;True;3
1621222706000;11549877;154.009;154.029;154.019;0;T;True;3
1621222707000;11549878;154.009;154.029;154.019;0;T;True;3
1621222708000;11549879;154.009;154.029;154.019;0;T;True;3
1621222709000;11549881;154.01;154.03;154.02;1;T;True;3
1621222710000;11549882;154.01;154.03;154.02;0;T;True;3
1621222711000;11549883;154.01;154.03;154.02;0;T;True;3
1621222712000;11549884;154.01;154.03;154.02;0;T;True;3
1621222713000;11549886;154.011;154.031;154.021;1;T;True;3
1621222714000;11549887;154.011;154.031;154.021;0;T;True;3
1621222715000;11549888;154.011;154.031;154.021;0;T;True;3
1621222716000;11549889;154.011;154.031;154.021;0;T;True;3
1621222717000;11549890;154.011;154.031;154.021;0;T;True;3
1621222718000;11549891;154.011;154.031;154.021;0;T;True;3
1621222719000;11549892;154.011;154.031;154.021;0;T;True;3
1621222720000;11549893;154.011;154.031;154.021;0;T;True;3
1621222721000;11549894;154.011;154.031;154.021;0;T;True;3
1621222722000;11549895;154.011;154.031;154.021;0;T;True;3
1621222723000;11549896;154.011;154.031;154.021;0;T;True;3
1621222724000;11549899;154.009;154.029;154.019;2;T;True;3
1621222725000;11549900;154.009;154.029;154.019;0;T;True;3
1621222726000;11549901;154.009;154.029;154.019;0;T;True;3
1621222727000;11549902;154.009;154.029;154.019;0;T;True;3
1621222728000;11549903;154.009;154.029;154.019;0;T;True;3
1621222729000;11549904;154.009;154.029;154.019;0;T;True;3
1621222730000;11549905;154.009;154.029;154.019;0;T;True;3
1621222731000;11549906;154.009;154.029;154.019;0;T;True;3
1621222732000;11549907;154.009;154.029;154.019;0;T;True;3
1621222733000;11549908;154.009;154.029;154.019;0;T;True;3
1621222734000;11549909;154.009;154.029;154.019;0;T;True;3
1621222735000;11549911;154.007;154.027;154.017;1;T;True;3
1621222736000;11549912;154.007;154.027;154.017;0;T;True;3
1621222737000;11549913;154.007;154.027;154.017;0;T;True;3
1621222738000;11549914;154.007;154.027;154.017;0;T;True;3
1621222739000;11549915;154.007;154.027;154.017;0;T;True;3
1621222740000;11549916;154.007;154.027;154.017;0;T;True;3
1621222741000;11549917;154.007;154.027;154.017;0;T;True;3
1621222742000;11549918;154.007;154.027;154.017;0;T;True;3
1621222743000;11549921;154.009;154.029;154.019;2;T;True;3
1621222744000;11549922;154.009;154.029;154.019;0;T;True;3
1621222745000;11549925;154.007;154.027;154.017;2;T;True;3
1621222746000;11549926;154.007;154.027;154.017;0;T;True;3
1621222747000;11549927;154.007;154.027;154.017;0;T;True;3
1621222748000;11549928;154.007;154.027;154.017;0;T;True;3
1621222749000;11549929;154.007;154.027;154.017;0;T;True;3
1621222750000;11549930;154.007;154.027;154.017;0;T;True;3
1621222751000;11549931;154.007;154.027;154.017;0;T;True;3
1621222752000;11549932;154.007;154.027;154.017;0;T;True;3
1621222753000;11549933;154.007;154.027;154.017;0;T;True;3
1621222754000;11549934;154.007;154.027;154.017;0;T;True;3
1621222755000;11549935;154.007;154.027;154.017;0;T;True;3
1621222756000;11549936;154.007;154.027;154.017;0;T;True;3
1621222757000;11549937;154.007;154.027;154.017;0;T;True;3
1621222758000;11549938;154.007;154.027;154.017;0;T;True;3
1621222759000;11549939;154.007;154.027;154.017;0;T;True;3
1621222760000;11549941;154.008;154.028;154.018;1;T;True;3
1621222761000;11549942;154.008;154.028;154.018;0;T;True;3
1621222762000;11549943;154.008;154.028;154.018;0;T;True;3
1621222763000;11549944;154.008;154.028;154.018;0;T;True;3
1621222764000;11549945;154.008;154.028;154.018;0;T;True;3
1621222765000;11549946;154.008;154.028;154.018;0;T;True;3
1621222766000;11549949;154.011;154.031;154.021;2;T;True;3
1621222767000;11549950;154.011;154.031;154.021;0;T;True;3
1621222768000;11549951;154.011;154.031;154.021;0;T;True;3
1621222769000;11549952;154.011;154.031;154.021;0;T;True;3
1621222770000;11549953;154.011;154.031;154.021;0;T;True;3
1621222771000;11549954;154.011;154.031;154.021;0;T;True;3
1621222772000;11549955;154.011;154.031;154.021;0;T;True;3
1621222773000;11549956;154.011;154.031;154.021;0;T;True;3
1621222774000;11549957;154.011;154.031;154.021;0;T;True;3
1621222775000;11549958;154.011;154.031;154.021;0;T;True;3
1621222776000;11549959;154.011;154.031;154.021;0;T;True;3
1621222777000;11549960;154.011;154.031;154.021;0;T;True;3
1621222778000;11549961;154.011;154.031;154.021;0;T;True;3
1621222779000;11549962;154.011;154.031;154.021;0;T;True;3
1621222780000;11549963;154.011;154.031;154.021;0;T;True;3
1621222781000;11549964;154.011;154.031;154.021;0;T;True;3
1621222782000;11549965;154.011;154.031;154.021;0;T;True;3
1621222783000;11549966;154.011;154.031;154.021;0;T;True;3
1621222784000;11549968;154.009;154.029;154.019;1;T;True;3
1621222785000;11549969;154.009;154.029;154.019;0;T;True;3
1621222786000;11549971;154.011;154.031;154.021;1;T;True;3
1621222787000;11549972;154.011;154.031;154.021;0;T;True;3
1621222788000;11549973;154.011;154.031;154.021;0;T;True;3
1621222789000;11549974;154.011;154.031;154.021;0;T;True;3
1621222790000;11549975;154.011;154.031;154.021;0;T;True;3
1621222791000;11549976;154.011;154.031;154.021;0;T;True;3
1621222792000;11549977;154.011;154.031;154.021;0;T;True;3
1621222793000;11549978;154.011;154.031;154.021;0;T;True;3
1621222794000;11549979;154.011;154.031;154.021;0;T;True;3
1621222795000;11549980;154.011;154.031;154.021;0;T;True;3
1621222796000;11549981;154.011;154.031;154.021;0;T;True;3
1621222797000;11549982;154.011;154.031;154.021;0;T;True;3
1621222798000;11549983;154.011;154.031;154.021;0;T;True;3
1621222799000;11549984;154.011;154.031;154.021;0;T;True;3
1621222800000;11549989;154.02;154.04;154.03;4;T;True;3
1621222801000;11549990;154.02;154.04;154.03;0;T;True;3
1621222802000;11549991;154.02;154.04;154.03;0;T;True;3
1621222803000;11549994;154.02;154.04;154.03;2;T;True;3
1621222804000;11549995;154.02;154.04;154.03;0;T;True;3
1621222805000;11549997;154.019;154.039;154.029;1;T;True;3
1621222806000;11549998;154.019;154.039;154.029;0;T;True;3
1621222807000;11549999;154.019;154.039;154.029;0;T;True;3
1621222808000;11550000;154.019;154.039;154.029;0;T;True;3
1621222809000;11550001;154.019;154.039;154.029;0;T;True;3
1621222810000;11550002;154.019;154.039;154.029;0;T;True;3
1621222811000;11550003;154.019;154.039;154.029;0;T;True;3
1621222812000;11550005;154.018;154.038;154.028;1;T;True;3
1621222813000;11550006;154.018;154.038;154.028;0;T;True;3
1621222814000;11550008;154.017;154.037;154.027;1;T;True;3
1621222815000;11550009;154.017;154.037;154.027;0;T;True;3
1621222816000;11550010;154.017;154.037;154.027;0;T;True;3
1621222817000;11550011;154.017;154.037;154.027;0;T;True;3
1621222818000;11550012;154.017;154.037;154.027;0;T;True;3
1621222819000;11550013;154.017;154.037;154.027;0;T;True;3
1621222820000;11550014;154.017;154.037;154.027;0;T;True;3
1621222821000;11550015;154.017;154.037;154.027;0;T;True;3
1621222822000;11550016;154.017;154.037;154.027;0;T;True;3
1621222823000;11550018;154.018;154.038;154.028;1;T;True;3
1621222824000;11550019;154.018;154.038;154.028;0;T;True;3
1621222825000;11550021;154.017;154.037;154.027;1;T;True;3
1621222826000;11550022;154.017;154.037;154.027;0;T;True;3
1621222827000;11550023;154.017;154.037;154.027;0;T;True;3
1621222828000;11550024;154.017;154.037;154.027;0;T;True;3
1621222829000;11550025;154.017;154.037;154.027;0;T;True;3
1621222830000;11550026;154.017;154.037;154.027;0;T;True;3
1621222831000;11550027;154.017;154.037;154.027;0;T;True;3
1621222832000;11550028;154.017;154.037;154.027;0;T;True;3
1621222833000;11550030;154.018;154.038;154.028;1;T;True;3
1621222834000;11550031;154.018;154.038;154.028;0;T;True;3
1621222835000;11550032;154.018;154.038;154.028;0;T;True;3
1621222836000;11550033;154.018;154.038;154.028;0;T;True;3
1621222837000;11550034;154.018;154.038;154.028;0;T;True;3
1621222838000;11550035;154.018;154.038;154.028;0;T;True;3
1621222839000;11550036;154.018;154.038;154.028;0;T;True;3
1621222840000;11550037;154.018;154.038;154.028;0;T;True;3
1621222841000;11550038;154.018;154.038;154.028;0;T;True;3
1621222842000;11550039;154.018;154.038;154.028;0;T;True;3
1621222843000;11550040;154.018;154.038;154.028;0;T;True;3
1621222844000;11550041;154.018;154.038;154.028;0;T;True;3
1621222845000;11550045;154.023;154.043;154.033;3;T;True;3
1621222846000;11550046;154.023;154.043;154.033;0;T;True;3
1621222847000;11550047;154.023;154.043;154.033;0;T;True;3
1621222848000;11550048;154.023;154.043;154.033;0;T;True;3
1621222849000;11550050;154.025;154.045;154.035;1;T;True;3
1621222850000;11550051;154.025;154.045;154.035;0;T;True;3
1621222851000;11550052;154.025;154.045;154.035;0;T;True;3
1621222852000;11550053;154.025;154.045;154.035;0;T;True;3
1621222853000;11550055;154.024;154.044;154.034;1;T;True;3
1621222854000;11550057;154.023;154.043;154.033;1;T;True;3
1621222855000;11550058;154.023;154.043;154.033;0;T;True;3
1621222856000;11550059;154.023;154.043;154.033;0;T;True;3
1621222857000;11550060;154.023;154.043;154.033;0;T;True;3
1621222858000;11550061;154.023;154.043;154.033;0;T;True;3
1621222859000;11550062;154.023;154.043;154.033;0;T;True;3
1621222860000;11550064;154.024;154.044;154.034;1;T;True;3
1621222861000;11550065;154.024;154.044;154.034;0;T;True;3
1621222862000;11550066;154.024;154.044;154.034;0;T;True;3
1621222863000;11550067;154.024;154.044;154.034;0;T;True;3
1621222864000;11550072;154.035;154.055;154.045;4;T;True;3
1621222865000;11550075;154.031;154.051;154.041;2;T;True;3
1621222866000;11550076;154.031;154.051;154.041;0;T;True;3
1621222867000;11550077;154.031;154.051;154.041;0;T;True;3
1621222868000;11550078;154.031;154.051;154.041;0;T;True;3
1621222869000;11550079;154.031;154.051;154.041;0;T;True;3
1621222870000;11550080;154.031;154.051;154.041;0;T;True;3
1621222871000;11550081;154.031;154.051;154.041;0;T;True;3
1621222872000;11550082;154.031;154.051;154.041;0;T;True;3
1621222873000;11550083;154.031;154.051;154.041;0;T;True;3
1621222874000;11550084;154.031;154.051;154.041;0;T;True;3
1621222875000;11550085;154.031;154.051;154.041;0;T;True;3
1621222876000;11550086;154.031;154.051;154.041;0;T;True;3
1621222877000;11550088;154.033;154.053;154.043;1;T;True;3
1621222878000;11550089;154.033;154.053;154.043;0;T;True;3
1621222879000;11550090;154.033;154.053;154.043;0;T;True;3
1621222880000;11550091;154.033;154.053;154.043;0;T;True;3
1621222881000;11550092;154.033;154.053;154.043;0;T;True;3
1621222882000;11550093;154.033;154.053;154.043;0;T;True;3
1621222883000;11550094;154.033;154.053;154.043;0;T;True;3
1621222884000;11550095;154.033;154.053;154.043;0;T;True;3
1621222885000;11550096;154.033;154.053;154.043;0;T;True;3
1621222886000;11550097;154.033;154.053;154.043;0;T;True;3
1621222887000;11550098;154.033;154.053;154.043;0;T;True;3
1621222888000;11550099;154.033;154.053;154.043;0;T;True;3
1621222889000;11550100;154.033;154.053;154.043;0;T;True;3
1621222890000;11550102;154.032;154.052;154.042;1;T;True;3
1621222891000;11550104;154.031;154.051;154.041;1;T;True;3
1621222892000;11550105;154.031;154.051;154.041;0;T;True;3
1621222893000;11550106;154.031;154.051;154.041;0;T;True;3
1621222894000;11550107;154.031;154.051;154.041;0;T;True;3
1621222895000;11550108;154.031;154.051;154.041;0;T;True;3
1621222896000;11550109;154.031;154.051;154.041;0;T;True;3
1621222897000;11550110;154.031;154.051;154.041;0;T;True;3
1621222898000;11550111;154.031;154.051;154.041;0;T;True;3
1621222899000;11550112;154.031;154.051;154.041;0;T;True;3
1621222900000;11550113;154.031;154.051;154.041;0;T;True;3
1621222901000;11550114;154.031;154.051;154.041;0;T;True;3
1621222902000;11550115;154.031;154.051;154.041;0;T;True;3
1621222903000;11550116;154.031;154.051;154.041;0;T;True;3
1621222904000;11550117;154.031;154.051;154.041;0;T;True;3
1621222905000;11550118;154.031;154.051;154.041;0;T;True;3
1621222906000;11550119;154.031;154.051;154.041;0;T;True;3
1621222907000;11550120;154.031;154.051;154.041;0;T;True;3
1621222908000;11550121;154.031;154.051;154.041;0;T;True;3
1621222909000;11550122;154.031;154.051;154.041;0;T;True;3
1621222910000;11550123;154.031;154.051;154.041;0;T;True;3
1621222911000;11550124;154.031;154.051;154.041;0;T;True;3
1621222912000;11550125;154.031;154.051;154.041;0;T;True;3
1621222913000;11550126;154.031;154.051;154.041;0;T;True;3
1621222914000;11550127;154.031;154.051;154.041;0;T;True;3
1621222915000;11550128;154.031;154.051;154.041;0;T;True;3
1621222916000;11550129;154.031;154.051;154.041;0;T;True;3
1621222917000;11550130;154.031;154.051;154.041;0;T;True;3
1621222918000;11550131;154.031;154.051;154.041;0;T;True;3
1621222919000;11550132;154.031;154.051;154.041;0;T;True;3
1621222920000;11550133;154.031;154.051;154.041;0;T;True;3
1621222921000;11550134;154.031;154.051;154.041;0;T;True;3
1621222922000;11550135;154.031;154.051;154.041;0;T;True;3
1621222923000;11550136;154.031;154.051;154.041;0;T;True;3
1621222924000;11550138;154.03;154.05;154.04;1;T;True;3
1621222925000;11550140;154.029;154.049;154.039;1;T;True;3
1621222926000;11550144;154.025;154.045;154.035;3;T;True;3
1621222927000;11550145;154.025;154.045;154.035;0;T;True;3
1621222928000;11550146;154.025;154.045;154.035;0;T;True;3
1621222929000;11550147;154.025;154.045;154.035;0;T;True;3
1621222930000;11550148;154.025;154.045;154.035;0;T;True;3
1621222931000;11550149;154.025;154.045;154.035;0;T;True;3
1621222932000;11550150;154.025;154.045;154.035;0;T;True;3
1621222933000;11550151;154.025;154.045;154.035;0;T;True;3
1621222934000;11550152;154.025;154.045;154.035;0;T;True;3
1621222935000;11550153;154.025;154.045;154.035;0;T;True;3
1621222936000;11550158;154.017;154.037;154.027;4;T;True;3
1621222937000;11550159;154.017;154.037;154.027;0;T;True;3
1621222938000;11550160;154.017;154.037;154.027;0;T;True;3
1621222939000;11550161;154.017;154.037;154.027;0;T;True;3
1621222940000;11550162;154.017;154.037;154.027;0;T;True;3
1621222941000;11550163;154.017;154.037;154.027;0;T;True;3
1621222942000;11550164;154.017;154.037;154.027;0;T;True;3
1621222943000;11550165;154.017;154.037;154.027;0;T;True;3
1621222944000;11550166;154.017;154.037;154.027;0;T;True;3
1621222945000;11550167;154.017;154.037;154.027;0;T;True;3
1621222946000;11550168;154.017;154.037;154.027;0;T;True;3
1621222947000;11550169;154.017;154.037;154.027;0;T;True;3
1621222948000;11550170;154.017;154.037;154.027;0;T;True;3
1621222949000;11550171;154.017;154.037;154.027;0;T;True;3
1621222950000;11550172;154.017;154.037;154.027;0;T;True;3
1621222951000;11550173;154.017;154.037;154.027;0;T;True;3
1621222952000;11550174;154.017;154.037;154.027;0;T;True;3
1621222953000;11550175;154.017;154.037;154.027;0;T;True;3
1621222954000;11550176;154.017;154.037;154.027;0;T;True;3
1621222955000;11550177;154.017;154.037;154.027;0;T;True;3
1621222956000;11550178;154.017;154.037;154.027;0;T;True;3
1621222957000;11550179;154.017;154.037;154.027;0;T;True;3
1621222958000;11550180;154.017;154.037;154.027;0;T;True;3
1621222959000;11550181;154.017;154.037;154.027;0;T;True;3
1621222960000;11550182;154.017;154.037;154.027;0;T;True;3
1621222961000;11550183;154.017;154.037;154.027;0;T;True;3
1621222962000;11550184;154.017;154.037;154.027;0;T;True;3
1621222963000;11550185;154.017;154.037;154.027;0;T;True;3
1621222964000;11550186;154.017;154.037;154.027;0;T;True;3
1621222965000;11550190;154.023;154.043;154.033;3;T;True;3
1621222966000;11550191;154.023;154.043;154.033;0;T;True;3
1621222967000;11550192;154.023;154.043;154.033;0;T;True;3
1621222968000;11550193;154.023;154.043;154.033;0;T;True;3
1621222969000;11550194;154.023;154.043;154.033;0;T;True;3
1621222970000;11550195;154.023;154.043;154.033;0;T;True;3
1621222971000;11550199;154.018;154.038;154.028;3;T;True;3
1621222972000;11550200;154.018;154.038;154.028;0;T;True;3
1621222973000;11550202;154.017;154.037;154.027;1;T;True;3
1621222974000;11550205;154.02;154.04;154.03;2;T;True;3
1621222975000;11550206;154.02;154.04;154.03;0;T;True;3
1621222976000;11550207;154.02;154.04;154.03;0;T;True;3
1621222977000;11550208;154.02;154.04;154.03;0;T;True;3
1621222978000;11550209;154.02;154.04;154.03;0;T;True;3
1621222979000;11550210;154.02;154.04;154.03;0;T;True;3
1621222980000;11550211;154.02;154.04;154.03;0;T;True;3
1621222981000;11550212;154.02;154.04;154.03;0;T;True;3
1621222982000;11550213;154.02;154.04;154.03;0;T;True;3
1621222983000;11550214;154.02;154.04;154.03;0;T;True;3
1621222984000;11550215;154.02;154.04;154.03;0;T;True;3
1621222985000;11550216;154.02;154.04;154.03;0;T;True;3
1621222986000;11550217;154.02;154.04;154.03;0;T;True;3
1621222987000;11550219;154.021;154.041;154.031;1;T;True;3
1621222988000;11550222;154.023;154.043;154.033;2;T;True;3
1621222989000;11550223;154.023;154.043;154.033;0;T;True;3
1621222990000;11550224;154.023;154.043;154.033;0;T;True;3
1621222991000;11550225;154.023;154.043;154.033;0;T;True;3
1621222992000;11550226;154.023;154.043;154.033;0;T;True;3
1621222993000;11550227;154.023;154.043;154.033;0;T;True;3
1621222994000;11550228;154.023;154.043;154.033;0;T;True;3
1621222995000;11550229;154.023;154.043;154.033;0;T;True;3
1621222996000;11550230;154.023;154.043;154.033;0;T;True;3
1621222997000;11550231;154.023;154.043;154.033;0;T;True;3
1621222998000;11550234;154.027;154.047;154.037;2;T;True;3
1621222999000;11550235;154.027;154.047;154.037;0;T;True;3
1621223000000;11550236;154.027;154.047;154.037;0;T;True;3
1621223001000;11550237;154.027;154.047;154.037;0;T;True;3
1621223002000;11550238;154.027;154.047;154.037;0;T;True;3
1621223003000;11550240;154.026;154.046;154.036;1;T;True;3
1621223004000;11550245;154.033;154.053;154.043;4;T;True;3
1621223005000;11550246;154.033;154.053;154.043;0;T;True;3
1621223006000;11550247;154.033;154.053;154.043;0;T;True;3
1621223007000;11550248;154.033;154.053;154.043;0;T;True;3
1621223008000;11550249;154.033;154.053;154.043;0;T;True;3
1621223009000;11550251;154.035;154.055;154.045;1;T;True;3
1621223010000;11550252;154.035;154.055;154.045;0;T;True;3
1621223011000;11550253;154.035;154.055;154.045;0;T;True;3
1621223012000;11550255;154.034;154.054;154.044;1;T;True;3
1621223013000;11550256;154.034;154.054;154.044;0;T;True;3
1621223014000;11550257;154.034;154.054;154.044;0;T;True;3
1621223015000;11550258;154.034;154.054;154.044;0;T;True;3
1621223016000;11550259;154.034;154.054;154.044;0;T;True;3
1621223017000;11550260;154.034;154.054;154.044;0;T;True;3
1621223018000;11550261;154.034;154.054;154.044;0;T;True;3
1621223019000;11550262;154.034;154.054;154.044;0;T;True;3
1621223020000;11550263;154.034;154.054;154.044;0;T;True;3
1621223021000;11550264;154.034;154.054;154.044;0;T;True;3
1621223022000;11550265;154.034;154.054;154.044;0;T;True;3
1621223023000;11550266;154.034;154.054;154.044;0;T;True;3
1621223024000;11550267;154.034;154.054;154.044;0;T;True;3
1621223025000;11550268;154.034;154.054;154.044;0;T;True;3
1621223026000;11550269;154.034;154.054;154.044;0;T;True;3
1621223027000;11550270;154.034;154.054;154.044;0;T;True;3
1621223028000;11550271;154.034;154.054;154.044;0;T;True;3
1621223029000;11550272;154.034;154.054;154.044;0;T;True;3
1621223030000;11550273;154.034;154.054;154.044;0;T;True;3
1621223031000;11550274;154.034;154.054;154.044;0;T;True;3
1621223032000;11550276;154.033;154.053;154.043;1;T;True;3
1621223033000;11550277;154.033;154.053;154.043;0;T;True;3
1621223034000;11550278;154.033;154.053;154.043;0;T;True;3
1621223035000;11550279;154.033;154.053;154.043;0;T;True;3
1621223036000;11550280;154.033;154.053;154.043;0;T;True;3
1621223037000;11550281;154.033;154.053;154.043;0;T;True;3
1621223038000;11550282;154.033;154.053;154.043;0;T;True;3
1621223039000;11550283;154.033;154.053;154.043;0;T;True;3
1621223040000;11550284;154.033;154.053;154.043;0;T;True;3
1621223041000;11550285;154.033;154.053;154.043;0;T;True;3
1621223042000;11550286;154.033;154.053;154.043;0;T;True;3
1621223043000;11550287;154.033;154.053;154.043;0;T;True;3
1621223044000;11550291;154.026;154.046;154.036;3;T;True;3
1621223045000;11550292;154.026;154.046;154.036;0;T;True;3
1621223046000;11550293;154.026;154.046;154.036;0;T;True;3
1621223047000;11550294;154.026;154.046;154.036;0;T;True;3
1621223048000;11550297;154.029;154.049;154.039;2;T;True;3
1621223049000;11550298;154.029;154.049;154.039;0;T;True;3
1621223050000;11550299;154.029;154.049;154.039;0;T;True;3
1621223051000;11550300;154.029;154.049;154.039;0;T;True;3
1621223052000;11550301;154.029;154.049;154.039;0;T;True;3
1621223053000;11550302;154.029;154.049;154.039;0;T;True;3
1621223054000;11550303;154.029;154.049;154.039;0;T;True;3
1621223055000;11550304;154.029;154.049;154.039;0;T;True;3
1621223056000;11550305;154.029;154.049;154.039;0;T;True;3
1621223057000;11550306;154.029;154.049;154.039;0;T;True;3
1621223058000;11550307;154.029;154.049;154.039;0;T;True;3
1621223059000;11550308;154.029;154.049;154.039;0;T;True;3
1621223060000;11550309;154.029;154.049;154.039;0;T;True;3
1621223061000;11550312;154.029;154.049;154.039;2;T;True;3
1621223062000;11550313;154.029;154.049;154.039;0;T;True;3
1621223063000;11550316;154.032;154.052;154.042;2;T;True;3
1621223064000;11550318;154.033;154.053;154.043;1;T;True;3
1621223065000;11550319;154.033;154.053;154.043;0;T;True;3
1621223066000;11550321;154.035;154.055;154.045;1;T;True;3
1621223067000;11550322;154.035;154.055;154.045;0;T;True;3
1621223068000;11550324;154.034;154.054;154.044;1;T;True;3
1621223069000;11550325;154.034;154.054;154.044;0;T;True;3
1621223070000;11550328;154.036;154.056;154.046;2;T;True;3
1621223071000;11550332;154.039;154.059;154.049;3;T;True;3
1621223072000;11550335;154.039;154.059;154.049;2;T;True;3
1621223073000;11550339;154.041;154.061;154.051;3;T;True;3
1621223074000;11550342;154.041;154.061;154.051;2;T;True;3
1621223075000;11550344;154.042;154.062;154.052;1;T;True;3
1621223076000;11550345;154.042;154.062;154.052;0;T;True;3
1621223077000;11550346;154.042;154.062;154.052;0;T;True;3
1621223078000;11550347;154.042;154.062;154.052;0;T;True;3
1621223079000;11550348;154.042;154.062;154.052;0;T;True;3
1621223080000;11550349;154.042;154.062;154.052;0;T;True;3
1621223081000;11550350;154.042;154.062;154.052;0;T;True;3
1621223082000;11550353;154.039;154.059;154.049;2;T;True;3
1621223083000;11550354;154.039;154.059;154.049;0;T;True;3
1621223084000;11550355;154.039;154.059;154.049;0;T;True;3
1621223085000;11550356;154.039;154.059;154.049;0;T;True;3
1621223086000;11550357;154.039;154.059;154.049;0;T;True;3
1621223087000;11550358;154.039;154.059;154.049;0;T;True;3
1621223088000;11550359;154.039;154.059;154.049;0;T;True;3
1621223089000;11550360;154.039;154.059;154.049;0;T;True;3
1621223090000;11550361;154.039;154.059;154.049;0;T;True;3
1621223091000;11550362;154.039;154.059;154.049;0;T;True;3
1621223092000;11550363;154.039;154.059;154.049;0;T;True;3
1621223093000;11550367;154.048;154.068;154.058;3;T;True;3
1621223094000;11550369;154.047;154.067;154.057;1;T;True;3
1621223095000;11550370;154.047;154.067;154.057;0;T;True;3
1621223096000;11550371;154.047;154.067;154.057;0;T;True;3
1621223097000;11550372;154.047;154.067;154.057;0;T;True;3
1621223098000;11550375;154.05;154.07;154.06;2;T;True;3
1621223099000;11550376;154.05;154.07;154.06;0;T;True;3
1621223100000;11550377;154.05;154.07;154.06;0;T;True;3
1621223101000;11550379;154.051;154.071;154.061;1;T;True;3
1621223102000;11550381;154.049;154.069;154.059;1;T;True;3
1621223103000;11550382;154.049;154.069;154.059;0;T;True;3
1621223104000;11550383;154.049;154.069;154.059;0;T;True;3
1621223105000;11550384;154.049;154.069;154.059;0;T;True;3
1621223106000;11550386;154.047;154.067;154.057;1;T;True;3
1621223107000;11550387;154.047;154.067;154.057;0;T;True;3
1621223108000;11550388;154.047;154.067;154.057;0;T;True;3
1621223109000;11550389;154.047;154.067;154.057;0;T;True;3
1621223110000;11550390;154.047;154.067;154.057;0;T;True;3
1621223111000;11550393;154.041;154.061;154.051;2;T;True;3
1621223112000;11550394;154.041;154.061;154.051;0;T;True;3
1621223113000;11550395;154.041;154.061;154.051;0;T;True;3
1621223114000;11550396;154.041;154.061;154.051;0;T;True;3
1621223115000;11550398;154.04;154.06;154.05;1;T;True;3
1621223116000;11550400;154.039;154.059;154.049;1;T;True;3
1621223117000;11550401;154.039;154.059;154.049;0;T;True;3
1621223118000;11550402;154.039;154.059;154.049;0;T;True;3
1621223119000;11550403;154.039;154.059;154.049;0;T;True;3
1621223120000;11550404;154.039;154.059;154.049;0;T;True;3
1621223121000;11550405;154.039;154.059;154.049;0;T;True;3
1621223122000;11550406;154.039;154.059;154.049;0;T;True;3
1621223123000;11550407;154.039;154.059;154.049;0;T;True;3
1621223124000;11550409;154.041;154.061;154.051;1;T;True;3
1621223125000;11550410;154.041;154.061;154.051;0;T;True;3
1621223126000;11550411;154.041;154.061;154.051;0;T;True;3
1621223127000;11550412;154.041;154.061;154.051;0;T;True;3
1621223128000;11550413;154.041;154.061;154.051;0;T;True;3
1621223129000;11550414;154.041;154.061;154.051;0;T;True;3
1621223130000;11550415;154.041;154.061;154.051;0;T;True;3
1621223131000;11550416;154.041;154.061;154.051;0;T;True;3
1621223132000;11550417;154.041;154.061;154.051;0;T;True;3
1621223133000;11550418;154.041;154.061;154.051;0;T;True;3
1621223134000;11550419;154.041;154.061;154.051;0;T;True;3
1621223135000;11550421;154.042;154.062;154.052;1;T;True;3
1621223136000;11550422;154.042;154.062;154.052;0;T;True;3
1621223137000;11550423;154.042;154.062;154.052;0;T;True;3
1621223138000;11550424;154.042;154.062;154.052;0;T;True;3
1621223139000;11550425;154.042;154.062;154.052;0;T;True;3
1621223140000;11550426;154.042;154.062;154.052;0;T;True;3
1621223141000;11550428;154.043;154.063;154.053;1;T;True;3
1621223142000;11550429;154.043;154.063;154.053;0;T;True;3
1621223143000;11550430;154.043;154.063;154.053;0;T;True;3
1621223144000;11550431;154.043;154.063;154.053;0;T;True;3
1621223145000;11550432;154.043;154.063;154.053;0;T;True;3
1621223146000;11550433;154.043;154.063;154.053;0;T;True;3
1621223147000;11550434;154.043;154.063;154.053;0;T;True;3
1621223148000;11550436;154.045;154.065;154.055;1;T;True;3
1621223149000;11550437;154.045;154.065;154.055;0;T;True;3
1621223150000;11550438;154.045;154.065;154.055;0;T;True;3
1621223151000;11550439;154.045;154.065;154.055;0;T;True;3
1621223152000;11550441;154.047;154.067;154.057;1;T;True;3
1621223153000;11550442;154.047;154.067;154.057;0;T;True;3
1621223154000;11550443;154.047;154.067;154.057;0;T;True;3
1621223155000;11550444;154.047;154.067;154.057;0;T;True;3
1621223156000;11550445;154.047;154.067;154.057;0;T;True;3
1621223157000;11550446;154.047;154.067;154.057;0;T;True;3
1621223158000;11550447;154.047;154.067;154.057;0;T;True;3
1621223159000;11550448;154.047;154.067;154.057;0;T;True;3
1621223160000;11550449;154.047;154.067;154.057;0;T;True;3
1621223161000;11550450;154.047;154.067;154.057;0;T;True;3
1621223162000;11550451;154.047;154.067;154.057;0;T;True;3
1621223163000;11550452;154.047;154.067;154.057;0;T;True;3
1621223164000;11550455;154.047;154.067;154.057;2;T;True;3
1621223165000;11550457;154.049;154.069;154.059;1;T;True;3
1621223166000;11550458;154.049;154.069;154.059;0;T;True;3
1621223167000;11550459;154.049;154.069;154.059;0;T;True;3
1621223168000;11550460;154.049;154.069;154.059;0;T;True;3
1621223169000;11550461;154.049;154.069;154.059;0;T;True;3
1621223170000;11550462;154.049;154.069;154.059;0;T;True;3
1621223171000;11550463;154.049;154.069;154.059;0;T;True;3
1621223172000;11550464;154.049;154.069;154.059;0;T;True;3
1621223173000;11550465;154.049;154.069;154.059;0;T;True;3
1621223174000;11550467;154.047;154.067;154.057;1;T;True;3
1621223175000;11550468;154.047;154.067;154.057;0;T;True;3
1621223176000;11550469;154.047;154.067;154.057;0;T;True;3
1621223177000;11550471;154.048;154.068;154.058;1;T;True;3
1621223178000;11550472;154.048;154.068;154.058;0;T;True;3
1621223179000;11550473;154.048;154.068;154.058;0;T;True;3
1621223180000;11550474;154.048;154.068;154.058;0;T;True;3
1621223181000;11550476;154.049;154.069;154.059;1;T;True;3
1621223182000;11550477;154.049;154.069;154.059;0;T;True;3
1621223183000;11550478;154.049;154.069;154.059;0;T;True;3
1621223184000;11550479;154.049;154.069;154.059;0;T;True;3
1621223185000;11550480;154.049;154.069;154.059;0;T;True;3
1621223186000;11550481;154.049;154.069;154.059;0;T;True;3
1621223187000;11550482;154.049;154.069;154.059;0;T;True;3
1621223188000;11550483;154.049;154.069;154.059;0;T;True;3
1621223189000;11550485;154.043;154.063;154.053;1;T;True;3
1621223190000;11550486;154.043;154.063;154.053;0;T;True;3
1621223191000;11550487;154.043;154.063;154.053;0;T;True;3
1621223192000;11550488;154.043;154.063;154.053;0;T;True;3
1621223193000;11550490;154.039;154.059;154.049;1;T;True;3
1621223194000;11550492;154.038;154.058;154.048;1;T;True;3
1621223195000;11550493;154.038;154.058;154.048;0;T;True;3
1621223196000;11550495;154.037;154.057;154.047;1;T;True;3
1621223197000;11550496;154.037;154.057;154.047;0;T;True;3
1621223198000;11550498;154.04;154.06;154.05;1;T;True;3
1621223199000;11550500;154.037;154.057;154.047;1;T;True;3
1621223200000;11550501;154.037;154.057;154.047;0;T;True;3
1621223201000;11550502;154.037;154.057;154.047;0;T;True;3
1621223202000;11550503;154.037;154.057;154.047;0;T;True;3
1621223203000;11550504;154.037;154.057;154.047;0;T;True;3
1621223204000;11550507;154.039;154.059;154.049;2;T;True;3
1621223205000;11550508;154.039;154.059;154.049;0;T;True;3
1621223206000;11550509;154.039;154.059;154.049;0;T;True;3
1621223207000;11550510;154.039;154.059;154.049;0;T;True;3
1621223208000;11550511;154.039;154.059;154.049;0;T;True;3
1621223209000;11550512;154.039;154.059;154.049;0;T;True;3
1621223210000;11550513;154.039;154.059;154.049;0;T;True;3
1621223211000;11550514;154.039;154.059;154.049;0;T;True;3
1621223212000;11550515;154.039;154.059;154.049;0;T;True;3
1621223213000;11550516;154.039;154.059;154.049;0;T;True;3
1621223214000;11550517;154.039;154.059;154.049;0;T;True;3
1621223215000;11550518;154.039;154.059;154.049;0;T;True;3
1621223216000;11550519;154.039;154.059;154.049;0;T;True;3
1621223217000;11550520;154.039;154.059;154.049;0;T;True;3
1621223218000;11550521;154.039;154.059;154.049;0;T;True;3
1621223219000;11550522;154.039;154.059;154.049;0;T;True;3
1621223220000;11550523;154.039;154.059;154.049;0;T;True;3
1621223221000;11550524;154.039;154.059;154.049;0;T;True;3
1621223222000;11550525;154.039;154.059;154.049;0;T;True;3
1621223223000;11550527;154.038;154.058;154.048;1;T;True;3
1621223224000;11550528;154.038;154.058;154.048;0;T;True;3
1621223225000;11550530;154.039;154.059;154.049;1;T;True;3
1621223226000;11550531;154.039;154.059;154.049;0;T;True;3
1621223227000;11550532;154.039;154.059;154.049;0;T;True;3
1621223228000;11550533;154.039;154.059;154.049;0;T;True;3
1621223229000;11550534;154.039;154.059;154.049;0;T;True;3
1621223230000;11550535;154.039;154.059;154.049;0;T;True;3
1621223231000;11550537;154.04;154.06;154.05;1;T;True;3
1621223232000;11550538;154.04;154.06;154.05;0;T;True;3
1621223233000;11550541;154.033;154.053;154.043;2;T;True;3
1621223234000;11550542;154.033;154.053;154.043;0;T;True;3
1621223235000;11550543;154.033;154.053;154.043;0;T;True;3
1621223236000;11550544;154.033;154.053;154.043;0;T;True;3
1621223237000;11550545;154.033;154.053;154.043;0;T;True;3
1621223238000;11550547;154.032;154.052;154.042;1;T;True;3
1621223239000;11550548;154.032;154.052;154.042;0;T;True;3
1621223240000;11550549;154.032;154.052;154.042;0;T;True;3
1621223241000;11550550;154.032;154.052;154.042;0;T;True;3
1621223242000;11550552;154.033;154.053;154.043;1;T;True;3
1621223243000;11550557;154.036;154.056;154.046;4;T;True;3
1621223244000;11550560;154.034;154.054;154.044;2;T;True;3
1621223245000;11550561;154.034;154.054;154.044;0;T;True;3
1621223246000;11550562;154.034;154.054;154.044;0;T;True;3
1621223247000;11550564;154.035;154.055;154.045;1;T;True;3
1621223248000;11550565;154.035;154.055;154.045;0;T;True;3
1621223249000;11550566;154.035;154.055;154.045;0;T;True;3
1621223250000;11550567;154.035;154.055;154.045;0;T;True;3
1621223251000;11550568;154.035;154.055;154.045;0;T;True;3
1621223252000;11550569;154.035;154.055;154.045;0;T;True;3
1621223253000;11550570;154.035;154.055;154.045;0;T;True;3
1621223254000;11550571;154.035;154.055;154.045;0;T;True;3
1621223255000;11550572;154.035;154.055;154.045;0;T;True;3
1621223256000;11550573;154.035;154.055;154.045;0;T;True;3
1621223257000;11550574;154.035;154.055;154.045;0;T;True;3
1621223258000;11550575;154.035;154.055;154.045;0;T;True;3
1621223259000;11550576;154.035;154.055;154.045;0;T;True;3
1621223260000;11550578;154.036;154.056;154.046;1;T;True;3
1621223261000;11550580;154.037;154.057;154.047;1;T;True;3
1621223262000;11550581;154.037;154.057;154.047;0;T;True;3
1621223263000;11550582;154.037;154.057;154.047;0;T;True;3
1621223264000;11550583;154.037;154.057;154.047;0;T;True;3
1621223265000;11550584;154.037;154.057;154.047;0;T;True;3
1621223266000;11550585;154.037;154.057;154.047;0;T;True;3
1621223267000;11550586;154.037;154.057;154.047;0;T;True;3
1621223268000;11550587;154.037;154.057;154.047;0;T;True;3
1621223269000;11550588;154.037;154.057;154.047;0;T;True;3
1621223270000;11550589;154.037;154.057;154.047;0;T;True;3
1621223271000;11550590;154.037;154.057;154.047;0;T;True;3
1621223272000;11550591;154.037;154.057;154.047;0;T;True;3
1621223273000;11550592;154.037;154.057;154.047;0;T;True;3
1621223274000;11550593;154.037;154.057;154.047;0;T;True;3
1621223275000;11550594;154.037;154.057;154.047;0;T;True;3
1621223276000;11550595;154.037;154.057;154.047;0;T;True;3
1621223277000;11550596;154.037;154.057;154.047;0;T;True;3
1621223278000;11550597;154.037;154.057;154.047;0;T;True;3
1621223279000;11550598;154.037;154.057;154.047;0;T;True;3
1621223280000;11550599;154.037;154.057;154.047;0;T;True;3
1621223281000;11550600;154.037;154.057;154.047;0;T;True;3
1621223282000;11550601;154.037;154.057;154.047;0;T;True;3
1621223283000;11550602;154.037;154.057;154.047;0;T;True;3
1621223284000;11550603;154.037;154.057;154.047;0;T;True;3
1621223285000;11550604;154.037;154.057;154.047;0;T;True;3
1621223286000;11550606;154.036;154.056;154.046;1;T;True;3
1621223287000;11550608;154.037;154.057;154.047;1;T;True;3
1621223288000;11550609;154.037;154.057;154.047;0;T;True;3
1621223289000;11550610;154.037;154.057;154.047;0;T;True;3
1621223290000;11550611;154.037;154.057;154.047;0;T;True;3
1621223291000;11550612;154.037;154.057;154.047;0;T;True;3
1621223292000;11550613;154.037;154.057;154.047;0;T;True;3
1621223293000;11550614;154.037;154.057;154.047;0;T;True;3
1621223294000;11550615;154.037;154.057;154.047;0;T;True;3
1621223295000;11550616;154.037;154.057;154.047;0;T;True;3
1621223296000;11550617;154.037;154.057;154.047;0;T;True;3
1621223297000;11550618;154.037;154.057;154.047;0;T;True;3
1621223298000;11550619;154.037;154.057;154.047;0;T;True;3
1621223299000;11550620;154.037;154.057;154.047;0;T;True;3
1621223300000;11550621;154.037;154.057;154.047;0;T;True;3
1621223301000;11550622;154.037;154.057;154.047;0;T;True;3
1621223302000;11550623;154.037;154.057;154.047;0;T;True;3
1621223303000;11550624;154.037;154.057;154.047;0;T;True;3
1621223304000;11550629;154.048;154.068;154.058;4;T;True;3
1621223305000;11550631;154.049;154.069;154.059;1;T;True;3
1621223306000;11550635;154.052;154.072;154.062;3;T;True;3
1621223307000;11550639;154.055;154.075;154.065;3;T;True;3
1621223308000;11550641;154.057;154.077;154.067;1;T;True;3
1621223309000;11550642;154.057;154.077;154.067;0;T;True;3
1621223310000;11550643;154.057;154.077;154.067;0;T;True;3
1621223311000;11550644;154.057;154.077;154.067;0;T;True;3
1621223312000;11550645;154.057;154.077;154.067;0;T;True;3
1621223313000;11550646;154.057;154.077;154.067;0;T;True;3
1621223314000;11550647;154.057;154.077;154.067;0;T;True;3
1621223315000;11550648;154.057;154.077;154.067;0;T;True;3
1621223316000;11550651;154.059;154.079;154.069;2;T;True;3
1621223317000;11550652;154.059;154.079;154.069;0;T;True;3
1621223318000;11550653;154.059;154.079;154.069;0;T;True;3
1621223319000;11550654;154.059;154.079;154.069;0;T;True;3
1621223320000;11550657;154.059;154.079;154.069;2;T;True;3
1621223321000;11550660;154.055;154.075;154.065;2;T;True;3
1621223322000;11550661;154.055;154.075;154.065;0;T;True;3
1621223323000;11550662;154.055;154.075;154.065;0;T;True;3
1621223324000;11550663;154.055;154.075;154.065;0;T;True;3
1621223325000;11550665;154.053;154.073;154.063;1;T;True;3
1621223326000;11550666;154.053;154.073;154.063;0;T;True;3
1621223327000;11550667;154.053;154.073;154.063;0;T;True;3
1621223328000;11550668;154.053;154.073;154.063;0;T;True;3
1621223329000;11550672;154.053;154.073;154.063;3;T;True;3
1621223330000;11550675;154.053;154.073;154.063;2;T;True;3
1621223331000;11550676;154.053;154.073;154.063;0;T;True;3
1621223332000;11550677;154.053;154.073;154.063;0;T;True;3
1621223333000;11550681;154.052;154.072;154.062;3;T;True;3
1621223334000;11550683;154.053;154.073;154.063;1;T;True;3
1621223335000;11550684;154.053;154.073;154.063;0;T;True;3
1621223336000;11550685;154.053;154.073;154.063;0;T;True;3
1621223337000;11550686;154.053;154.073;154.063;0;T;True;3
1621223338000;11550687;154.053;154.073;154.063;0;T;True;3
1621223339000;11550688;154.053;154.073;154.063;0;T;True;3
1621223340000;11550689;154.053;154.073;154.063;0;T;True;3
1621223341000;11550690;154.053;154.073;154.063;0;T;True;3
1621223342000;11550691;154.053;154.073;154.063;0;T;True;3
1621223343000;11550692;154.053;154.073;154.063;0;T;True;3
1621223344000;11550693;154.053;154.073;154.063;0;T;True;3
1621223345000;11550694;154.053;154.073;154.063;0;T;True;3
1621223346000;11550695;154.053;154.073;154.063;0;T;True;3
1621223347000;11550696;154.053;154.073;154.063;0;T;True;3
1621223348000;11550697;154.053;154.073;154.063;0;T;True;3
1621223349000;11550698;154.053;154.073;154.063;0;T;True;3
1621223350000;11550700;154.052;154.072;154.062;1;T;True;3
1621223351000;11550701;154.052;154.072;154.062;0;T;True;3
1621223352000;11550702;154.052;154.072;154.062;0;T;True;3
1621223353000;11550703;154.052;154.072;154.062;0;T;True;3
1621223354000;11550706;154.052;154.072;154.062;2;T;True;3
1621223355000;11550707;154.052;154.072;154.062;0;T;True;3
1621223356000;11550708;154.052;154.072;154.062;0;T;True;3
1621223357000;11550709;154.052;154.072;154.062;0;T;True;3
1621223358000;11550710;154.052;154.072;154.062;0;T;True;3
1621223359000;11550712;154.053;154.073;154.063;1;T;True;3
1621223360000;11550713;154.053;154.073;154.063;0;T;True;3
1621223361000;11550714;154.053;154.073;154.063;0;T;True;3
1621223362000;11550715;154.053;154.073;154.063;0;T;True;3
1621223363000;11550717;154.054;154.074;154.064;1;T;True;3
1621223364000;11550718;154.054;154.074;154.064;0;T;True;3
1621223365000;11550719;154.054;154.074;154.064;0;T;True;3
1621223366000;11550720;154.054;154.074;154.064;0;T;True;3
1621223367000;11550724;154.058;154.078;154.068;3;T;True;3
1621223368000;11550725;154.058;154.078;154.068;0;T;True;3
1621223369000;11550726;154.058;154.078;154.068;0;T;True;3
1621223370000;11550728;154.057;154.077;154.067;1;T;True;3
1621223371000;11550729;154.057;154.077;154.067;0;T;True;3
1621223372000;11550730;154.057;154.077;154.067;0;T;True;3
1621223373000;11550731;154.057;154.077;154.067;0;T;True;3
1621223374000;11550735;154.049;154.069;154.059;3;T;True;3
1621223375000;11550736;154.049;154.069;154.059;0;T;True;3
1621223376000;11550737;154.049;154.069;154.059;0;T;True;3
1621223377000;11550738;154.049;154.069;154.059;0;T;True;3
1621223378000;11550739;154.049;154.069;154.059;0;T;True;3
1621223379000;11550740;154.049;154.069;154.059;0;T;True;3
1621223380000;11550741;154.049;154.069;154.059;0;T;True;3
1621223381000;11550742;154.049;154.069;154.059;0;T;True;3
1621223382000;11550743;154.049;154.069;154.059;0;T;True;3
1621223383000;11550746;154.047;154.067;154.057;2;T;True;3
1621223384000;11550747;154.047;154.067;154.057;0;T;True;3
1621223385000;11550749;154.048;154.068;154.058;1;T;True;3
1621223386000;11550750;154.048;154.068;154.058;0;T;True;3
1621223387000;11550751;154.048;154.068;154.058;0;T;True;3
1621223388000;11550752;154.048;154.068;154.058;0;T;True;3
1621223389000;11550753;154.048;154.068;154.058;0;T;True;3
1621223390000;11550754;154.048;154.068;154.058;0;T;True;3
1621223391000;11550755;154.048;154.068;154.058;0;T;True;3
1621223392000;11550756;154.048;154.068;154.058;0;T;True;3
1621223393000;11550757;154.048;154.068;154.058;0;T;True;3
1621223394000;11550758;154.048;154.068;154.058;0;T;True;3
1621223395000;11550760;154.047;154.067;154.057;1;T;True;3
1621223396000;11550761;154.047;154.067;154.057;0;T;True;3
1621223397000;11550762;154.047;154.067;154.057;0;T;True;3
1621223398000;11550763;154.047;154.067;154.057;0;T;True;3
1621223399000;11550764;154.047;154.067;154.057;0;T;True;3
1621223400000;11550765;154.047;154.067;154.057;0;T;True;3
1621223401000;11550766;154.047;154.067;154.057;0;T;True;3
1621223402000;11550767;154.047;154.067;154.057;0;T;True;3
1621223403000;11550768;154.047;154.067;154.057;0;T;True;3
1621223404000;11550769;154.047;154.067;154.057;0;T;True;3
1621223405000;11550770;154.047;154.067;154.057;0;T;True;3
1621223406000;11550771;154.047;154.067;154.057;0;T;True;3
1621223407000;11550772;154.047;154.067;154.057;0;T;True;3
1621223408000;11550773;154.047;154.067;154.057;0;T;True;3
1621223409000;11550774;154.047;154.067;154.057;0;T;True;3
1621223410000;11550775;154.047;154.067;154.057;0;T;True;3
1621223411000;11550776;154.047;154.067;154.057;0;T;True;3
1621223412000;11550777;154.047;154.067;154.057;0;T;True;3
1621223413000;11550778;154.047;154.067;154.057;0;T;True;3
1621223414000;11550779;154.047;154.067;154.057;0;T;True;3
1621223415000;11550780;154.047;154.067;154.057;0;T;True;3
1621223416000;11550781;154.047;154.067;154.057;0;T;True;3
1621223417000;11550782;154.047;154.067;154.057;0;T;True;3
1621223418000;11550783;154.047;154.067;154.057;0;T;True;3
1621223419000;11550784;154.047;154.067;154.057;0;T;True;3
1621223420000;11550785;154.047;154.067;154.057;0;T;True;3
1621223421000;11550786;154.047;154.067;154.057;0;T;True;3
1621223422000;11550787;154.047;154.067;154.057;0;T;True;3
1621223423000;11550788;154.047;154.067;154.057;0;T;True;3
1621223424000;11550789;154.047;154.067;154.057;0;T;True;3
1621223425000;11550790;154.047;154.067;154.057;0;T;True;3
1621223426000;11550791;154.047;154.067;154.057;0;T;True;3
1621223427000;11550792;154.047;154.067;154.057;0;T;True;3
1621223428000;11550793;154.047;154.067;154.057;0;T;True;3
1621223429000;11550796;154.043;154.063;154.053;2;T;True;3
1621223430000;11550799;154.039;154.059;154.049;2;T;True;3
1621223431000;11550801;154.038;154.058;154.048;1;T;True;3
1621223432000;11550802;154.038;154.058;154.048;0;T;True;3
1621223433000;11550803;154.038;154.058;154.048;0;T;True;3
1621223434000;11550804;154.038;154.058;154.048;0;T;True;3
1621223435000;11550805;154.038;154.058;154.048;0;T;True;3
1621223436000;11550806;154.038;154.058;154.048;0;T;True;3
1621223437000;11550807;154.038;154.058;154.048;0;T;True;3
1621223438000;11550808;154.038;154.058;154.048;0;T;True;3
1621223439000;11550810;154.039;154.059;154.049;1;T;True;3
1621223440000;11550811;154.039;154.059;154.049;0;T;True;3
1621223441000;11550812;154.039;154.059;154.049;0;T;True;3
1621223442000;11550813;154.039;154.059;154.049;0;T;True;3
1621223443000;11550814;154.039;154.059;154.049;0;T;True;3
1621223444000;11550815;154.039;154.059;154.049;0;T;True;3
1621223445000;11550817;154.04;154.06;154.05;1;T;True;3
1621223446000;11550818;154.04;154.06;154.05;0;T;True;3
1621223447000;11550819;154.04;154.06;154.05;0;T;True;3
1621223448000;11550822;154.042;154.062;154.052;2;T;True;3
1621223449000;11550824;154.043;154.063;154.053;1;T;True;3
1621223450000;11550825;154.043;154.063;154.053;0;T;True;3
1621223451000;11550826;154.043;154.063;154.053;0;T;True;3
1621223452000;11550827;154.043;154.063;154.053;0;T;True;3
1621223453000;11550828;154.043;154.063;154.053;0;T;True;3
1621223454000;11550829;154.043;154.063;154.053;0;T;True;3
1621223455000;11550830;154.043;154.063;154.053;0;T;True;3
1621223456000;11550831;154.043;154.063;154.053;0;T;True;3
1621223457000;11550832;154.043;154.063;154.053;0;T;True;3
1621223458000;11550833;154.043;154.063;154.053;0;T;True;3
1621223459000;11550834;154.043;154.063;154.053;0;T;True;3
1621223460000;11550835;154.043;154.063;154.053;0;T;True;3
1621223461000;11550836;154.043;154.063;154.053;0;T;True;3
1621223462000;11550837;154.043;154.063;154.053;0;T;True;3
1621223463000;11550838;154.043;154.063;154.053;0;T;True;3
1621223464000;11550840;154.042;154.062;154.052;1;T;True;3
1621223465000;11550841;154.042;154.062;154.052;0;T;True;3
1621223466000;11550842;154.042;154.062;154.052;0;T;True;3
1621223467000;11550846;154.04;154.06;154.05;3;T;True;3
1621223468000;11550847;154.04;154.06;154.05;0;T;True;3
1621223469000;11550848;154.04;154.06;154.05;0;T;True;3
1621223470000;11550849;154.04;154.06;154.05;0;T;True;3
1621223471000;11550850;154.04;154.06;154.05;0;T;True;3
1621223472000;11550851;154.04;154.06;154.05;0;T;True;3
1621223473000;11550852;154.04;154.06;154.05;0;T;True;3
1621223474000;11550853;154.04;154.06;154.05;0;T;True;3
1621223475000;11550854;154.04;154.06;154.05;0;T;True;3
1621223476000;11550856;154.039;154.059;154.049;1;T;True;3
1621223477000;11550857;154.039;154.059;154.049;0;T;True;3
1621223478000;11550858;154.039;154.059;154.049;0;T;True;3
1621223479000;11550859;154.039;154.059;154.049;0;T;True;3
1621223480000;11550860;154.039;154.059;154.049;0;T;True;3
1621223481000;11550861;154.039;154.059;154.049;0;T;True;3
1621223482000;11550862;154.039;154.059;154.049;0;T;True;3
1621223483000;11550863;154.039;154.059;154.049;0;T;True;3
1621223484000;11550864;154.039;154.059;154.049;0;T;True;3
1621223485000;11550865;154.039;154.059;154.049;0;T;True;3
1621223486000;11550866;154.039;154.059;154.049;0;T;True;3
1621223487000;11550867;154.039;154.059;154.049;0;T;True;3
1621223488000;11550868;154.039;154.059;154.049;0;T;True;3
1621223489000;11550869;154.039;154.059;154.049;0;T;True;3
1621223490000;11550870;154.039;154.059;154.049;0;T;True;3
1621223491000;11550871;154.039;154.059;154.049;0;T;True;3
1621223492000;11550872;154.039;154.059;154.049;0;T;True;3
1621223493000;11550873;154.039;154.059;154.049;0;T;True;3
1621223494000;11550874;154.039;154.059;154.049;0;T;True;3
1621223495000;11550875;154.039;154.059;154.049;0;T;True;3
1621223496000;11550876;154.039;154.059;154.049;0;T;True;3
1621223497000;11550877;154.039;154.059;154.049;0;T;True;3
1621223498000;11550879;154.04;154.06;154.05;1;T;True;3
1621223499000;11550881;154.041;154.061;154.051;1;T;True;3
1621223500000;11550882;154.041;154.061;154.051;0;T;True;3
1621223501000;11550883;154.041;154.061;154.051;0;T;True;3
1621223502000;11550884;154.041;154.061;154.051;0;T;True;3
1621223503000;11550885;154.041;154.061;154.051;0;T;True;3
1621223504000;11550886;154.041;154.061;154.051;0;T;True;3
1621223505000;11550887;154.041;154.061;154.051;0;T;True;3
1621223506000;11550888;154.041;154.061;154.051;0;T;True;3
1621223507000;11550890;154.039;154.059;154.049;1;T;True;3
1621223508000;11550891;154.039;154.059;154.049;0;T;True;3
1621223509000;11550892;154.039;154.059;154.049;0;T;True;3
1621223510000;11550893;154.039;154.059;154.049;0;T;True;3
1621223511000;11550894;154.039;154.059;154.049;0;T;True;3
1621223512000;11550895;154.039;154.059;154.049;0;T;True;3
1621223513000;11550896;154.039;154.059;154.049;0;T;True;3
1621223514000;11550897;154.039;154.059;154.049;0;T;True;3
1621223515000;11550898;154.039;154.059;154.049;0;T;True;3
1621223516000;11550899;154.039;154.059;154.049;0;T;True;3
1621223517000;11550900;154.039;154.059;154.049;0;T;True;3
1621223518000;11550903;154.043;154.063;154.053;2;T;True;3
1621223519000;11550904;154.043;154.063;154.053;0;T;True;3
1621223520000;11550905;154.043;154.063;154.053;0;T;True;3
1621223521000;11550906;154.043;154.063;154.053;0;T;True;3
1621223522000;11550907;154.043;154.063;154.053;0;T;True;3
1621223523000;11550908;154.043;154.063;154.053;0;T;True;3
1621223524000;11550910;154.042;154.062;154.052;1;T;True;3
1621223525000;11550911;154.042;154.062;154.052;0;T;True;3
1621223526000;11550912;154.042;154.062;154.052;0;T;True;3
1621223527000;11550913;154.042;154.062;154.052;0;T;True;3
1621223528000;11550915;154.043;154.063;154.053;1;T;True;3
1621223529000;11550916;154.043;154.063;154.053;0;T;True;3
1621223530000;11550917;154.043;154.063;154.053;0;T;True;3
1621223531000;11550918;154.043;154.063;154.053;0;T;True;3
1621223532000;11550919;154.043;154.063;154.053;0;T;True;3
1621223533000;11550920;154.043;154.063;154.053;0;T;True;3
1621223534000;11550921;154.043;154.063;154.053;0;T;True;3
1621223535000;11550922;154.043;154.063;154.053;0;T;True;3
1621223536000;11550923;154.043;154.063;154.053;0;T;True;3
1621223537000;11550924;154.043;154.063;154.053;0;T;True;3
1621223538000;11550927;154.045;154.065;154.055;2;T;True;3
1621223539000;11550928;154.045;154.065;154.055;0;T;True;3
1621223540000;11550929;154.045;154.065;154.055;0;T;True;3
1621223541000;11550930;154.045;154.065;154.055;0;T;True;3
1621223542000;11550931;154.045;154.065;154.055;0;T;True;3
1621223543000;11550932;154.045;154.065;154.055;0;T;True;3
1621223544000;11550933;154.045;154.065;154.055;0;T;True;3
1621223545000;11550934;154.045;154.065;154.055;0;T;True;3
1621223546000;11550935;154.045;154.065;154.055;0;T;True;3
1621223547000;11550936;154.045;154.065;154.055;0;T;True;3
1621223548000;11550937;154.045;154.065;154.055;0;T;True;3
1621223549000;11550938;154.045;154.065;154.055;0;T;True;3
1621223550000;11550939;154.045;154.065;154.055;0;T;True;3
1621223551000;11550940;154.045;154.065;154.055;0;T;True;3
1621223552000;11550941;154.045;154.065;154.055;0;T;True;3
1621223553000;11550942;154.045;154.065;154.055;0;T;True;3
1621223554000;11550943;154.045;154.065;154.055;0;T;True;3
1621223555000;11550944;154.045;154.065;154.055;0;T;True;3
1621223556000;11550945;154.045;154.065;154.055;0;T;True;3
1621223557000;11550946;154.045;154.065;154.055;0;T;True;3
1621223558000;11550947;154.045;154.065;154.055;0;T;True;3
1621223559000;11550948;154.045;154.065;154.055;0;T;True;3
1621223560000;11550949;154.045;154.065;154.055;0;T;True;3
1621223561000;11550950;154.045;154.065;154.055;0;T;True;3
1621223562000;11550953;154.043;154.063;154.053;2;T;True;3
1621223563000;11550955;154.042;154.062;154.052;1;T;True;3
1621223564000;11550956;154.042;154.062;154.052;0;T;True;3
1621223565000;11550957;154.042;154.062;154.052;0;T;True;3
1621223566000;11550958;154.042;154.062;154.052;0;T;True;3
1621223567000;11550959;154.042;154.062;154.052;0;T;True;3
1621223568000;11550964;154.04;154.06;154.05;4;T;True;3
1621223569000;11550965;154.04;154.06;154.05;0;T;True;3
1621223570000;11550966;154.04;154.06;154.05;0;T;True;3
1621223571000;11550967;154.04;154.06;154.05;0;T;True;3
1621223572000;11550969;154.039;154.059;154.049;1;T;True;3
1621223573000;11550970;154.039;154.059;154.049;0;T;True;3
1621223574000;11550971;154.039;154.059;154.049;0;T;True;3
1621223575000;11550972;154.039;154.059;154.049;0;T;True;3
1621223576000;11550973;154.039;154.059;154.049;0;T;True;3
1621223577000;11550974;154.039;154.059;154.049;0;T;True;3
1621223578000;11550975;154.039;154.059;154.049;0;T;True;3
1621223579000;11550976;154.039;154.059;154.049;0;T;True;3
1621223580000;11550977;154.039;154.059;154.049;0;T;True;3
1621223581000;11550978;154.039;154.059;154.049;0;T;True;3
1621223582000;11550979;154.039;154.059;154.049;0;T;True;3
1621223583000;11550980;154.039;154.059;154.049;0;T;True;3
1621223584000;11550981;154.039;154.059;154.049;0;T;True;3
1621223585000;11550982;154.039;154.059;154.049;0;T;True;3
1621223586000;11550983;154.039;154.059;154.049;0;T;True;3
1621223587000;11550984;154.039;154.059;154.049;0;T;True;3
1621223588000;11550985;154.039;154.059;154.049;0;T;True;3
1621223589000;11550986;154.039;154.059;154.049;0;T;True;3
1621223590000;11550987;154.039;154.059;154.049;0;T;True;3
1621223591000;11550988;154.039;154.059;154.049;0;T;True;3
1621223592000;11550989;154.039;154.059;154.049;0;T;True;3
1621223593000;11550991;154.04;154.06;154.05;1;T;True;3
1621223594000;11550992;154.04;154.06;154.05;0;T;True;3
1621223595000;11550993;154.04;154.06;154.05;0;T;True;3
1621223596000;11550994;154.04;154.06;154.05;0;T;True;3
1621223597000;11550995;154.04;154.06;154.05;0;T;True;3
1621223598000;11550996;154.04;154.06;154.05;0;T;True;3
1621223599000;11550997;154.04;154.06;154.05;0;T;True;3
1621223600000;11550998;154.04;154.06;154.05;0;T;True;3
1621223601000;11550999;154.04;154.06;154.05;0;T;True;3
1621223602000;11551000;154.04;154.06;154.05;0;T;True;3
1621223603000;11551001;154.04;154.06;154.05;0;T;True;3
1621223604000;11551002;154.04;154.06;154.05;0;T;True;3
1621223605000;11551003;154.04;154.06;154.05;0;T;True;3
1621223606000;11551004;154.04;154.06;154.05;0;T;True;3
1621223607000;11551005;154.04;154.06;154.05;0;T;True;3
1621223608000;11551006;154.04;154.06;154.05;0;T;True;3
1621223609000;11551007;154.04;154.06;154.05;0;T;True;3
1621223610000;11551008;154.04;154.06;154.05;0;T;True;3
1621223611000;11551009;154.04;154.06;154.05;0;T;True;3
1621223612000;11551010;154.04;154.06;154.05;0;T;True;3
1621223613000;11551011;154.04;154.06;154.05;0;T;True;3
1621223614000;11551012;154.04;154.06;154.05;0;T;True;3
1621223615000;11551013;154.04;154.06;154.05;0;T;True;3
1621223616000;11551014;154.04;154.06;154.05;0;T;True;3
1621223617000;11551015;154.04;154.06;154.05;0;T;True;3
1621223618000;11551016;154.04;154.06;154.05;0;T;True;3
1621223619000;11551017;154.04;154.06;154.05;0;T;True;3
1621223620000;11551021;154.031;154.051;154.041;3;T;True;3
1621223621000;11551022;154.031;154.051;154.041;0;T;True;3
1621223622000;11551023;154.031;154.051;154.041;0;T;True;3
1621223623000;11551024;154.031;154.051;154.041;0;T;True;3
1621223624000;11551025;154.031;154.051;154.041;0;T;True;3
1621223625000;11551026;154.031;154.051;154.041;0;T;True;3
1621223626000;11551027;154.031;154.051;154.041;0;T;True;3
1621223627000;11551028;154.031;154.051;154.041;0;T;True;3
1621223628000;11551029;154.031;154.051;154.041;0;T;True;3
1621223629000;11551030;154.031;154.051;154.041;0;T;True;3
1621223630000;11551031;154.031;154.051;154.041;0;T;True;3
1621223631000;11551032;154.031;154.051;154.041;0;T;True;3
1621223632000;11551033;154.031;154.051;154.041;0;T;True;3
1621223633000;11551035;154.029;154.049;154.039;1;T;True;3
1621223634000;11551038;154.029;154.049;154.039;2;T;True;3
1621223635000;11551039;154.029;154.049;154.039;0;T;True;3
1621223636000;11551040;154.029;154.049;154.039;0;T;True;3
1621223637000;11551041;154.029;154.049;154.039;0;T;True;3
1621223638000;11551042;154.029;154.049;154.039;0;T;True;3
1621223639000;11551043;154.029;154.049;154.039;0;T;True;3
1621223640000;11551044;154.029;154.049;154.039;0;T;True;3
1621223641000;11551045;154.029;154.049;154.039;0;T;True;3
1621223642000;11551046;154.029;154.049;154.039;0;T;True;3
1621223643000;11551048;154.03;154.05;154.04;1;T;True;3
1621223644000;11551049;154.03;154.05;154.04;0;T;True;3
1621223645000;11551050;154.03;154.05;154.04;0;T;True;3
1621223646000;11551051;154.03;154.05;154.04;0;T;True;3
1621223647000;11551052;154.03;154.05;154.04;0;T;True;3
1621223648000;11551053;154.03;154.05;154.04;0;T;True;3
1621223649000;11551054;154.03;154.05;154.04;0;T;True;3
1621223650000;11551056;154.031;154.051;154.041;1;T;True;3
1621223651000;11551057;154.031;154.051;154.041;0;T;True;3
1621223652000;11551058;154.031;154.051;154.041;0;T;True;3
1621223653000;11551059;154.031;154.051;154.041;0;T;True;3
1621223654000;11551061;154.032;154.052;154.042;1;T;True;3
1621223655000;11551064;154.037;154.057;154.047;2;T;True;3
1621223656000;11551065;154.037;154.057;154.047;0;T;True;3
1621223657000;11551066;154.037;154.057;154.047;0;T;True;3
1621223658000;11551067;154.037;154.057;154.047;0;T;True;3
1621223659000;11551068;154.037;154.057;154.047;0;T;True;3
1621223660000;11551069;154.037;154.057;154.047;0;T;True;3
1621223661000;11551070;154.037;154.057;154.047;0;T;True;3
1621223662000;11551071;154.037;154.057;154.047;0;T;True;3
1621223663000;11551072;154.037;154.057;154.047;0;T;True;3
1621223664000;11551073;154.037;154.057;154.047;0;T;True;3
1621223665000;11551074;154.037;154.057;154.047;0;T;True;3
1621223666000;11551075;154.037;154.057;154.047;0;T;True;3
1621223667000;11551076;154.037;154.057;154.047;0;T;True;3
1621223668000;11551077;154.037;154.057;154.047;0;T;True;3
1621223669000;11551078;154.037;154.057;154.047;0;T;True;3
1621223670000;11551079;154.037;154.057;154.047;0;T;True;3
1621223671000;11551082;154.034;154.054;154.044;2;T;True;3
1621223672000;11551083;154.034;154.054;154.044;0;T;True;3
1621223673000;11551084;154.034;154.054;154.044;0;T;True;3
1621223674000;11551085;154.034;154.054;154.044;0;T;True;3
1621223675000;11551086;154.034;154.054;154.044;0;T;True;3
1621223676000;11551087;154.034;154.054;154.044;0;T;True;3
1621223677000;11551089;154.035;154.055;154.045;1;T;True;3
1621223678000;11551090;154.035;154.055;154.045;0;T;True;3
1621223679000;11551091;154.035;154.055;154.045;0;T;True;3
1621223680000;11551092;154.035;154.055;154.045;0;T;True;3
1621223681000;11551093;154.035;154.055;154.045;0;T;True;3
1621223682000;11551094;154.035;154.055;154.045;0;T;True;3
1621223683000;11551095;154.035;154.055;154.045;0;T;True;3
1621223684000;11551096;154.035;154.055;154.045;0;T;True;3
1621223685000;11551097;154.035;154.055;154.045;0;T;True;3
1621223686000;11551098;154.035;154.055;154.045;0;T;True;3
1621223687000;11551100;154.037;154.057;154.047;1;T;True;3
1621223688000;11551101;154.037;154.057;154.047;0;T;True;3
1621223689000;11551102;154.037;154.057;154.047;0;T;True;3
1621223690000;11551103;154.037;154.057;154.047;0;T;True;3
1621223691000;11551104;154.037;154.057;154.047;0;T;True;3
1621223692000;11551105;154.037;154.057;154.047;0;T;True;3
1621223693000;11551106;154.037;154.057;154.047;0;T;True;3
1621223694000;11551107;154.037;154.057;154.047;0;T;True;3
1621223695000;11551108;154.037;154.057;154.047;0;T;True;3
1621223696000;11551109;154.037;154.057;154.047;0;T;True;3
1621223697000;11551110;154.037;154.057;154.047;0;T;True;3
1621223698000;11551111;154.037;154.057;154.047;0;T;True;3
1621223699000;11551112;154.037;154.057;154.047;0;T;True;3
1621223700000;11551113;154.037;154.057;154.047;0;T;True;3
1621223701000;11551114;154.037;154.057;154.047;0;T;True;3
1621223702000;11551115;154.037;154.057;154.047;0;T;True;3
1621223703000;11551117;154.041;154.061;154.051;1;T;True;3
1621223704000;11551120;154.044;154.064;154.054;2;T;True;3
1621223705000;11551122;154.045;154.065;154.055;1;T;True;3
1621223706000;11551123;154.045;154.065;154.055;0;T;True;3
1621223707000;11551124;154.045;154.065;154.055;0;T;True;3
1621223708000;11551126;154.046;154.066;154.056;1;T;True;3
1621223709000;11551127;154.046;154.066;154.056;0;T;True;3
1621223710000;11551128;154.046;154.066;154.056;0;T;True;3
1621223711000;11551129;154.046;154.066;154.056;0;T;True;3
1621223712000;11551130;154.046;154.066;154.056;0;T;True;3
1621223713000;11551131;154.046;154.066;154.056;0;T;True;3
1621223714000;11551132;154.046;154.066;154.056;0;T;True;3
1621223715000;11551133;154.046;154.066;154.056;0;T;True;3
1621223716000;11551134;154.046;154.066;154.056;0;T;True;3
1621223717000;11551135;154.046;154.066;154.056;0;T;True;3
1621223718000;11551138;154.043;154.063;154.053;2;T;True;3
1621223719000;11551139;154.043;154.063;154.053;0;T;True;3
1621223720000;11551144;154.047;154.067;154.057;4;T;True;3
1621223721000;11551145;154.047;154.067;154.057;0;T;True;3
1621223722000;11551146;154.047;154.067;154.057;0;T;True;3
1621223723000;11551147;154.047;154.067;154.057;0;T;True;3
1621223724000;11551148;154.047;154.067;154.057;0;T;True;3
1621223725000;11551149;154.047;154.067;154.057;0;T;True;3
1621223726000;11551150;154.047;154.067;154.057;0;T;True;3
1621223727000;11551151;154.047;154.067;154.057;0;T;True;3
1621223728000;11551152;154.047;154.067;154.057;0;T;True;3
1621223729000;11551153;154.047;154.067;154.057;0;T;True;3
1621223730000;11551154;154.047;154.067;154.057;0;T;True;3
1621223731000;11551155;154.047;154.067;154.057;0;T;True;3
1621223732000;11551156;154.047;154.067;154.057;0;T;True;3
1621223733000;11551157;154.047;154.067;154.057;0;T;True;3
1621223734000;11551158;154.047;154.067;154.057;0;T;True;3
1621223735000;11551159;154.047;154.067;154.057;0;T;True;3
1621223736000;11551160;154.047;154.067;154.057;0;T;True;3
1621223737000;11551161;154.047;154.067;154.057;0;T;True;3
1621223738000;11551162;154.047;154.067;154.057;0;T;True;3
1621223739000;11551163;154.047;154.067;154.057;0;T;True;3
1621223740000;11551164;154.047;154.067;154.057;0;T;True;3
1621223741000;11551165;154.047;154.067;154.057;0;T;True;3
1621223742000;11551170;154.047;154.067;154.057;4;T;True;3
1621223743000;11551172;154.045;154.065;154.055;1;T;True;3
1621223744000;11551173;154.045;154.065;154.055;0;T;True;3
1621223745000;11551174;154.045;154.065;154.055;0;T;True;3
1621223746000;11551176;154.044;154.064;154.054;1;T;True;3
1621223747000;11551177;154.044;154.064;154.054;0;T;True;3
1621223748000;11551181;154.043;154.063;154.053;3;T;True;3
1621223749000;11551182;154.043;154.063;154.053;0;T;True;3
1621223750000;11551183;154.043;154.063;154.053;0;T;True;3
1621223751000;11551184;154.043;154.063;154.053;0;T;True;3
1621223752000;11551186;154.044;154.064;154.054;1;T;True;3
1621223753000;11551187;154.044;154.064;154.054;0;T;True;3
1621223754000;11551188;154.044;154.064;154.054;0;T;True;3
1621223755000;11551189;154.044;154.064;154.054;0;T;True;3
1621223756000;11551190;154.044;154.064;154.054;0;T;True;3
1621223757000;11551191;154.044;154.064;154.054;0;T;True;3
1621223758000;11551192;154.044;154.064;154.054;0;T;True;3
1621223759000;11551193;154.044;154.064;154.054;0;T;True;3
1621223760000;11551194;154.044;154.064;154.054;0;T;True;3
1621223761000;11551198;154.045;154.065;154.055;3;T;True;3
1621223762000;11551199;154.045;154.065;154.055;0;T;True;3
1621223763000;11551200;154.045;154.065;154.055;0;T;True;3
1621223764000;11551201;154.045;154.065;154.055;0;T;True;3
1621223765000;11551202;154.045;154.065;154.055;0;T;True;3
1621223766000;11551203;154.045;154.065;154.055;0;T;True;3
1621223767000;11551204;154.045;154.065;154.055;0;T;True;3
1621223768000;11551206;154.044;154.064;154.054;1;T;True;3
1621223769000;11551207;154.044;154.064;154.054;0;T;True;3
1621223770000;11551208;154.044;154.064;154.054;0;T;True;3
1621223771000;11551209;154.044;154.064;154.054;0;T;True;3
1621223772000;11551210;154.044;154.064;154.054;0;T;True;3
1621223773000;11551211;154.044;154.064;154.054;0;T;True;3
1621223774000;11551212;154.044;154.064;154.054;0;T;True;3
1621223775000;11551213;154.044;154.064;154.054;0;T;True;3
1621223776000;11551214;154.044;154.064;154.054;0;T;True;3
1621223777000;11551216;154.043;154.063;154.053;1;T;True;3
1621223778000;11551217;154.043;154.063;154.053;0;T;True;3
1621223779000;11551218;154.043;154.063;154.053;0;T;True;3
1621223780000;11551220;154.042;154.062;154.052;1;T;True;3
1621223781000;11551222;154.041;154.061;154.051;1;T;True;3
1621223782000;11551223;154.041;154.061;154.051;0;T;True;3
1621223783000;11551224;154.041;154.061;154.051;0;T;True;3
1621223784000;11551225;154.041;154.061;154.051;0;T;True;3
1621223785000;11551226;154.041;154.061;154.051;0;T;True;3
1621223786000;11551227;154.041;154.061;154.051;0;T;True;3
1621223787000;11551228;154.041;154.061;154.051;0;T;True;3
1621223788000;11551229;154.041;154.061;154.051;0;T;True;3
1621223789000;11551230;154.041;154.061;154.051;0;T;True;3
