ts;n;bid;ask;value;volume;phase;round;active_id
1621231062000;11561215;153.967;153.987;153.977;0;T;True;3
1621231063000;11561216;153.967;153.987;153.977;0;T;True;3
1621231064000;11561217;153.967;153.987;153.977;0;T;True;3
1621231065000;11561218;153.967;153.987;153.977;0;T;True;3
1621231066000;11561221;153.967;153.987;153.977;2;T;True;3
1621231067000;11561222;153.967;153.987;153.977;0;T;True;3
1621231068000;11561223;153.967;153.987;153.977;0;T;True;3
1621231069000;11561224;153.967;153.987;153.977;0;T;True;3
1621231070000;11561226;153.966;153.986;153.976;1;T;True;3
1621231071000;11561229;153.969;153.989;153.979;2;T;True;3
1621231072000;11561230;153.969;153.989;153.979;0;T;True;3
1621231073000;11561231;153.969;153.989;153.979;0;T;True;3
1621231074000;11561232;153.969;153.989;153.979;0;T;True;3
1621231075000;11561233;153.969;153.989;153.979;0;T;True;3
1621231076000;11561234;153.969;153.989;153.979;0;T;True;3
1621231077000;11561235;153.969;153.989;153.979;0;T;True;3
1621231078000;11561236;153.969;153.989;153.979;0;T;True;3
1621231079000;11561237;153.969;153.989;153.979;0;T;True;3
1621231080000;11561239;153.968;153.988;153.978;1;T;True;3
1621231081000;11561240;153.968;153.988;153.978;0;T;True;3
1621231082000;11561244;153.963;153.983;153.973;3;T;True;3
1621231083000;11561245;153.963;153.983;153.973;0;T;True;3
1621231084000;11561246;153.963;153.983;153.973;0;T;True;3
1621231085000;11561253;153.971;153.991;153.981;6;T;True;3
1621231086000;11561254;153.971;153.991;153.981;0;T;True;3
1621231087000;11561255;153.971;153.991;153.981;0;T;True;3
1621231088000;11561256;153.971;153.991;153.981;0;T;True;3
1621231089000;11561257;153.971;153.991;153.981;0;T;True;3
1621231090000;11561259;153.973;153.993;153.983;1;T;True;3
1621231091000;11561260;153.973;153.993;153.983;0;T;True;3
1621231092000;11561264;153.969;153.989;153.979;3;T;True;3
1621231093000;11561266;153.97;153.99;153.98;1;T;True;3
1621231094000;11561267;153.97;153.99;153.98;0;T;True;3
1621231095000;11561268;153.97;153.99;153.98;0;T;True;3
1621231096000;11561270;153.971;153.991;153.981;1;T;True;3
1621231097000;11561271;153.971;153.991;153.981;0;T;True;3
1621231098000;11561272;153.971;153.991;153.981;0;T;True;3
1621231099000;11561273;153.971;153.991;153.981;0;T;True;3
1621231100000;11561274;153.971;153.991;153.981;0;T;True;3
1621231101000;11561277;153.969;153.989;153.979;2;T;True;3
1621231102000;11561280;153.967;153.987;153.977;2;T;True;3
1621231103000;11561283;153.97;153.99;153.98;2;T;True;3
1621231104000;11561287;153.961;153.981;153.971;3;T;True;3
1621231105000;11561288;153.961;153.981;153.971;0;T;True;3
1621231106000;11561290;153.963;153.983;153.973;1;T;True;3
1621231107000;11561291;153.963;153.983;153.973;0;T;True;3
1621231108000;11561292;153.963;153.983;153.973;0;T;True;3
1621231109000;11561293;153.963;153.983;153.973;0;T;True;3
1621231110000;11561294;153.963;153.983;153.973;0;T;True;3
1621231111000;11561295;153.963;153.983;153.973;0;T;True;3
1621231112000;11561299;153.967;153.987;153.977;3;T;True;3
1621231113000;11561300;153.967;153.987;153.977;0;T;True;3
1621231114000;11561301;153.967;153.987;153.977;0;T;True;3
1621231115000;11561302;153.967;153.987;153.977;0;T;True;3
1621231116000;11561303;153.967;153.987;153.977;0;T;True;3
1621231117000;11561304;153.967;153.987;153.977;0;T;True;3
1621231118000;11561305;153.967;153.987;153.977;0;T;True;3
1621231119000;11561306;153.967;153.987;153.977;0;T;True;3
1621231120000;11561307;153.967;153.987;153.977;0;T;True;3
1621231121000;11561308;153.967;153.987;153.977;0;T;True;3
1621231122000;11561309;153.967;153.987;153.977;0;T;True;3
1621231123000;11561310;153.967;153.987;153.977;0;T;True;3
1621231124000;11561315;153.963;153.983;153.973;4;T;True;3
1621231125000;11561317;153.962;153.982;153.972;1;T;True;3
1621231126000;11561318;153.962;153.982;153.972;0;T;True;3
1621231127000;11561319;153.962;153.982;153.972;0;T;True;3
1621231128000;11561321;153.961;153.981;153.971;1;T;True;3
1621231129000;11561326;153.969;153.989;153.979;4;T;True;3
1621231130000;11561327;153.969;153.989;153.979;0;T;True;3
1621231131000;11561329;153.967;153.987;153.977;1;T;True;3
1621231132000;11561331;153.968;153.988;153.978;1;T;True;3
1621231133000;11561332;153.968;153.988;153.978;0;T;True;3
1621231134000;11561335;153.971;153.991;153.981;2;T;True;3
1621231135000;11561336;153.971;153.991;153.981;0;T;True;3
1621231136000;11561337;153.971;153.991;153.981;0;T;True;3
1621231137000;11561338;153.971;153.991;153.981;0;T;True;3
1621231138000;11561339;153.971;153.991;153.981;0;T;True;3
1621231139000;11561342;153.974;153.994;153.984;2;T;True;3
1621231140000;11561343;153.974;153.994;153.984;0;T;True;3
1621231141000;11561344;153.974;153.994;153.984;0;T;True;3
1621231142000;11561347;153.971;153.991;153.981;2;T;True;3
1621231143000;11561350;153.979;153.999;153.989;2;T;True;3
1621231144000;11561352;153.977;153.997;153.987;1;T;True;3
1621231145000;11561353;153.977;153.997;153.987;0;T;True;3
1621231146000;11561355;153.978;153.998;153.988;1;T;True;3
1621231147000;11561356;153.978;153.998;153.988;0;T;True;3
1621231148000;11561357;153.978;153.998;153.988;0;T;True;3
1621231149000;11561360;153.981;154.001;153.991;2;T;True;3
1621231150000;11561364;153.98;154.0;153.99;3;T;True;3
1621231151000;11561369;153.987;154.007;153.997;4;T;True;3
1621231152000;11561370;153.987;154.007;153.997;0;T;True;3
1621231153000;11561376;153.991;154.011;154.001;5;T;True;3
1621231154000;11561378;153.992;154.012;154.002;1;T;True;3
1621231155000;11561379;153.992;154.012;154.002;0;T;True;3
1621231156000;11561383;153.991;154.011;154.001;3;T;True;3
1621231157000;11561384;153.991;154.011;154.001;0;T;True;3
1621231158000;11561385;153.991;154.011;154.001;0;T;True;3
1621231159000;11561386;153.991;154.011;154.001;0;T;True;3
1621231160000;11561387;153.991;154.011;154.001;0;T;True;3
1621231161000;11561388;153.991;154.011;154.001;0;T;True;3
1621231162000;11561389;153.991;154.011;154.001;0;T;True;3
1621231163000;11561390;153.991;154.011;154.001;0;T;True;3
1621231164000;11561391;153.991;154.011;154.001;0;T;True;3
1621231165000;11561392;153.991;154.011;154.001;0;T;True;3
1621231166000;11561394;153.99;154.01;154.0;1;T;True;3
1621231167000;11561395;153.99;154.01;154.0;0;T;True;3
1621231168000;11561397;153.991;154.011;154.001;1;T;True;3
1621231169000;11561400;153.993;154.013;154.003;2;T;True;3
1621231170000;11561402;153.992;154.012;154.002;1;T;True;3
1621231171000;11561403;153.992;154.012;154.002;0;T;True;3
1621231172000;11561405;153.991;154.011;154.001;1;T;True;3
1621231173000;11561410;153.983;154.003;153.993;4;T;True;3
1621231174000;11561411;153.983;154.003;153.993;0;T;True;3
1621231175000;11561413;153.982;154.002;153.992;1;T;True;3
1621231176000;11561414;153.982;154.002;153.992;0;T;True;3
1621231177000;11561417;153.982;154.002;153.992;2;T;True;3
1621231178000;11561418;153.982;154.002;153.992;0;T;True;3
1621231179000;11561419;153.982;154.002;153.992;0;T;True;3
1621231180000;11561420;153.982;154.002;153.992;0;T;True;3
1621231181000;11561422;153.981;154.001;153.991;1;T;True;3
1621231182000;11561423;153.981;154.001;153.991;0;T;True;3
1621231183000;11561425;153.982;154.002;153.992;1;T;True;3
1621231184000;11561427;153.983;154.003;153.993;1;T;True;3
1621231185000;11561430;153.988;154.008;153.998;2;T;True;3
1621231186000;11561431;153.988;154.008;153.998;0;T;True;3
1621231187000;11561432;153.988;154.008;153.998;0;T;True;3
1621231188000;11561434;153.991;154.011;154.001;1;T;True;3
1621231189000;11561435;153.991;154.011;154.001;0;T;True;3
1621231190000;11561436;153.991;154.011;154.001;0;T;True;3
1621231191000;11561437;153.991;154.011;154.001;0;T;True;3
1621231192000;11561438;153.991;154.011;154.001;0;T;True;3
1621231193000;11561442;153.997;154.017;154.007;3;T;True;3
1621231194000;11561443;153.997;154.017;154.007;0;T;True;3
1621231195000;11561444;153.997;154.017;154.007;0;T;True;3
1621231196000;11561445;153.997;154.017;154.007;0;T;True;3
1621231197000;11561447;153.996;154.016;154.006;1;T;True;3
1621231198000;11561448;153.996;154.016;154.006;0;T;True;3
1621231199000;11561449;153.996;154.016;154.006;0;T;True;3
1621231200000;11561451;153.995;154.015;154.005;1;T;True;3
1621231201000;11561454;153.995;154.015;154.005;2;T;True;3
1621231202000;11561458;153.987;154.007;153.997;3;T;True;3
1621231203000;11561459;153.987;154.007;153.997;0;T;True;3
1621231204000;11561462;153.99;154.01;154.0;2;T;True;3
1621231205000;11561470;153.991;154.011;154.001;7;T;True;3
1621231206000;11561473;153.987;154.007;153.997;2;T;True;3
1621231207000;11561480;153.995;154.015;154.005;6;T;True;3
1621231208000;11561483;153.995;154.015;154.005;2;T;True;3
1621231209000;11561486;153.989;154.009;153.999;2;T;True;3
1621231210000;11561488;153.992;154.012;154.002;1;T;True;3
1621231211000;11561492;153.989;154.009;153.999;3;T;True;3
1621231212000;11561494;153.988;154.008;153.998;1;T;True;3
1621231213000;11561495;153.988;154.008;153.998;0;T;True;3
1621231214000;11561497;153.987;154.007;153.997;1;T;True;3
1621231215000;11561500;153.99;154.01;154.0;2;T;True;3
1621231216000;11561502;153.995;154.015;154.005;1;T;True;3
1621231217000;11561507;153.989;154.009;153.999;4;T;True;3
1621231218000;11561509;153.987;154.007;153.997;1;T;True;3
1621231219000;11561511;153.988;154.008;153.998;1;T;True;3
1621231220000;11561512;153.988;154.008;153.998;0;T;True;3
1621231221000;11561516;153.989;154.009;153.999;3;T;True;3
1621231222000;11561518;153.988;154.008;153.998;1;T;True;3
1621231223000;11561520;153.987;154.007;153.997;1;T;True;3
1621231224000;11561521;153.987;154.007;153.997;0;T;True;3
1621231225000;11561522;153.987;154.007;153.997;0;T;True;3
1621231226000;11561523;153.987;154.007;153.997;0;T;True;3
1621231227000;11561524;153.987;154.007;153.997;0;T;True;3
1621231228000;11561525;153.987;154.007;153.997;0;T;True;3
1621231229000;11561526;153.987;154.007;153.997;0;T;True;3
1621231230000;11561528;153.989;154.009;153.999;1;T;True;3
1621231231000;11561530;153.987;154.007;153.997;1;T;True;3
1621231232000;11561531;153.987;154.007;153.997;0;T;True;3
1621231233000;11561532;153.987;154.007;153.997;0;T;True;3
1621231234000;11561534;153.985;154.005;153.995;1;T;True;3
1621231235000;11561535;153.985;154.005;153.995;0;T;True;3
1621231236000;11561538;153.982;154.002;153.992;2;T;True;3
1621231237000;11561541;153.985;154.005;153.995;2;T;True;3
1621231238000;11561542;153.985;154.005;153.995;0;T;True;3
1621231239000;11561543;153.985;154.005;153.995;0;T;True;3
1621231240000;11561544;153.985;154.005;153.995;0;T;True;3
1621231241000;11561546;153.984;154.004;153.994;1;T;True;3
1621231242000;11561549;153.981;154.001;153.991;2;T;True;3
1621231243000;11561553;153.975;153.995;153.985;3;T;True;3
1621231244000;11561554;153.975;153.995;153.985;0;T;True;3
1621231245000;11561555;153.975;153.995;153.985;0;T;True;3
1621231246000;11561556;153.975;153.995;153.985;0;T;True;3
1621231247000;11561558;153.977;153.997;153.987;1;T;True;3
1621231248000;11561561;153.971;153.991;153.981;2;T;True;3
1621231249000;11561567;153.969;153.989;153.979;5;T;True;3
1621231250000;11561569;153.968;153.988;153.978;1;T;True;3
1621231251000;11561571;153.967;153.987;153.977;1;T;True;3
1621231252000;11561574;153.963;153.983;153.973;2;T;True;3
1621231253000;11561575;153.963;153.983;153.973;0;T;True;3
1621231254000;11561576;153.963;153.983;153.973;0;T;True;3
1621231255000;11561578;153.961;153.981;153.971;1;T;True;3
1621231256000;11561580;153.959;153.979;153.969;1;T;True;3
1621231257000;11561581;153.959;153.979;153.969;0;T;True;3
1621231258000;11561582;153.959;153.979;153.969;0;T;True;3
1621231259000;11561583;153.959;153.979;153.969;0;T;True;3
1621231260000;11561584;153.959;153.979;153.969;0;T;True;3
1621231261000;11561586;153.958;153.978;153.968;1;T;True;3
1621231262000;11561596;153.95;153.97;153.96;9;T;True;3
1621231263000;11561602;153.951;153.971;153.961;5;T;True;3
1621231264000;11561610;153.945;153.965;153.955;7;T;True;3
1621231265000;11561611;153.945;153.965;153.955;0;T;True;3
1621231266000;11561613;153.947;153.967;153.957;1;T;True;3
1621231267000;11561615;153.948;153.968;153.958;1;T;True;3
1621231268000;11561619;153.945;153.965;153.955;3;T;True;3
1621231269000;11561621;153.947;153.967;153.957;1;T;True;3
1621231270000;11561622;153.947;153.967;153.957;0;T;True;3
1621231271000;11561623;153.947;153.967;153.957;0;T;True;3
1621231272000;11561624;153.947;153.967;153.957;0;T;True;3
1621231273000;11561625;153.947;153.967;153.957;0;T;True;3
1621231274000;11561626;153.947;153.967;153.957;0;T;True;3
1621231275000;11561628;153.95;153.97;153.96;1;T;True;3
1621231276000;11561629;153.95;153.97;153.96;0;T;True;3
1621231277000;11561633;153.952;153.972;153.962;3;T;True;3
1621231278000;11561634;153.952;153.972;153.962;0;T;True;3
1621231279000;11561639;153.947;153.967;153.957;4;T;True;3
1621231280000;11561641;153.945;153.965;153.955;1;T;True;3
1621231281000;11561642;153.945;153.965;153.955;0;T;True;3
1621231282000;11561645;153.945;153.965;153.955;2;T;True;3
1621231283000;11561647;153.947;153.967;153.957;1;T;True;3
1621231284000;11561649;153.946;153.966;153.956;1;T;True;3
1621231285000;11561650;153.946;153.966;153.956;0;T;True;3
1621231286000;11561651;153.946;153.966;153.956;0;T;True;3
1621231287000;11561652;153.946;153.966;153.956;0;T;True;3
1621231288000;11561655;153.94;153.96;153.95;2;T;True;3
1621231289000;11561657;153.941;153.961;153.951;1;T;True;3
1621231290000;11561658;153.941;153.961;153.951;0;T;True;3
1621231291000;11561659;153.941;153.961;153.951;0;T;True;3
1621231292000;11561660;153.941;153.961;153.951;0;T;True;3
1621231293000;11561661;153.941;153.961;153.951;0;T;True;3
1621231294000;11561662;153.941;153.961;153.951;0;T;True;3
1621231295000;11561666;153.937;153.957;153.947;3;T;True;3
1621231296000;11561667;153.937;153.957;153.947;0;T;True;3
1621231297000;11561668;153.937;153.957;153.947;0;T;True;3
1621231298000;11561671;153.937;153.957;153.947;2;T;True;3
1621231299000;11561673;153.938;153.958;153.948;1;T;True;3
1621231300000;11561675;153.937;153.957;153.947;1;T;True;3
1621231301000;11561678;153.933;153.953;153.943;2;T;True;3
1621231302000;11561680;153.935;153.955;153.945;1;T;True;3
1621231303000;11561683;153.933;153.953;153.943;2;T;True;3
1621231304000;11561686;153.935;153.955;153.945;2;T;True;3
1621231305000;11561689;153.931;153.951;153.941;2;T;True;3
1621231306000;11561690;153.931;153.951;153.941;0;T;True;3
1621231307000;11561691;153.931;153.951;153.941;0;T;True;3
1621231308000;11561692;153.931;153.951;153.941;0;T;True;3
1621231309000;11561697;153.929;153.949;153.939;4;T;True;3
1621231310000;11561700;153.931;153.951;153.941;2;T;True;3
1621231311000;11561702;153.932;153.952;153.942;1;T;True;3
1621231312000;11561703;153.932;153.952;153.942;0;T;True;3
1621231313000;11561704;153.932;153.952;153.942;0;T;True;3
1621231314000;11561706;153.934;153.954;153.944;1;T;True;3
1621231315000;11561707;153.934;153.954;153.944;0;T;True;3
1621231316000;11561711;153.935;153.955;153.945;3;T;True;3
1621231317000;11561714;153.937;153.957;153.947;2;T;True;3
1621231318000;11561715;153.937;153.957;153.947;0;T;True;3
1621231319000;11561717;153.938;153.958;153.948;1;T;True;3
1621231320000;11561720;153.941;153.961;153.951;2;T;True;3
1621231321000;11561726;153.945;153.965;153.955;5;T;True;3
1621231322000;11561727;153.945;153.965;153.955;0;T;True;3
1621231323000;11561728;153.945;153.965;153.955;0;T;True;3
1621231324000;11561734;153.949;153.969;153.959;5;T;True;3
1621231325000;11561735;153.949;153.969;153.959;0;T;True;3
1621231326000;11561736;153.949;153.969;153.959;0;T;True;3
1621231327000;11561737;153.949;153.969;153.959;0;T;True;3
1621231328000;11561738;153.949;153.969;153.959;0;T;True;3
1621231329000;11561741;153.947;153.967;153.957;2;T;True;3
1621231330000;11561743;153.943;153.963;153.953;1;T;True;3
1621231331000;11561744;153.943;153.963;153.953;0;T;True;3
1621231332000;11561745;153.943;153.963;153.953;0;T;True;3
1621231333000;11561750;153.944;153.964;153.954;4;T;True;3
1621231334000;11561751;153.944;153.964;153.954;0;T;True;3
1621231335000;11561753;153.945;153.965;153.955;1;T;True;3
1621231336000;11561754;153.945;153.965;153.955;0;T;True;3
1621231337000;11561755;153.945;153.965;153.955;0;T;True;3
1621231338000;11561759;153.94;153.96;153.95;3;T;True;3
1621231339000;11561767;153.943;153.963;153.953;7;T;True;3
1621231340000;11561771;153.945;153.965;153.955;3;T;True;3
1621231341000;11561772;153.945;153.965;153.955;0;T;True;3
1621231342000;11561774;153.947;153.967;153.957;1;T;True;3
1621231343000;11561779;153.947;153.967;153.957;4;T;True;3
1621231344000;11561780;153.947;153.967;153.957;0;T;True;3
1621231345000;11561783;153.949;153.969;153.959;2;T;True;3
1621231346000;11561785;153.95;153.97;153.96;1;T;True;3
1621231347000;11561788;153.95;153.97;153.96;2;T;True;3
1621231348000;11561790;153.951;153.971;153.961;1;T;True;3
1621231349000;11561794;153.955;153.975;153.965;3;T;True;3
1621231350000;11561795;153.955;153.975;153.965;0;T;True;3
1621231351000;11561798;153.955;153.975;153.965;2;T;True;3
1621231352000;11561799;153.955;153.975;153.965;0;T;True;3
1621231353000;11561800;153.955;153.975;153.965;0;T;True;3
1621231354000;11561803;153.957;153.977;153.967;2;T;True;3
1621231355000;11561806;153.955;153.975;153.965;2;T;True;3
1621231356000;11561807;153.955;153.975;153.965;0;T;True;3
1621231357000;11561809;153.956;153.976;153.966;1;T;True;3
1621231358000;11561810;153.956;153.976;153.966;0;T;True;3
1621231359000;11561811;153.956;153.976;153.966;0;T;True;3
1621231360000;11561812;153.956;153.976;153.966;0;T;True;3
1621231361000;11561814;153.957;153.977;153.967;1;T;True;3
1621231362000;11561815;153.957;153.977;153.967;0;T;True;3
1621231363000;11561816;153.957;153.977;153.967;0;T;True;3
1621231364000;11561817;153.957;153.977;153.967;0;T;True;3
1621231365000;11561819;153.956;153.976;153.966;1;T;True;3
1621231366000;11561820;153.956;153.976;153.966;0;T;True;3
1621231367000;11561822;153.955;153.975;153.965;1;T;True;3
1621231368000;11561827;153.949;153.969;153.959;4;T;True;3
1621231369000;11561828;153.949;153.969;153.959;0;T;True;3
1621231370000;11561829;153.949;153.969;153.959;0;T;True;3
1621231371000;11561830;153.949;153.969;153.959;0;T;True;3
1621231372000;11561831;153.949;153.969;153.959;0;T;True;3
1621231373000;11561832;153.949;153.969;153.959;0;T;True;3
1621231374000;11561833;153.949;153.969;153.959;0;T;True;3
1621231375000;11561835;153.948;153.968;153.958;1;T;True;3
1621231376000;11561838;153.955;153.975;153.965;2;T;True;3
1621231377000;11561840;153.961;153.981;153.971;1;T;True;3
1621231378000;11561842;153.962;153.982;153.972;1;T;True;3
1621231379000;11561844;153.963;153.983;153.973;1;T;True;3
1621231380000;11561845;153.963;153.983;153.973;0;T;True;3
1621231381000;11561848;153.961;153.981;153.971;2;T;True;3
1621231382000;11561849;153.961;153.981;153.971;0;T;True;3
1621231383000;11561850;153.961;153.981;153.971;0;T;True;3
1621231384000;11561851;153.961;153.981;153.971;0;T;True;3
1621231385000;11561853;153.958;153.978;153.968;1;T;True;3
1621231386000;11561854;153.958;153.978;153.968;0;T;True;3
1621231387000;11561855;153.958;153.978;153.968;0;T;True;3
1621231388000;11561856;153.958;153.978;153.968;0;T;True;3
1621231389000;11561858;153.959;153.979;153.969;1;T;True;3
1621231390000;11561859;153.959;153.979;153.969;0;T;True;3
1621231391000;11561860;153.959;153.979;153.969;0;T;True;3
1621231392000;11561863;153.959;153.979;153.969;2;T;True;3
1621231393000;11561864;153.959;153.979;153.969;0;T;True;3
1621231394000;11561865;153.959;153.979;153.969;0;T;True;3
1621231395000;11561869;153.951;153.971;153.961;3;T;True;3
1621231396000;11561870;153.951;153.971;153.961;0;T;True;3
1621231397000;11561872;153.952;153.972;153.962;1;T;True;3
1621231398000;11561873;153.952;153.972;153.962;0;T;True;3
1621231399000;11561874;153.952;153.972;153.962;0;T;True;3
1621231400000;11561875;153.952;153.972;153.962;0;T;True;3
1621231401000;11561876;153.952;153.972;153.962;0;T;True;3
1621231402000;11561879;153.955;153.975;153.965;2;T;True;3
1621231403000;11561880;153.955;153.975;153.965;0;T;True;3
1621231404000;11561881;153.955;153.975;153.965;0;T;True;3
1621231405000;11561885;153.957;153.977;153.967;3;T;True;3
1621231406000;11561886;153.957;153.977;153.967;0;T;True;3
1621231407000;11561887;153.957;153.977;153.967;0;T;True;3
1621231408000;11561888;153.957;153.977;153.967;0;T;True;3
1621231409000;11561889;153.957;153.977;153.967;0;T;True;3
1621231410000;11561890;153.957;153.977;153.967;0;T;True;3
1621231411000;11561891;153.957;153.977;153.967;0;T;True;3
1621231412000;11561893;153.955;153.975;153.965;1;T;True;3
1621231413000;11561894;153.955;153.975;153.965;0;T;True;3
1621231414000;11561896;153.954;153.974;153.964;1;T;True;3
1621231415000;11561897;153.954;153.974;153.964;0;T;True;3
1621231416000;11561900;153.951;153.971;153.961;2;T;True;3
1621231417000;11561901;153.951;153.971;153.961;0;T;True;3
1621231418000;11561902;153.951;153.971;153.961;0;T;True;3
1621231419000;11561903;153.951;153.971;153.961;0;T;True;3
1621231420000;11561907;153.952;153.972;153.962;3;T;True;3
1621231421000;11561910;153.949;153.969;153.959;2;T;True;3
1621231422000;11561911;153.949;153.969;153.959;0;T;True;3
1621231423000;11561912;153.949;153.969;153.959;0;T;True;3
1621231424000;11561915;153.944;153.964;153.954;2;T;True;3
1621231425000;11561917;153.945;153.965;153.955;1;T;True;3
1621231426000;11561918;153.945;153.965;153.955;0;T;True;3
1621231427000;11561919;153.945;153.965;153.955;0;T;True;3
1621231428000;11561920;153.945;153.965;153.955;0;T;True;3
1621231429000;11561922;153.947;153.967;153.957;1;T;True;3
1621231430000;11561923;153.947;153.967;153.957;0;T;True;3
1621231431000;11561925;153.946;153.966;153.956;1;T;True;3
1621231432000;11561931;153.948;153.968;153.958;5;T;True;3
1621231433000;11561934;153.951;153.971;153.961;2;T;True;3
1621231434000;11561935;153.951;153.971;153.961;0;T;True;3
1621231435000;11561936;153.951;153.971;153.961;0;T;True;3
1621231436000;11561937;153.951;153.971;153.961;0;T;True;3
1621231437000;11561938;153.951;153.971;153.961;0;T;True;3
1621231438000;11561940;153.949;153.969;153.959;1;T;True;3
1621231439000;11561942;153.948;153.968;153.958;1;T;True;3
1621231440000;11561943;153.948;153.968;153.958;0;T;True;3
1621231441000;11561944;153.948;153.968;153.958;0;T;True;3
1621231442000;11561946;153.949;153.969;153.959;1;T;True;3
1621231443000;11561947;153.949;153.969;153.959;0;T;True;3
1621231444000;11561948;153.949;153.969;153.959;0;T;True;3
1621231445000;11561949;153.949;153.969;153.959;0;T;True;3
1621231446000;11561951;153.951;153.971;153.961;1;T;True;3
1621231447000;11561952;153.951;153.971;153.961;0;T;True;3
1621231448000;11561953;153.951;153.971;153.961;0;T;True;3
1621231449000;11561954;153.951;153.971;153.961;0;T;True;3
1621231450000;11561955;153.951;153.971;153.961;0;T;True;3
1621231451000;11561956;153.951;153.971;153.961;0;T;True;3
1621231452000;11561959;153.947;153.967;153.957;2;T;True;3
1621231453000;11561960;153.947;153.967;153.957;0;T;True;3
1621231454000;11561962;153.949;153.969;153.959;1;T;True;3
1621231455000;11561963;153.949;153.969;153.959;0;T;True;3
1621231456000;11561964;153.949;153.969;153.959;0;T;True;3
1621231457000;11561965;153.949;153.969;153.959;0;T;True;3
1621231458000;11561967;153.947;153.967;153.957;1;T;True;3
1621231459000;11561969;153.948;153.968;153.958;1;T;True;3
1621231460000;11561970;153.948;153.968;153.958;0;T;True;3
1621231461000;11561971;153.948;153.968;153.958;0;T;True;3
1621231462000;11561972;153.948;153.968;153.958;0;T;True;3
1621231463000;11561973;153.948;153.968;153.958;0;T;True;3
1621231464000;11561974;153.948;153.968;153.958;0;T;True;3
1621231465000;11561975;153.948;153.968;153.958;0;T;True;3
1621231466000;11561976;153.948;153.968;153.958;0;T;True;3
1621231467000;11561977;153.948;153.968;153.958;0;T;True;3
1621231468000;11561978;153.948;153.968;153.958;0;T;True;3
1621231469000;11561979;153.948;153.968;153.958;0;T;True;3
1621231470000;11561980;153.948;153.968;153.958;0;T;True;3
1621231471000;11561985;153.947;153.967;153.957;4;T;True;3
1621231472000;11561986;153.947;153.967;153.957;0;T;True;3
1621231473000;11561987;153.947;153.967;153.957;0;T;True;3
1621231474000;11561989;153.945;153.965;153.955;1;T;True;3
1621231475000;11561992;153.947;153.967;153.957;2;T;True;3
1621231476000;11561994;153.945;153.965;153.955;1;T;True;3
1621231477000;11561995;153.945;153.965;153.955;0;T;True;3
1621231478000;11561996;153.945;153.965;153.955;0;T;True;3
1621231479000;11562000;153.946;153.966;153.956;3;T;True;3
1621231480000;11562001;153.946;153.966;153.956;0;T;True;3
1621231481000;11562003;153.945;153.965;153.955;1;T;True;3
1621231482000;11562005;153.944;153.964;153.954;1;T;True;3
1621231483000;11562006;153.944;153.964;153.954;0;T;True;3
1621231484000;11562008;153.945;153.965;153.955;1;T;True;3
1621231485000;11562009;153.945;153.965;153.955;0;T;True;3
1621231486000;11562010;153.945;153.965;153.955;0;T;True;3
1621231487000;11562011;153.945;153.965;153.955;0;T;True;3
1621231488000;11562012;153.945;153.965;153.955;0;T;True;3
1621231489000;11562013;153.945;153.965;153.955;0;T;True;3
1621231490000;11562014;153.945;153.965;153.955;0;T;True;3
1621231491000;11562015;153.945;153.965;153.955;0;T;True;3
1621231492000;11562018;153.949;153.969;153.959;2;T;True;3
1621231493000;11562019;153.949;153.969;153.959;0;T;True;3
1621231494000;11562020;153.949;153.969;153.959;0;T;True;3
1621231495000;11562021;153.949;153.969;153.959;0;T;True;3
1621231496000;11562022;153.949;153.969;153.959;0;T;True;3
1621231497000;11562023;153.949;153.969;153.959;0;T;True;3
1621231498000;11562024;153.949;153.969;153.959;0;T;True;3
1621231499000;11562025;153.949;153.969;153.959;0;T;True;3
1621231500000;11562026;153.949;153.969;153.959;0;T;True;3
1621231501000;11562027;153.949;153.969;153.959;0;T;True;3
1621231502000;11562028;153.949;153.969;153.959;0;T;True;3
1621231503000;11562030;153.948;153.968;153.958;1;T;True;3
1621231504000;11562031;153.948;153.968;153.958;0;T;True;3
1621231505000;11562033;153.947;153.967;153.957;1;T;True;3
1621231506000;11562034;153.947;153.967;153.957;0;T;True;3
1621231507000;11562037;153.949;153.969;153.959;2;T;True;3
1621231508000;11562038;153.949;153.969;153.959;0;T;True;3
1621231509000;11562039;153.949;153.969;153.959;0;T;True;3
1621231510000;11562040;153.949;153.969;153.959;0;T;True;3
1621231511000;11562041;153.949;153.969;153.959;0;T;True;3
1621231512000;11562042;153.949;153.969;153.959;0;T;True;3
1621231513000;11562043;153.949;153.969;153.959;0;T;True;3
1621231514000;11562044;153.949;153.969;153.959;0;T;True;3
1621231515000;11562045;153.949;153.969;153.959;0;T;True;3
1621231516000;11562046;153.949;153.969;153.959;0;T;True;3
1621231517000;11562047;153.949;153.969;153.959;0;T;True;3
1621231518000;11562048;153.949;153.969;153.959;0;T;True;3
1621231519000;11562049;153.949;153.969;153.959;0;T;True;3
1621231520000;11562050;153.949;153.969;153.959;0;T;True;3
1621231521000;11562051;153.949;153.969;153.959;0;T;True;3
1621231522000;11562053;153.951;153.971;153.961;1;T;True;3
1621231523000;11562054;153.951;153.971;153.961;0;T;True;3
1621231524000;11562055;153.951;153.971;153.961;0;T;True;3
1621231525000;11562056;153.951;153.971;153.961;0;T;True;3
1621231526000;11562058;153.953;153.973;153.963;1;T;True;3
1621231527000;11562059;153.953;153.973;153.963;0;T;True;3
1621231528000;11562061;153.954;153.974;153.964;1;T;True;3
1621231529000;11562063;153.955;153.975;153.965;1;T;True;3
1621231530000;11562064;153.955;153.975;153.965;0;T;True;3
1621231531000;11562065;153.955;153.975;153.965;0;T;True;3
1621231532000;11562067;153.956;153.976;153.966;1;T;True;3
1621231533000;11562069;153.955;153.975;153.965;1;T;True;3
1621231534000;11562070;153.955;153.975;153.965;0;T;True;3
1621231535000;11562071;153.955;153.975;153.965;0;T;True;3
1621231536000;11562072;153.955;153.975;153.965;0;T;True;3
1621231537000;11562077;153.946;153.966;153.956;4;T;True;3
1621231538000;11562079;153.947;153.967;153.957;1;T;True;3
1621231539000;11562080;153.947;153.967;153.957;0;T;True;3
1621231540000;11562081;153.947;153.967;153.957;0;T;True;3
1621231541000;11562082;153.947;153.967;153.957;0;T;True;3
1621231542000;11562083;153.947;153.967;153.957;0;T;True;3
1621231543000;11562085;153.948;153.968;153.958;1;T;True;3
1621231544000;11562089;153.951;153.971;153.961;3;T;True;3
1621231545000;11562090;153.951;153.971;153.961;0;T;True;3
1621231546000;11562096;153.96;153.98;153.97;5;T;True;3
1621231547000;11562100;153.961;153.981;153.971;3;T;True;3
1621231548000;11562102;153.963;153.983;153.973;1;T;True;3
1621231549000;11562103;153.963;153.983;153.973;0;T;True;3
1621231550000;11562104;153.963;153.983;153.973;0;T;True;3
1621231551000;11562105;153.963;153.983;153.973;0;T;True;3
1621231552000;11562106;153.963;153.983;153.973;0;T;True;3
1621231553000;11562108;153.959;153.979;153.969;1;T;True;3
1621231554000;11562109;153.959;153.979;153.969;0;T;True;3
1621231555000;11562110;153.959;153.979;153.969;0;T;True;3
1621231556000;11562116;153.96;153.98;153.97;5;T;True;3
1621231557000;11562117;153.96;153.98;153.97;0;T;True;3
1621231558000;11562120;153.962;153.982;153.972;2;T;True;3
1621231559000;11562121;153.962;153.982;153.972;0;T;True;3
1621231560000;11562123;153.961;153.981;153.971;1;T;True;3
1621231561000;11562126;153.955;153.975;153.965;2;T;True;3
1621231562000;11562127;153.955;153.975;153.965;0;T;True;3
1621231563000;11562130;153.955;153.975;153.965;2;T;True;3
1621231564000;11562137;153.959;153.979;153.969;6;T;True;3
1621231565000;11562138;153.959;153.979;153.969;0;T;True;3
1621231566000;11562141;153.957;153.977;153.967;2;T;True;3
1621231567000;11562144;153.957;153.977;153.967;2;T;True;3
1621231568000;11562145;153.957;153.977;153.967;0;T;True;3
1621231569000;11562147;153.959;153.979;153.969;1;T;True;3
1621231570000;11562148;153.959;153.979;153.969;0;T;True;3
1621231571000;11562149;153.959;153.979;153.969;0;T;True;3
1621231572000;11562150;153.959;153.979;153.969;0;T;True;3
1621231573000;11562154;153.966;153.986;153.976;3;T;True;3
1621231574000;11562155;153.966;153.986;153.976;0;T;True;3
1621231575000;11562156;153.966;153.986;153.976;0;T;True;3
1621231576000;11562158;153.967;153.987;153.977;1;T;True;3
1621231577000;11562159;153.967;153.987;153.977;0;T;True;3
1621231578000;11562160;153.967;153.987;153.977;0;T;True;3
1621231579000;11562161;153.967;153.987;153.977;0;T;True;3
1621231580000;11562162;153.967;153.987;153.977;0;T;True;3
1621231581000;11562163;153.967;153.987;153.977;0;T;True;3
1621231582000;11562165;153.966;153.986;153.976;1;T;True;3
1621231583000;11562166;153.966;153.986;153.976;0;T;True;3
1621231584000;11562168;153.965;153.985;153.975;1;T;True;3
1621231585000;11562169;153.965;153.985;153.975;0;T;True;3
1621231586000;11562170;153.965;153.985;153.975;0;T;True;3
1621231587000;11562172;153.963;153.983;153.973;1;T;True;3
1621231588000;11562174;153.964;153.984;153.974;1;T;True;3
1621231589000;11562175;153.964;153.984;153.974;0;T;True;3
1621231590000;11562176;153.964;153.984;153.974;0;T;True;3
1621231591000;11562178;153.965;153.985;153.975;1;T;True;3
1621231592000;11562180;153.967;153.987;153.977;1;T;True;3
1621231593000;11562182;153.966;153.986;153.976;1;T;True;3
1621231594000;11562184;153.965;153.985;153.975;1;T;True;3
1621231595000;11562185;153.965;153.985;153.975;0;T;True;3
1621231596000;11562186;153.965;153.985;153.975;0;T;True;3
1621231597000;11562187;153.965;153.985;153.975;0;T;True;3
1621231598000;11562188;153.965;153.985;153.975;0;T;True;3
1621231599000;11562189;153.965;153.985;153.975;0;T;True;3
1621231600000;11562191;153.966;153.986;153.976;1;T;True;3
1621231601000;11562194;153.969;153.989;153.979;2;T;True;3
1621231602000;11562195;153.969;153.989;153.979;0;T;True;3
1621231603000;11562196;153.969;153.989;153.979;0;T;True;3
1621231604000;11562197;153.969;153.989;153.979;0;T;True;3
1621231605000;11562198;153.969;153.989;153.979;0;T;True;3
1621231606000;11562203;153.969;153.989;153.979;4;T;True;3
1621231607000;11562204;153.969;153.989;153.979;0;T;True;3
1621231608000;11562205;153.969;153.989;153.979;0;T;True;3
1621231609000;11562206;153.969;153.989;153.979;0;T;True;3
1621231610000;11562207;153.969;153.989;153.979;0;T;True;3
1621231611000;11562208;153.969;153.989;153.979;0;T;True;3
1621231612000;11562212;153.967;153.987;153.977;3;T;True;3
1621231613000;11562214;153.966;153.986;153.976;1;T;True;3
1621231614000;11562216;153.965;153.985;153.975;1;T;True;3
1621231615000;11562220;153.967;153.987;153.977;3;T;True;3
1621231616000;11562221;153.967;153.987;153.977;0;T;True;3
1621231617000;11562222;153.967;153.987;153.977;0;T;True;3
1621231618000;11562223;153.967;153.987;153.977;0;T;True;3
1621231619000;11562224;153.967;153.987;153.977;0;T;True;3
1621231620000;11562225;153.967;153.987;153.977;0;T;True;3
1621231621000;11562226;153.967;153.987;153.977;0;T;True;3
1621231622000;11562229;153.971;153.991;153.981;2;T;True;3
1621231623000;11562231;153.97;153.99;153.98;1;T;True;3
1621231624000;11562232;153.97;153.99;153.98;0;T;True;3
1621231625000;11562233;153.97;153.99;153.98;0;T;True;3
1621231626000;11562234;153.97;153.99;153.98;0;T;True;3
1621231627000;11562235;153.97;153.99;153.98;0;T;True;3
1621231628000;11562236;153.97;153.99;153.98;0;T;True;3
1621231629000;11562237;153.97;153.99;153.98;0;T;True;3
1621231630000;11562238;153.97;153.99;153.98;0;T;True;3
1621231631000;11562240;153.969;153.989;153.979;1;T;True;3
1621231632000;11562243;153.974;153.994;153.984;2;T;True;3
1621231633000;11562245;153.973;153.993;153.983;1;T;True;3
1621231634000;11562247;153.969;153.989;153.979;1;T;True;3
1621231635000;11562248;153.969;153.989;153.979;0;T;True;3
1621231636000;11562249;153.969;153.989;153.979;0;T;True;3
1621231637000;11562250;153.969;153.989;153.979;0;T;True;3
1621231638000;11562255;153.965;153.985;153.975;4;T;True;3
1621231639000;11562258;153.965;153.985;153.975;2;T;True;3
1621231640000;11562259;153.965;153.985;153.975;0;T;True;3
1621231641000;11562261;153.969;153.989;153.979;1;T;True;3
1621231642000;11562265;153.972;153.992;153.982;3;T;True;3
1621231643000;11562269;153.97;153.99;153.98;3;T;True;3
1621231644000;11562273;153.971;153.991;153.981;3;T;True;3
1621231645000;11562274;153.971;153.991;153.981;0;T;True;3
1621231646000;11562277;153.977;153.997;153.987;2;T;True;3
1621231647000;11562281;153.973;153.993;153.983;3;T;True;3
1621231648000;11562283;153.971;153.991;153.981;1;T;True;3
1621231649000;11562285;153.972;153.992;153.982;1;T;True;3
1621231650000;11562286;153.972;153.992;153.982;0;T;True;3
1621231651000;11562292;153.978;153.998;153.988;5;T;True;3
1621231652000;11562294;153.975;153.995;153.985;1;T;True;3
1621231653000;11562295;153.975;153.995;153.985;0;T;True;3
1621231654000;11562299;153.978;153.998;153.988;3;T;True;3
1621231655000;11562301;153.979;153.999;153.989;1;T;True;3
1621231656000;11562302;153.979;153.999;153.989;0;T;True;3
1621231657000;11562303;153.979;153.999;153.989;0;T;True;3
1621231658000;11562307;153.987;154.007;153.997;3;T;True;3
1621231659000;11562308;153.987;154.007;153.997;0;T;True;3
1621231660000;11562310;153.985;154.005;153.995;1;T;True;3
1621231661000;11562311;153.985;154.005;153.995;0;T;True;3
1621231662000;11562312;153.985;154.005;153.995;0;T;True;3
1621231663000;11562313;153.985;154.005;153.995;0;T;True;3
1621231664000;11562314;153.985;154.005;153.995;0;T;True;3
1621231665000;11562316;153.984;154.004;153.994;1;T;True;3
1621231666000;11562319;153.984;154.004;153.994;2;T;True;3
1621231667000;11562322;153.991;154.011;154.001;2;T;True;3
1621231668000;11562326;153.979;153.999;153.989;3;T;True;3
1621231669000;11562327;153.979;153.999;153.989;0;T;True;3
1621231670000;11562329;153.981;154.001;153.991;1;T;True;3
1621231671000;11562330;153.981;154.001;153.991;0;T;True;3
1621231672000;11562331;153.981;154.001;153.991;0;T;True;3
1621231673000;11562333;153.979;153.999;153.989;1;T;True;3
1621231674000;11562334;153.979;153.999;153.989;0;T;True;3
1621231675000;11562339;153.973;153.993;153.983;4;T;True;3
1621231676000;11562340;153.973;153.993;153.983;0;T;True;3
1621231677000;11562351;153.971;153.991;153.981;10;T;True;3
1621231678000;11562353;153.977;153.997;153.987;1;T;True;3
1621231679000;11562355;153.979;153.999;153.989;1;T;True;3
1621231680000;11562357;153.98;154.0;153.99;1;T;True;3
1621231681000;11562358;153.98;154.0;153.99;0;T;True;3
1621231682000;11562359;153.98;154.0;153.99;0;T;True;3
1621231683000;11562362;153.975;153.995;153.985;2;T;True;3
1621231684000;11562365;153.975;153.995;153.985;2;T;True;3
1621231685000;11562366;153.975;153.995;153.985;0;T;True;3
1621231686000;11562367;153.975;153.995;153.985;0;T;True;3
1621231687000;11562368;153.975;153.995;153.985;0;T;True;3
1621231688000;11562370;153.977;153.997;153.987;1;T;True;3
1621231689000;11562371;153.977;153.997;153.987;0;T;True;3
1621231690000;11562373;153.978;153.998;153.988;1;T;True;3
1621231691000;11562376;153.98;154.0;153.99;2;T;True;3
1621231692000;11562377;153.98;154.0;153.99;0;T;True;3
1621231693000;11562379;153.981;154.001;153.991;1;T;True;3
1621231694000;11562380;153.981;154.001;153.991;0;T;True;3
1621231695000;11562382;153.985;154.005;153.995;1;T;True;3
1621231696000;11562388;153.983;154.003;153.993;5;T;True;3
1621231697000;11562389;153.983;154.003;153.993;0;T;True;3
1621231698000;11562390;153.983;154.003;153.993;0;T;True;3
1621231699000;11562392;153.984;154.004;153.994;1;T;True;3
1621231700000;11562394;153.987;154.007;153.997;1;T;True;3
1621231701000;11562395;153.987;154.007;153.997;0;T;True;3
1621231702000;11562398;153.989;154.009;153.999;2;T;True;3
1621231703000;11562401;153.992;154.012;154.002;2;T;True;3
1621231704000;11562403;153.993;154.013;154.003;1;T;True;3
1621231705000;11562405;153.994;154.014;154.004;1;T;True;3
1621231706000;11562406;153.994;154.014;154.004;0;T;True;3
1621231707000;11562408;153.995;154.015;154.005;1;T;True;3
1621231708000;11562409;153.995;154.015;154.005;0;T;True;3
1621231709000;11562414;154.002;154.022;154.012;4;T;True;3
1621231710000;11562415;154.002;154.022;154.012;0;T;True;3
1621231711000;11562417;154.003;154.023;154.013;1;T;True;3
1621231712000;11562418;154.003;154.023;154.013;0;T;True;3
1621231713000;11562419;154.003;154.023;154.013;0;T;True;3
1621231714000;11562420;154.003;154.023;154.013;0;T;True;3
1621231715000;11562421;154.003;154.023;154.013;0;T;True;3
1621231716000;11562429;154.005;154.025;154.015;7;T;True;3
1621231717000;11562432;154.005;154.025;154.015;2;T;True;3
1621231718000;11562433;154.005;154.025;154.015;0;T;True;3
1621231719000;11562435;154.003;154.023;154.013;1;T;True;3
1621231720000;11562438;154.001;154.021;154.011;2;T;True;3
1621231721000;11562439;154.001;154.021;154.011;0;T;True;3
1621231722000;11562441;154.003;154.023;154.013;1;T;True;3
1621231723000;11562442;154.003;154.023;154.013;0;T;True;3
1621231724000;11562443;154.003;154.023;154.013;0;T;True;3
1621231725000;11562444;154.003;154.023;154.013;0;T;True;3
1621231726000;11562445;154.003;154.023;154.013;0;T;True;3
1621231727000;11562446;154.003;154.023;154.013;0;T;True;3
1621231728000;11562447;154.003;154.023;154.013;0;T;True;3
1621231729000;11562448;154.003;154.023;154.013;0;T;True;3
1621231730000;11562449;154.003;154.023;154.013;0;T;True;3
1621231731000;11562451;154.001;154.021;154.011;1;T;True;3
1621231732000;11562452;154.001;154.021;154.011;0;T;True;3
1621231733000;11562453;154.001;154.021;154.011;0;T;True;3
1621231734000;11562454;154.001;154.021;154.011;0;T;True;3
1621231735000;11562455;154.001;154.021;154.011;0;T;True;3
1621231736000;11562458;153.995;154.015;154.005;2;T;True;3
1621231737000;11562459;153.995;154.015;154.005;0;T;True;3
1621231738000;11562462;153.997;154.017;154.007;2;T;True;3
1621231739000;11562463;153.997;154.017;154.007;0;T;True;3
1621231740000;11562464;153.997;154.017;154.007;0;T;True;3
1621231741000;11562466;153.999;154.019;154.009;1;T;True;3
1621231742000;11562467;153.999;154.019;154.009;0;T;True;3
1621231743000;11562468;153.999;154.019;154.009;0;T;True;3
1621231744000;11562472;154.003;154.023;154.013;3;T;True;3
1621231745000;11562473;154.003;154.023;154.013;0;T;True;3
1621231746000;11562474;154.003;154.023;154.013;0;T;True;3
1621231747000;11562475;154.003;154.023;154.013;0;T;True;3
1621231748000;11562476;154.003;154.023;154.013;0;T;True;3
1621231749000;11562477;154.003;154.023;154.013;0;T;True;3
1621231750000;11562479;154.004;154.024;154.014;1;T;True;3
1621231751000;11562480;154.004;154.024;154.014;0;T;True;3
1621231752000;11562481;154.004;154.024;154.014;0;T;True;3
1621231753000;11562484;154.006;154.026;154.016;2;T;True;3
1621231754000;11562487;154.003;154.023;154.013;2;T;True;3
1621231755000;11562488;154.003;154.023;154.013;0;T;True;3
1621231756000;11562489;154.003;154.023;154.013;0;T;True;3
1621231757000;11562491;154.005;154.025;154.015;1;T;True;3
1621231758000;11562492;154.005;154.025;154.015;0;T;True;3
1621231759000;11562495;154.002;154.022;154.012;2;T;True;3
1621231760000;11562497;154.003;154.023;154.013;1;T;True;3
1621231761000;11562499;154.001;154.021;154.011;1;T;True;3
1621231762000;11562500;154.001;154.021;154.011;0;T;True;3
1621231763000;11562501;154.001;154.021;154.011;0;T;True;3
1621231764000;11562503;154.003;154.023;154.013;1;T;True;3
1621231765000;11562504;154.003;154.023;154.013;0;T;True;3
1621231766000;11562506;154.005;154.025;154.015;1;T;True;3
1621231767000;11562507;154.005;154.025;154.015;0;T;True;3
1621231768000;11562508;154.005;154.025;154.015;0;T;True;3
1621231769000;11562509;154.005;154.025;154.015;0;T;True;3
1621231770000;11562510;154.005;154.025;154.015;0;T;True;3
1621231771000;11562511;154.005;154.025;154.015;0;T;True;3
1621231772000;11562514;154.004;154.024;154.014;2;T;True;3
1621231773000;11562516;154.003;154.023;154.013;1;T;True;3
1621231774000;11562518;154.001;154.021;154.011;1;T;True;3
1621231775000;11562520;154.003;154.023;154.013;1;T;True;3
1621231776000;11562521;154.003;154.023;154.013;0;T;True;3
1621231777000;11562522;154.003;154.023;154.013;0;T;True;3
1621231778000;11562523;154.003;154.023;154.013;0;T;True;3
1621231779000;11562524;154.003;154.023;154.013;0;T;True;3
1621231780000;11562525;154.003;154.023;154.013;0;T;True;3
1621231781000;11562526;154.003;154.023;154.013;0;T;True;3
1621231782000;11562528;154.004;154.024;154.014;1;T;True;3
1621231783000;11562531;154.004;154.024;154.014;2;T;True;3
1621231784000;11562533;154.003;154.023;154.013;1;T;True;3
1621231785000;11562535;154.002;154.022;154.012;1;T;True;3
1621231786000;11562537;154.003;154.023;154.013;1;T;True;3
1621231787000;11562538;154.003;154.023;154.013;0;T;True;3
1621231788000;11562539;154.003;154.023;154.013;0;T;True;3
1621231789000;11562541;154.002;154.022;154.012;1;T;True;3
1621231790000;11562542;154.002;154.022;154.012;0;T;True;3
1621231791000;11562543;154.002;154.022;154.012;0;T;True;3
1621231792000;11562544;154.002;154.022;154.012;0;T;True;3
1621231793000;11562547;153.996;154.016;154.006;2;T;True;3
1621231794000;11562548;153.996;154.016;154.006;0;T;True;3
1621231795000;11562551;153.993;154.013;154.003;2;T;True;3
1621231796000;11562558;153.991;154.011;154.001;6;T;True;3
1621231797000;11562560;153.993;154.013;154.003;1;T;True;3
1621231798000;11562561;153.993;154.013;154.003;0;T;True;3
1621231799000;11562562;153.993;154.013;154.003;0;T;True;3
1621231800000;11562563;153.993;154.013;154.003;0;T;True;3
1621231801000;11562564;153.993;154.013;154.003;0;T;True;3
1621231802000;11562565;153.993;154.013;154.003;0;T;True;3
1621231803000;11562567;153.997;154.017;154.007;1;T;True;3
1621231804000;11562568;153.997;154.017;154.007;0;T;True;3
1621231805000;11562569;153.997;154.017;154.007;0;T;True;3
1621231806000;11562570;153.997;154.017;154.007;0;T;True;3
1621231807000;11562571;153.997;154.017;154.007;0;T;True;3
1621231808000;11562572;153.997;154.017;154.007;0;T;True;3
1621231809000;11562573;153.997;154.017;154.007;0;T;True;3
1621231810000;11562574;153.997;154.017;154.007;0;T;True;3
1621231811000;11562575;153.997;154.017;154.007;0;T;True;3
1621231812000;11562578;153.998;154.018;154.008;2;T;True;3
1621231813000;11562579;153.998;154.018;154.008;0;T;True;3
1621231814000;11562580;153.998;154.018;154.008;0;T;True;3
1621231815000;11562581;153.998;154.018;154.008;0;T;True;3
1621231816000;11562587;154.002;154.022;154.012;5;T;True;3
1621231817000;11562589;154.003;154.023;154.013;1;T;True;3
1621231818000;11562590;154.003;154.023;154.013;0;T;True;3
1621231819000;11562593;153.999;154.019;154.009;2;T;True;3
1621231820000;11562594;153.999;154.019;154.009;0;T;True;3
1621231821000;11562595;153.999;154.019;154.009;0;T;True;3
1621231822000;11562596;153.999;154.019;154.009;0;T;True;3
1621231823000;11562600;153.995;154.015;154.005;3;T;True;3
1621231824000;11562601;153.995;154.015;154.005;0;T;True;3
1621231825000;11562602;153.995;154.015;154.005;0;T;True;3
1621231826000;11562603;153.995;154.015;154.005;0;T;True;3
1621231827000;11562604;153.995;154.015;154.005;0;T;True;3
1621231828000;11562605;153.995;154.015;154.005;0;T;True;3
1621231829000;11562607;153.993;154.013;154.003;1;T;True;3
1621231830000;11562608;153.993;154.013;154.003;0;T;True;3
1621231831000;11562609;153.993;154.013;154.003;0;T;True;3
1621231832000;11562610;153.993;154.013;154.003;0;T;True;3
1621231833000;11562611;153.993;154.013;154.003;0;T;True;3
1621231834000;11562612;153.993;154.013;154.003;0;T;True;3
1621231835000;11562615;153.984;154.004;153.994;2;T;True;3
1621231836000;11562618;153.983;154.003;153.993;2;T;True;3
1621231837000;11562619;153.983;154.003;153.993;0;T;True;3
1621231838000;11562620;153.983;154.003;153.993;0;T;True;3
1621231839000;11562621;153.983;154.003;153.993;0;T;True;3
1621231840000;11562622;153.983;154.003;153.993;0;T;True;3
1621231841000;11562623;153.983;154.003;153.993;0;T;True;3
1621231842000;11562624;153.983;154.003;153.993;0;T;True;3
1621231843000;11562625;153.983;154.003;153.993;0;T;True;3
1621231844000;11562626;153.983;154.003;153.993;0;T;True;3
1621231845000;11562627;153.983;154.003;153.993;0;T;True;3
1621231846000;11562628;153.983;154.003;153.993;0;T;True;3
1621231847000;11562629;153.983;154.003;153.993;0;T;True;3
1621231848000;11562630;153.983;154.003;153.993;0;T;True;3
1621231849000;11562633;153.985;154.005;153.995;2;T;True;3
1621231850000;11562634;153.985;154.005;153.995;0;T;True;3
1621231851000;11562637;153.993;154.013;154.003;2;T;True;3
1621231852000;11562644;153.989;154.009;153.999;6;T;True;3
1621231853000;11562645;153.989;154.009;153.999;0;T;True;3
1621231854000;11562646;153.989;154.009;153.999;0;T;True;3
1621231855000;11562649;153.993;154.013;154.003;2;T;True;3
1621231856000;11562650;153.993;154.013;154.003;0;T;True;3
1621231857000;11562651;153.993;154.013;154.003;0;T;True;3
1621231858000;11562652;153.993;154.013;154.003;0;T;True;3
1621231859000;11562653;153.993;154.013;154.003;0;T;True;3
1621231860000;11562654;153.993;154.013;154.003;0;T;True;3
1621231861000;11562656;153.994;154.014;154.004;1;T;True;3
1621231862000;11562657;153.994;154.014;154.004;0;T;True;3
1621231863000;11562659;153.995;154.015;154.005;1;T;True;3
1621231864000;11562660;153.995;154.015;154.005;0;T;True;3
1621231865000;11562661;153.995;154.015;154.005;0;T;True;3
1621231866000;11562662;153.995;154.015;154.005;0;T;True;3
1621231867000;11562663;153.995;154.015;154.005;0;T;True;3
1621231868000;11562664;153.995;154.015;154.005;0;T;True;3
1621231869000;11562665;153.995;154.015;154.005;0;T;True;3
1621231870000;11562667;153.996;154.016;154.006;1;T;True;3
1621231871000;11562669;153.997;154.017;154.007;1;T;True;3
1621231872000;11562671;153.995;154.015;154.005;1;T;True;3
1621231873000;11562672;153.995;154.015;154.005;0;T;True;3
1621231874000;11562673;153.995;154.015;154.005;0;T;True;3
1621231875000;11562674;153.995;154.015;154.005;0;T;True;3
1621231876000;11562675;153.995;154.015;154.005;0;T;True;3
1621231877000;11562676;153.995;154.015;154.005;0;T;True;3
1621231878000;11562680;153.989;154.009;153.999;3;T;True;3
1621231879000;11562683;153.987;154.007;153.997;2;T;True;3
1621231880000;11562684;153.987;154.007;153.997;0;T;True;3
1621231881000;11562691;153.985;154.005;153.995;6;T;True;3
1621231882000;11562693;153.983;154.003;153.993;1;T;True;3
1621231883000;11562694;153.983;154.003;153.993;0;T;True;3
1621231884000;11562698;153.989;154.009;153.999;3;T;True;3
1621231885000;11562699;153.989;154.009;153.999;0;T;True;3
1621231886000;11562700;153.989;154.009;153.999;0;T;True;3
1621231887000;11562702;153.993;154.013;154.003;1;T;True;3
1621231888000;11562703;153.993;154.013;154.003;0;T;True;3
1621231889000;11562704;153.993;154.013;154.003;0;T;True;3
1621231890000;11562706;153.995;154.015;154.005;1;T;True;3
1621231891000;11562709;153.997;154.017;154.007;2;T;True;3
1621231892000;11562710;153.997;154.017;154.007;0;T;True;3
1621231893000;11562711;153.997;154.017;154.007;0;T;True;3
1621231894000;11562712;153.997;154.017;154.007;0;T;True;3
1621231895000;11562713;153.997;154.017;154.007;0;T;True;3
1621231896000;11562714;153.997;154.017;154.007;0;T;True;3
1621231897000;11562717;154.003;154.023;154.013;2;T;True;3
1621231898000;11562719;154.0;154.02;154.01;1;T;True;3
1621231899000;11562721;154.001;154.021;154.011;1;T;True;3
1621231900000;11562723;154.0;154.02;154.01;1;T;True;3
1621231901000;11562726;154.0;154.02;154.01;2;T;True;3
1621231902000;11562727;154.0;154.02;154.01;0;T;True;3
1621231903000;11562728;154.0;154.02;154.01;0;T;True;3
1621231904000;11562730;153.999;154.019;154.009;1;T;True;3
1621231905000;11562731;153.999;154.019;154.009;0;T;True;3
1621231906000;11562733;153.998;154.018;154.008;1;T;True;3
1621231907000;11562734;153.998;154.018;154.008;0;T;True;3
1621231908000;11562735;153.998;154.018;154.008;0;T;True;3
1621231909000;11562738;153.996;154.016;154.006;2;T;True;3
1621231910000;11562739;153.996;154.016;154.006;0;T;True;3
1621231911000;11562741;153.997;154.017;154.007;1;T;True;3
1621231912000;11562742;153.997;154.017;154.007;0;T;True;3
1621231913000;11562743;153.997;154.017;154.007;0;T;True;3
1621231914000;11562746;153.997;154.017;154.007;2;T;True;3
1621231915000;11562747;153.997;154.017;154.007;0;T;True;3
1621231916000;11562748;153.997;154.017;154.007;0;T;True;3
1621231917000;11562749;153.997;154.017;154.007;0;T;True;3
1621231918000;11562750;153.997;154.017;154.007;0;T;True;3
1621231919000;11562752;153.996;154.016;154.006;1;T;True;3
1621231920000;11562753;153.996;154.016;154.006;0;T;True;3
1621231921000;11562754;153.996;154.016;154.006;0;T;True;3
1621231922000;11562755;153.996;154.016;154.006;0;T;True;3
1621231923000;11562757;153.995;154.015;154.005;1;T;True;3
1621231924000;11562758;153.995;154.015;154.005;0;T;True;3
1621231925000;11562759;153.995;154.015;154.005;0;T;True;3
1621231926000;11562760;153.995;154.015;154.005;0;T;True;3
1621231927000;11562761;153.995;154.015;154.005;0;T;True;3
1621231928000;11562762;153.995;154.015;154.005;0;T;True;3
1621231929000;11562765;153.993;154.013;154.003;2;T;True;3
1621231930000;11562766;153.993;154.013;154.003;0;T;True;3
1621231931000;11562767;153.993;154.013;154.003;0;T;True;3
1621231932000;11562768;153.993;154.013;154.003;0;T;True;3
1621231933000;11562773;153.987;154.007;153.997;4;T;True;3
1621231934000;11562774;153.987;154.007;153.997;0;T;True;3
1621231935000;11562775;153.987;154.007;153.997;0;T;True;3
1621231936000;11562776;153.987;154.007;153.997;0;T;True;3
1621231937000;11562777;153.987;154.007;153.997;0;T;True;3
1621231938000;11562780;153.984;154.004;153.994;2;T;True;3
1621231939000;11562786;153.971;153.991;153.981;5;T;True;3
1621231940000;11562787;153.971;153.991;153.981;0;T;True;3
1621231941000;11562789;153.973;153.993;153.983;1;T;True;3
1621231942000;11562793;153.969;153.989;153.979;3;T;True;3
1621231943000;11562796;153.966;153.986;153.976;2;T;True;3
1621231944000;11562797;153.966;153.986;153.976;0;T;True;3
1621231945000;11562802;153.973;153.993;153.983;4;T;True;3
1621231946000;11562804;153.974;153.994;153.984;1;T;True;3
1621231947000;11562805;153.974;153.994;153.984;0;T;True;3
1621231948000;11562806;153.974;153.994;153.984;0;T;True;3
1621231949000;11562807;153.974;153.994;153.984;0;T;True;3
1621231950000;11562808;153.974;153.994;153.984;0;T;True;3
1621231951000;11562811;153.974;153.994;153.984;2;T;True;3
1621231952000;11562816;153.965;153.985;153.975;4;T;True;3
1621231953000;11562817;153.965;153.985;153.975;0;T;True;3
1621231954000;11562818;153.965;153.985;153.975;0;T;True;3
1621231955000;11562819;153.965;153.985;153.975;0;T;True;3
1621231956000;11562820;153.965;153.985;153.975;0;T;True;3
1621231957000;11562821;153.965;153.985;153.975;0;T;True;3
1621231958000;11562822;153.965;153.985;153.975;0;T;True;3
1621231959000;11562823;153.965;153.985;153.975;0;T;True;3
1621231960000;11562824;153.965;153.985;153.975;0;T;True;3
1621231961000;11562825;153.965;153.985;153.975;0;T;True;3
1621231962000;11562826;153.965;153.985;153.975;0;T;True;3
1621231963000;11562829;153.972;153.992;153.982;2;T;True;3
1621231964000;11562832;153.973;153.993;153.983;2;T;True;3
1621231965000;11562835;153.975;153.995;153.985;2;T;True;3
1621231966000;11562836;153.975;153.995;153.985;0;T;True;3
1621231967000;11562837;153.975;153.995;153.985;0;T;True;3
1621231968000;11562838;153.975;153.995;153.985;0;T;True;3
1621231969000;11562841;153.967;153.987;153.977;2;T;True;3
1621231970000;11562842;153.967;153.987;153.977;0;T;True;3
1621231971000;11562843;153.967;153.987;153.977;0;T;True;3
1621231972000;11562844;153.967;153.987;153.977;0;T;True;3
1621231973000;11562845;153.967;153.987;153.977;0;T;True;3
1621231974000;11562846;153.967;153.987;153.977;0;T;True;3
1621231975000;11562847;153.967;153.987;153.977;0;T;True;3
1621231976000;11562848;153.967;153.987;153.977;0;T;True;3
1621231977000;11562849;153.967;153.987;153.977;0;T;True;3
1621231978000;11562856;153.969;153.989;153.979;6;T;True;3
1621231979000;11562859;153.967;153.987;153.977;2;T;True;3
1621231980000;11562860;153.967;153.987;153.977;0;T;True;3
1621231981000;11562861;153.967;153.987;153.977;0;T;True;3
1621231982000;11562862;153.967;153.987;153.977;0;T;True;3
1621231983000;11562863;153.967;153.987;153.977;0;T;True;3
1621231984000;11562866;153.969;153.989;153.979;2;T;True;3
1621231985000;11562868;153.971;153.991;153.981;1;T;True;3
1621231986000;11562869;153.971;153.991;153.981;0;T;True;3
1621231987000;11562870;153.971;153.991;153.981;0;T;True;3
1621231988000;11562871;153.971;153.991;153.981;0;T;True;3
1621231989000;11562872;153.971;153.991;153.981;0;T;True;3
1621231990000;11562873;153.971;153.991;153.981;0;T;True;3
1621231991000;11562874;153.971;153.991;153.981;0;T;True;3
1621231992000;11562875;153.971;153.991;153.981;0;T;True;3
1621231993000;11562876;153.971;153.991;153.981;0;T;True;3
1621231994000;11562879;153.977;153.997;153.987;2;T;True;3
1621231995000;11562880;153.977;153.997;153.987;0;T;True;3
1621231996000;11562883;153.979;153.999;153.989;2;T;True;3
1621231997000;11562884;153.979;153.999;153.989;0;T;True;3
1621231998000;11562885;153.979;153.999;153.989;0;T;True;3
1621231999000;11562886;153.979;153.999;153.989;0;T;True;3
1621232000000;11562890;153.98;154.0;153.99;3;T;True;3
1621232001000;11562893;153.982;154.002;153.992;2;T;True;3
1621232002000;11562894;153.982;154.002;153.992;0;T;True;3
1621232003000;11562895;153.982;154.002;153.992;0;T;True;3
1621232004000;11562896;153.982;154.002;153.992;0;T;True;3
1621232005000;11562897;153.982;154.002;153.992;0;T;True;3
1621232006000;11562898;153.982;154.002;153.992;0;T;True;3
1621232007000;11562899;153.982;154.002;153.992;0;T;True;3
1621232008000;11562900;153.982;154.002;153.992;0;T;True;3
1621232009000;11562901;153.982;154.002;153.992;0;T;True;3
1621232010000;11562902;153.982;154.002;153.992;0;T;True;3
1621232011000;11562903;153.982;154.002;153.992;0;T;True;3
1621232012000;11562905;153.983;154.003;153.993;1;T;True;3
1621232013000;11562906;153.983;154.003;153.993;0;T;True;3
1621232014000;11562907;153.983;154.003;153.993;0;T;True;3
1621232015000;11562908;153.983;154.003;153.993;0;T;True;3
1621232016000;11562909;153.983;154.003;153.993;0;T;True;3
1621232017000;11562910;153.983;154.003;153.993;0;T;True;3
1621232018000;11562911;153.983;154.003;153.993;0;T;True;3
1621232019000;11562912;153.983;154.003;153.993;0;T;True;3
1621232020000;11562913;153.983;154.003;153.993;0;T;True;3
1621232021000;11562914;153.983;154.003;153.993;0;T;True;3
1621232022000;11562915;153.983;154.003;153.993;0;T;True;3
1621232023000;11562921;153.995;154.015;154.005;5;T;True;3
1621232024000;11562926;153.993;154.013;154.003;4;T;True;3
1621232025000;11562927;153.993;154.013;154.003;0;T;True;3
1621232026000;11562938;153.982;154.002;153.992;10;T;True;3
1621232027000;11562940;153.985;154.005;153.995;1;T;True;3
1621232028000;11562947;153.985;154.005;153.995;6;T;True;3
1621232029000;11562949;153.988;154.008;153.998;1;T;True;3
1621232030000;11562950;153.988;154.008;153.998;0;T;True;3
1621232031000;11562954;153.989;154.009;153.999;3;T;True;3
1621232032000;11562957;153.996;154.016;154.006;2;T;True;3
1621232033000;11562960;154.001;154.021;154.011;2;T;True;3
1621232034000;11562961;154.001;154.021;154.011;0;T;True;3
1621232035000;11562962;154.001;154.021;154.011;0;T;True;3
1621232036000;11562963;154.001;154.021;154.011;0;T;True;3
1621232037000;11562965;153.997;154.017;154.007;1;T;True;3
1621232038000;11562968;153.997;154.017;154.007;2;T;True;3
1621232039000;11562969;153.997;154.017;154.007;0;T;True;3
1621232040000;11562970;153.997;154.017;154.007;0;T;True;3
1621232041000;11562971;153.997;154.017;154.007;0;T;True;3
1621232042000;11562976;153.985;154.005;153.995;4;T;True;3
1621232043000;11562977;153.985;154.005;153.995;0;T;True;3
1621232044000;11562978;153.985;154.005;153.995;0;T;True;3
1621232045000;11562981;153.987;154.007;153.997;2;T;True;3
1621232046000;11562983;153.985;154.005;153.995;1;T;True;3
1621232047000;11562986;153.973;153.993;153.983;2;T;True;3
1621232048000;11562989;153.972;153.992;153.982;2;T;True;3
1621232049000;11562991;153.975;153.995;153.985;1;T;True;3
1621232050000;11562994;153.977;153.997;153.987;2;T;True;3
1621232051000;11562998;153.971;153.991;153.981;3;T;True;3
1621232052000;11563000;153.97;153.99;153.98;1;T;True;3
1621232053000;11563004;153.973;153.993;153.983;3;T;True;3
1621232054000;11563006;153.977;153.997;153.987;1;T;True;3
1621232055000;11563008;153.976;153.996;153.986;1;T;True;3
1621232056000;11563011;153.977;153.997;153.987;2;T;True;3
1621232057000;11563012;153.977;153.997;153.987;0;T;True;3
1621232058000;11563015;153.976;153.996;153.986;2;T;True;3
1621232059000;11563019;153.965;153.985;153.975;3;T;True;3
1621232060000;11563020;153.965;153.985;153.975;0;T;True;3
1621232061000;11563022;153.963;153.983;153.973;1;T;True;3
1621232062000;11563023;153.963;153.983;153.973;0;T;True;3
1621232063000;11563029;153.967;153.987;153.977;5;T;True;3
1621232064000;11563030;153.967;153.987;153.977;0;T;True;3
1621232065000;11563031;153.967;153.987;153.977;0;T;True;3
1621232066000;11563033;153.965;153.985;153.975;1;T;True;3
1621232067000;11563034;153.965;153.985;153.975;0;T;True;3
1621232068000;11563035;153.965;153.985;153.975;0;T;True;3
1621232069000;11563036;153.965;153.985;153.975;0;T;True;3
1621232070000;11563037;153.965;153.985;153.975;0;T;True;3
1621232071000;11563038;153.965;153.985;153.975;0;T;True;3
1621232072000;11563041;153.963;153.983;153.973;2;T;True;3
1621232073000;11563042;153.963;153.983;153.973;0;T;True;3
1621232074000;11563043;153.963;153.983;153.973;0;T;True;3
1621232075000;11563044;153.963;153.983;153.973;0;T;True;3
1621232076000;11563047;153.963;153.983;153.973;2;T;True;3
1621232077000;11563048;153.963;153.983;153.973;0;T;True;3
1621232078000;11563049;153.963;153.983;153.973;0;T;True;3
1621232079000;11563050;153.963;153.983;153.973;0;T;True;3
1621232080000;11563052;153.961;153.981;153.971;1;T;True;3
1621232081000;11563053;153.961;153.981;153.971;0;T;True;3
1621232082000;11563054;153.961;153.981;153.971;0;T;True;3
1621232083000;11563055;153.961;153.981;153.971;0;T;True;3
1621232084000;11563058;153.969;153.989;153.979;2;T;True;3
1621232085000;11563059;153.969;153.989;153.979;0;T;True;3
1621232086000;11563060;153.969;153.989;153.979;0;T;True;3
1621232087000;11563063;153.965;153.985;153.975;2;T;True;3
1621232088000;11563066;153.967;153.987;153.977;2;T;True;3
1621232089000;11563068;153.965;153.985;153.975;1;T;True;3
1621232090000;11563069;153.965;153.985;153.975;0;T;True;3
1621232091000;11563070;153.965;153.985;153.975;0;T;True;3
1621232092000;11563071;153.965;153.985;153.975;0;T;True;3
1621232093000;11563073;153.967;153.987;153.977;1;T;True;3
1621232094000;11563075;153.965;153.985;153.975;1;T;True;3
1621232095000;11563077;153.969;153.989;153.979;1;T;True;3
1621232096000;11563079;153.968;153.988;153.978;1;T;True;3
1621232097000;11563080;153.968;153.988;153.978;0;T;True;3
1621232098000;11563083;153.965;153.985;153.975;2;T;True;3
1621232099000;11563084;153.965;153.985;153.975;0;T;True;3
1621232100000;11563085;153.965;153.985;153.975;0;T;True;3
1621232101000;11563088;153.967;153.987;153.977;2;T;True;3
1621232102000;11563091;153.969;153.989;153.979;2;T;True;3
1621232103000;11563092;153.969;153.989;153.979;0;T;True;3
1621232104000;11563093;153.969;153.989;153.979;0;T;True;3
1621232105000;11563094;153.969;153.989;153.979;0;T;True;3
1621232106000;11563095;153.969;153.989;153.979;0;T;True;3
1621232107000;11563097;153.968;153.988;153.978;1;T;True;3
1621232108000;11563098;153.968;153.988;153.978;0;T;True;3
1621232109000;11563099;153.968;153.988;153.978;0;T;True;3
1621232110000;11563103;153.975;153.995;153.985;3;T;True;3
1621232111000;11563106;153.978;153.998;153.988;2;T;True;3
1621232112000;11563108;153.98;154.0;153.99;1;T;True;3
1621232113000;11563109;153.98;154.0;153.99;0;T;True;3
1621232114000;11563113;153.975;153.995;153.985;3;T;True;3
1621232115000;11563114;153.975;153.995;153.985;0;T;True;3
1621232116000;11563115;153.975;153.995;153.985;0;T;True;3
1621232117000;11563116;153.975;153.995;153.985;0;T;True;3
1621232118000;11563119;153.981;154.001;153.991;2;T;True;3
1621232119000;11563120;153.981;154.001;153.991;0;T;True;3
1621232120000;11563121;153.981;154.001;153.991;0;T;True;3
1621232121000;11563123;153.983;154.003;153.993;1;T;True;3
1621232122000;11563125;153.985;154.005;153.995;1;T;True;3
1621232123000;11563129;153.99;154.01;154.0;3;T;True;3
1621232124000;11563131;153.989;154.009;153.999;1;T;True;3
1621232125000;11563133;153.993;154.013;154.003;1;T;True;3
1621232126000;11563135;153.995;154.015;154.005;1;T;True;3
1621232127000;11563137;153.994;154.014;154.004;1;T;True;3
1621232128000;11563138;153.994;154.014;154.004;0;T;True;3
1621232129000;11563139;153.994;154.014;154.004;0;T;True;3
1621232130000;11563140;153.994;154.014;154.004;0;T;True;3
1621232131000;11563141;153.994;154.014;154.004;0;T;True;3
1621232132000;11563142;153.994;154.014;154.004;0;T;True;3
1621232133000;11563145;153.997;154.017;154.007;2;T;True;3
1621232134000;11563146;153.997;154.017;154.007;0;T;True;3
1621232135000;11563148;153.999;154.019;154.009;1;T;True;3
1621232136000;11563149;153.999;154.019;154.009;0;T;True;3
1621232137000;11563150;153.999;154.019;154.009;0;T;True;3
1621232138000;11563151;153.999;154.019;154.009;0;T;True;3
1621232139000;11563153;153.998;154.018;154.008;1;T;True;3
1621232140000;11563157;153.995;154.015;154.005;3;T;True;3
1621232141000;11563159;153.997;154.017;154.007;1;T;True;3
1621232142000;11563160;153.997;154.017;154.007;0;T;True;3
1621232143000;11563162;153.999;154.019;154.009;1;T;True;3
1621232144000;11563165;154.003;154.023;154.013;2;T;True;3
1621232145000;11563166;154.003;154.023;154.013;0;T;True;3
1621232146000;11563167;154.003;154.023;154.013;0;T;True;3
1621232147000;11563169;154.002;154.022;154.012;1;T;True;3
1621232148000;11563172;154.002;154.022;154.012;2;T;True;3
1621232149000;11563175;154.004;154.024;154.014;2;T;True;3
1621232150000;11563176;154.004;154.024;154.014;0;T;True;3
1621232151000;11563177;154.004;154.024;154.014;0;T;True;3
1621232152000;11563178;154.004;154.024;154.014;0;T;True;3
1621232153000;11563179;154.004;154.024;154.014;0;T;True;3
1621232154000;11563180;154.004;154.024;154.014;0;T;True;3
1621232155000;11563182;154.003;154.023;154.013;1;T;True;3
1621232156000;11563184;154.004;154.024;154.014;1;T;True;3
1621232157000;11563189;154.005;154.025;154.015;4;T;True;3
1621232158000;11563190;154.005;154.025;154.015;0;T;True;3
1621232159000;11563191;154.005;154.025;154.015;0;T;True;3
1621232160000;11563194;154.001;154.021;154.011;2;T;True;3
1621232161000;11563198;154.003;154.023;154.013;3;T;True;3
1621232162000;11563204;154.013;154.033;154.023;5;T;True;3
1621232163000;11563206;154.011;154.031;154.021;1;T;True;3
1621232164000;11563211;154.021;154.041;154.031;4;T;True;3
1621232165000;11563213;154.022;154.042;154.032;1;T;True;3
1621232166000;11563217;154.021;154.041;154.031;3;T;True;3
1621232167000;11563218;154.021;154.041;154.031;0;T;True;3
1621232168000;11563221;154.017;154.037;154.027;2;T;True;3
1621232169000;11563222;154.017;154.037;154.027;0;T;True;3
1621232170000;11563224;154.015;154.035;154.025;1;T;True;3
1621232171000;11563226;154.016;154.036;154.026;1;T;True;3
1621232172000;11563227;154.016;154.036;154.026;0;T;True;3
1621232173000;11563229;154.015;154.035;154.025;1;T;True;3
1621232174000;11563230;154.015;154.035;154.025;0;T;True;3
1621232175000;11563235;153.999;154.019;154.009;4;T;True;3
1621232176000;11563238;153.996;154.016;154.006;2;T;True;3
1621232177000;11563239;153.996;154.016;154.006;0;T;True;3
1621232178000;11563243;153.997;154.017;154.007;3;T;True;3
1621232179000;11563246;153.999;154.019;154.009;2;T;True;3
1621232180000;11563250;153.989;154.009;153.999;3;T;True;3
1621232181000;11563258;153.988;154.008;153.998;7;T;True;3
1621232182000;11563262;153.99;154.01;154.0;3;T;True;3
1621232183000;11563268;153.991;154.011;154.001;5;T;True;3
1621232184000;11563271;153.991;154.011;154.001;2;T;True;3
1621232185000;11563274;153.995;154.015;154.005;2;T;True;3
1621232186000;11563276;153.999;154.019;154.009;1;T;True;3
1621232187000;11563277;153.999;154.019;154.009;0;T;True;3
1621232188000;11563280;153.996;154.016;154.006;2;T;True;3
1621232189000;11563281;153.996;154.016;154.006;0;T;True;3
1621232190000;11563286;153.987;154.007;153.997;4;T;True;3
1621232191000;11563289;153.991;154.011;154.001;2;T;True;3
1621232192000;11563291;153.989;154.009;153.999;1;T;True;3
1621232193000;11563293;153.987;154.007;153.997;1;T;True;3
1621232194000;11563294;153.987;154.007;153.997;0;T;True;3
1621232195000;11563295;153.987;154.007;153.997;0;T;True;3
1621232196000;11563298;153.991;154.011;154.001;2;T;True;3
1621232197000;11563300;153.989;154.009;153.999;1;T;True;3
1621232198000;11563303;153.992;154.012;154.002;2;T;True;3
1621232199000;11563307;153.993;154.013;154.003;3;T;True;3
1621232200000;11563309;153.991;154.011;154.001;1;T;True;3
1621232201000;11563310;153.991;154.011;154.001;0;T;True;3
1621232202000;11563316;153.995;154.015;154.005;5;T;True;3
1621232203000;11563320;153.993;154.013;154.003;3;T;True;3
1621232204000;11563324;153.998;154.018;154.008;3;T;True;3
1621232205000;11563326;154.001;154.021;154.011;1;T;True;3
1621232206000;11563329;154.005;154.025;154.015;2;T;True;3
1621232207000;11563336;154.005;154.025;154.015;6;T;True;3
1621232208000;11563340;153.997;154.017;154.007;3;T;True;3
1621232209000;11563345;153.999;154.019;154.009;4;T;True;3
1621232210000;11563349;153.997;154.017;154.007;3;T;True;3
1621232211000;11563351;153.999;154.019;154.009;1;T;True;3
1621232212000;11563352;153.999;154.019;154.009;0;T;True;3
1621232213000;11563354;153.998;154.018;154.008;1;T;True;3
1621232214000;11563357;154.001;154.021;154.011;2;T;True;3
1621232215000;11563359;154.003;154.023;154.013;1;T;True;3
1621232216000;11563360;154.003;154.023;154.013;0;T;True;3
1621232217000;11563366;154.007;154.027;154.017;5;T;True;3
1621232218000;11563367;154.007;154.027;154.017;0;T;True;3
1621232219000;11563369;154.005;154.025;154.015;1;T;True;3
1621232220000;11563370;154.005;154.025;154.015;0;T;True;3
1621232221000;11563371;154.005;154.025;154.015;0;T;True;3
1621232222000;11563375;154.01;154.03;154.02;3;T;True;3
1621232223000;11563377;154.011;154.031;154.021;1;T;True;3
1621232224000;11563378;154.011;154.031;154.021;0;T;True;3
1621232225000;11563380;154.013;154.033;154.023;1;T;True;3
1621232226000;11563382;154.015;154.035;154.025;1;T;True;3
1621232227000;11563385;154.011;154.031;154.021;2;T;True;3
1621232228000;11563386;154.011;154.031;154.021;0;T;True;3
1621232229000;11563389;154.011;154.031;154.021;2;T;True;3
1621232230000;11563390;154.011;154.031;154.021;0;T;True;3
1621232231000;11563391;154.011;154.031;154.021;0;T;True;3
1621232232000;11563394;154.009;154.029;154.019;2;T;True;3
1621232233000;11563395;154.009;154.029;154.019;0;T;True;3
1621232234000;11563398;154.006;154.026;154.016;2;T;True;3
1621232235000;11563399;154.006;154.026;154.016;0;T;True;3
1621232236000;11563402;154.011;154.031;154.021;2;T;True;3
1621232237000;11563404;154.013;154.033;154.023;1;T;True;3
1621232238000;11563405;154.013;154.033;154.023;0;T;True;3
1621232239000;11563406;154.013;154.033;154.023;0;T;True;3
1621232240000;11563407;154.013;154.033;154.023;0;T;True;3
1621232241000;11563413;154.003;154.023;154.013;5;T;True;3
1621232242000;11563414;154.003;154.023;154.013;0;T;True;3
1621232243000;11563416;154.001;154.021;154.011;1;T;True;3
1621232244000;11563418;154.002;154.022;154.012;1;T;True;3
1621232245000;11563420;154.003;154.023;154.013;1;T;True;3
1621232246000;11563423;154.007;154.027;154.017;2;T;True;3
1621232247000;11563428;154.014;154.034;154.024;4;T;True;3
1621232248000;11563434;154.009;154.029;154.019;5;T;True;3
1621232249000;11563435;154.009;154.029;154.019;0;T;True;3
1621232250000;11563439;154.006;154.026;154.016;3;T;True;3
1621232251000;11563441;154.007;154.027;154.017;1;T;True;3
1621232252000;11563445;154.013;154.033;154.023;3;T;True;3
1621232253000;11563446;154.013;154.033;154.023;0;T;True;3
1621232254000;11563455;154.003;154.023;154.013;8;T;True;3
1621232255000;11563456;154.003;154.023;154.013;0;T;True;3
1621232256000;11563458;153.999;154.019;154.009;1;T;True;3
1621232257000;11563460;154.001;154.021;154.011;1;T;True;3
1621232258000;11563461;154.001;154.021;154.011;0;T;True;3
1621232259000;11563462;154.001;154.021;154.011;0;T;True;3
1621232260000;11563463;154.001;154.021;154.011;0;T;True;3
1621232261000;11563464;154.001;154.021;154.011;0;T;True;3
1621232262000;11563468;154.001;154.021;154.011;3;T;True;3
1621232263000;11563469;154.001;154.021;154.011;0;T;True;3
1621232264000;11563470;154.001;154.021;154.011;0;T;True;3
1621232265000;11563473;153.997;154.017;154.007;2;T;True;3
1621232266000;11563475;153.998;154.018;154.008;1;T;True;3
1621232267000;11563478;153.993;154.013;154.003;2;T;True;3
1621232268000;11563479;153.993;154.013;154.003;0;T;True;3
1621232269000;11563480;153.993;154.013;154.003;0;T;True;3
1621232270000;11563481;153.993;154.013;154.003;0;T;True;3
1621232271000;11563486;153.991;154.011;154.001;4;T;True;3
1621232272000;11563489;153.993;154.013;154.003;2;T;True;3
1621232273000;11563491;153.997;154.017;154.007;1;T;True;3
1621232274000;11563493;154.0;154.02;154.01;1;T;True;3
1621232275000;11563494;154.0;154.02;154.01;0;T;True;3
1621232276000;11563495;154.0;154.02;154.01;0;T;True;3
1621232277000;11563496;154.0;154.02;154.01;0;T;True;3
1621232278000;11563498;153.999;154.019;154.009;1;T;True;3
1621232279000;11563500;153.998;154.018;154.008;1;T;True;3
1621232280000;11563501;153.998;154.018;154.008;0;T;True;3
1621232281000;11563504;154.003;154.023;154.013;2;T;True;3
1621232282000;11563506;154.001;154.021;154.011;1;T;True;3
1621232283000;11563508;153.999;154.019;154.009;1;T;True;3
1621232284000;11563512;153.998;154.018;154.008;3;T;True;3
1621232285000;11563513;153.998;154.018;154.008;0;T;True;3
1621232286000;11563514;153.998;154.018;154.008;0;T;True;3
1621232287000;11563518;153.995;154.015;154.005;3;T;True;3
1621232288000;11563519;153.995;154.015;154.005;0;T;True;3
1621232289000;11563521;153.989;154.009;153.999;1;T;True;3
1621232290000;11563522;153.989;154.009;153.999;0;T;True;3
1621232291000;11563523;153.989;154.009;153.999;0;T;True;3
1621232292000;11563525;153.991;154.011;154.001;1;T;True;3
1621232293000;11563528;153.987;154.007;153.997;2;T;True;3
1621232294000;11563532;153.991;154.011;154.001;3;T;True;3
1621232295000;11563533;153.991;154.011;154.001;0;T;True;3
1621232296000;11563538;153.993;154.013;154.003;4;T;True;3
1621232297000;11563541;153.995;154.015;154.005;2;T;True;3
1621232298000;11563546;154.003;154.023;154.013;4;T;True;3
1621232299000;11563547;154.003;154.023;154.013;0;T;True;3
1621232300000;11563548;154.003;154.023;154.013;0;T;True;3
1621232301000;11563550;154.004;154.024;154.014;1;T;True;3
1621232302000;11563552;154.001;154.021;154.011;1;T;True;3
1621232303000;11563554;153.999;154.019;154.009;1;T;True;3
1621232304000;11563555;153.999;154.019;154.009;0;T;True;3
1621232305000;11563556;153.999;154.019;154.009;0;T;True;3
1621232306000;11563557;153.999;154.019;154.009;0;T;True;3
1621232307000;11563560;153.995;154.015;154.005;2;T;True;3
1621232308000;11563561;153.995;154.015;154.005;0;T;True;3
1621232309000;11563562;153.995;154.015;154.005;0;T;True;3
1621232310000;11563564;153.997;154.017;154.007;1;T;True;3
1621232311000;11563567;153.994;154.014;154.004;2;T;True;3
1621232312000;11563571;153.993;154.013;154.003;3;T;True;3
1621232313000;11563573;153.991;154.011;154.001;1;T;True;3
1621232314000;11563574;153.991;154.011;154.001;0;T;True;3
1621232315000;11563575;153.991;154.011;154.001;0;T;True;3
1621232316000;11563576;153.991;154.011;154.001;0;T;True;3
1621232317000;11563579;153.988;154.008;153.998;2;T;True;3
1621232318000;11563580;153.988;154.008;153.998;0;T;True;3
1621232319000;11563581;153.988;154.008;153.998;0;T;True;3
1621232320000;11563585;153.99;154.01;154.0;3;T;True;3
1621232321000;11563588;153.993;154.013;154.003;2;T;True;3
1621232322000;11563589;153.993;154.013;154.003;0;T;True;3
1621232323000;11563590;153.993;154.013;154.003;0;T;True;3
1621232324000;11563591;153.993;154.013;154.003;0;T;True;3
1621232325000;11563592;153.993;154.013;154.003;0;T;True;3
1621232326000;11563593;153.993;154.013;154.003;0;T;True;3
1621232327000;11563594;153.993;154.013;154.003;0;T;True;3
1621232328000;11563595;153.993;154.013;154.003;0;T;True;3
1621232329000;11563597;153.997;154.017;154.007;1;T;True;3
1621232330000;11563598;153.997;154.017;154.007;0;T;True;3
1621232331000;11563601;153.997;154.017;154.007;2;T;True;3
1621232332000;11563605;153.992;154.012;154.002;3;T;True;3
1621232333000;11563609;153.991;154.011;154.001;3;T;True;3
1621232334000;11563610;153.991;154.011;154.001;0;T;True;3
1621232335000;11563612;153.988;154.008;153.998;1;T;True;3
1621232336000;11563613;153.988;154.008;153.998;0;T;True;3
1621232337000;11563614;153.988;154.008;153.998;0;T;True;3
1621232338000;11563615;153.988;154.008;153.998;0;T;True;3
1621232339000;11563616;153.988;154.008;153.998;0;T;True;3
1621232340000;11563617;153.988;154.008;153.998;0;T;True;3
1621232341000;11563620;153.985;154.005;153.995;2;T;True;3
1621232342000;11563622;153.987;154.007;153.997;1;T;True;3
1621232343000;11563623;153.987;154.007;153.997;0;T;True;3
1621232344000;11563624;153.987;154.007;153.997;0;T;True;3
1621232345000;11563628;153.986;154.006;153.996;3;T;True;3
1621232346000;11563630;153.989;154.009;153.999;1;T;True;3
1621232347000;11563631;153.989;154.009;153.999;0;T;True;3
1621232348000;11563632;153.989;154.009;153.999;0;T;True;3
1621232349000;11563634;153.99;154.01;154.0;1;T;True;3
1621232350000;11563636;153.991;154.011;154.001;1;T;True;3
1621232351000;11563637;153.991;154.011;154.001;0;T;True;3
1621232352000;11563638;153.991;154.011;154.001;0;T;True;3
1621232353000;11563641;153.993;154.013;154.003;2;T;True;3
1621232354000;11563642;153.993;154.013;154.003;0;T;True;3
1621232355000;11563643;153.993;154.013;154.003;0;T;True;3
1621232356000;11563644;153.993;154.013;154.003;0;T;True;3
1621232357000;11563647;153.99;154.01;154.0;2;T;True;3
1621232358000;11563648;153.99;154.01;154.0;0;T;True;3
1621232359000;11563650;153.991;154.011;154.001;1;T;True;3
1621232360000;11563651;153.991;154.011;154.001;0;T;True;3
1621232361000;11563655;153.999;154.019;154.009;3;T;True;3
1621232362000;11563656;153.999;154.019;154.009;0;T;True;3
1621232363000;11563658;154.001;154.021;154.011;1;T;True;3
1621232364000;11563660;154.002;154.022;154.012;1;T;True;3
1621232365000;11563661;154.002;154.022;154.012;0;T;True;3
1621232366000;11563662;154.002;154.022;154.012;0;T;True;3
1621232367000;11563663;154.002;154.022;154.012;0;T;True;3
1621232368000;11563664;154.002;154.022;154.012;0;T;True;3
1621232369000;11563666;154.003;154.023;154.013;1;T;True;3
1621232370000;11563667;154.003;154.023;154.013;0;T;True;3
1621232371000;11563669;154.004;154.024;154.014;1;T;True;3
1621232372000;11563672;154.004;154.024;154.014;2;T;True;3
1621232373000;11563673;154.004;154.024;154.014;0;T;True;3
1621232374000;11563675;154.005;154.025;154.015;1;T;True;3
1621232375000;11563676;154.005;154.025;154.015;0;T;True;3
1621232376000;11563677;154.005;154.025;154.015;0;T;True;3
1621232377000;11563678;154.005;154.025;154.015;0;T;True;3
1621232378000;11563679;154.005;154.025;154.015;0;T;True;3
1621232379000;11563680;154.005;154.025;154.015;0;T;True;3
1621232380000;11563682;154.006;154.026;154.016;1;T;True;3
1621232381000;11563686;154.011;154.031;154.021;3;T;True;3
1621232382000;11563687;154.011;154.031;154.021;0;T;True;3
1621232383000;11563689;154.012;154.032;154.022;1;T;True;3
1621232384000;11563690;154.012;154.032;154.022;0;T;True;3
1621232385000;11563691;154.012;154.032;154.022;0;T;True;3
1621232386000;11563694;154.009;154.029;154.019;2;T;True;3
1621232387000;11563695;154.009;154.029;154.019;0;T;True;3
1621232388000;11563697;154.008;154.028;154.018;1;T;True;3
1621232389000;11563699;154.006;154.026;154.016;1;T;True;3
1621232390000;11563703;154.015;154.035;154.025;3;T;True;3
1621232391000;11563705;154.013;154.033;154.023;1;T;True;3
1621232392000;11563706;154.013;154.033;154.023;0;T;True;3
1621232393000;11563707;154.013;154.033;154.023;0;T;True;3
1621232394000;11563708;154.013;154.033;154.023;0;T;True;3
1621232395000;11563709;154.013;154.033;154.023;0;T;True;3
1621232396000;11563710;154.013;154.033;154.023;0;T;True;3
1621232397000;11563711;154.013;154.033;154.023;0;T;True;3
1621232398000;11563713;154.012;154.032;154.022;1;T;True;3
1621232399000;11563719;154.002;154.022;154.012;5;T;True;3
1621232400000;11563721;154.003;154.023;154.013;1;T;True;3
1621232401000;11563726;154.003;154.023;154.013;4;T;True;3
1621232402000;11563731;154.008;154.028;154.018;4;T;True;3
1621232403000;11563733;154.007;154.027;154.017;1;T;True;3
1621232404000;11563734;154.007;154.027;154.017;0;T;True;3
1621232405000;11563735;154.007;154.027;154.017;0;T;True;3
1621232406000;11563739;153.999;154.019;154.009;3;T;True;3
1621232407000;11563742;153.992;154.012;154.002;2;T;True;3
1621232408000;11563746;153.993;154.013;154.003;3;T;True;3
1621232409000;11563747;153.993;154.013;154.003;0;T;True;3
1621232410000;11563751;153.997;154.017;154.007;3;T;True;3
1621232411000;11563753;153.998;154.018;154.008;1;T;True;3
1621232412000;11563754;153.998;154.018;154.008;0;T;True;3
1621232413000;11563755;153.998;154.018;154.008;0;T;True;3
1621232414000;11563758;153.995;154.015;154.005;2;T;True;3
1621232415000;11563761;153.995;154.015;154.005;2;T;True;3
1621232416000;11563762;153.995;154.015;154.005;0;T;True;3
1621232417000;11563764;154.001;154.021;154.011;1;T;True;3
1621232418000;11563769;153.996;154.016;154.006;4;T;True;3
1621232419000;11563770;153.996;154.016;154.006;0;T;True;3
1621232420000;11563778;153.987;154.007;153.997;7;T;True;3
1621232421000;11563780;153.986;154.006;153.996;1;T;True;3
1621232422000;11563786;153.977;153.997;153.987;5;T;True;3
1621232423000;11563788;153.979;153.999;153.989;1;T;True;3
1621232424000;11563790;153.978;153.998;153.988;1;T;True;3
1621232425000;11563792;153.977;153.997;153.987;1;T;True;3
1621232426000;11563793;153.977;153.997;153.987;0;T;True;3
1621232427000;11563794;153.977;153.997;153.987;0;T;True;3
1621232428000;11563797;153.985;154.005;153.995;2;T;True;3
1621232429000;11563801;153.993;154.013;154.003;3;T;True;3
1621232430000;11563802;153.993;154.013;154.003;0;T;True;3
1621232431000;11563803;153.993;154.013;154.003;0;T;True;3
1621232432000;11563805;153.994;154.014;154.004;1;T;True;3
1621232433000;11563808;153.988;154.008;153.998;2;T;True;3
1621232434000;11563809;153.988;154.008;153.998;0;T;True;3
1621232435000;11563812;153.982;154.002;153.992;2;T;True;3
1621232436000;11563813;153.982;154.002;153.992;0;T;True;3
1621232437000;11563815;153.98;154.0;153.99;1;T;True;3
1621232438000;11563816;153.98;154.0;153.99;0;T;True;3
1621232439000;11563817;153.98;154.0;153.99;0;T;True;3
1621232440000;11563818;153.98;154.0;153.99;0;T;True;3
1621232441000;11563819;153.98;154.0;153.99;0;T;True;3
1621232442000;11563820;153.98;154.0;153.99;0;T;True;3
1621232443000;11563821;153.98;154.0;153.99;0;T;True;3
1621232444000;11563822;153.98;154.0;153.99;0;T;True;3
1621232445000;11563827;153.975;153.995;153.985;4;T;True;3
1621232446000;11563830;153.974;153.994;153.984;2;T;True;3
1621232447000;11563833;153.972;153.992;153.982;2;T;True;3
1621232448000;11563834;153.972;153.992;153.982;0;T;True;3
1621232449000;11563835;153.972;153.992;153.982;0;T;True;3
1621232450000;11563836;153.972;153.992;153.982;0;T;True;3
1621232451000;11563837;153.972;153.992;153.982;0;T;True;3
1621232452000;11563839;153.971;153.991;153.981;1;T;True;3
1621232453000;11563840;153.971;153.991;153.981;0;T;True;3
1621232454000;11563842;153.973;153.993;153.983;1;T;True;3
1621232455000;11563843;153.973;153.993;153.983;0;T;True;3
1621232456000;11563845;153.972;153.992;153.982;1;T;True;3
1621232457000;11563847;153.973;153.993;153.983;1;T;True;3
1621232458000;11563848;153.973;153.993;153.983;0;T;True;3
1621232459000;11563849;153.973;153.993;153.983;0;T;True;3
1621232460000;11563850;153.973;153.993;153.983;0;T;True;3
1621232461000;11563855;153.969;153.989;153.979;4;T;True;3
1621232462000;11563861;153.965;153.985;153.975;5;T;True;3
1621232463000;11563866;153.972;153.992;153.982;4;T;True;3
1621232464000;11563868;153.971;153.991;153.981;1;T;True;3
1621232465000;11563870;153.97;153.99;153.98;1;T;True;3
1621232466000;11563874;153.965;153.985;153.975;3;T;True;3
1621232467000;11563878;153.958;153.978;153.968;3;T;True;3
1621232468000;11563881;153.955;153.975;153.965;2;T;True;3
1621232469000;11563883;153.956;153.976;153.966;1;T;True;3
1621232470000;11563888;153.959;153.979;153.969;4;T;True;3
1621232471000;11563892;153.968;153.988;153.978;3;T;True;3
1621232472000;11563895;153.969;153.989;153.979;2;T;True;3
1621232473000;11563896;153.969;153.989;153.979;0;T;True;3
1621232474000;11563897;153.969;153.989;153.979;0;T;True;3
1621232475000;11563899;153.968;153.988;153.978;1;T;True;3
1621232476000;11563900;153.968;153.988;153.978;0;T;True;3
1621232477000;11563902;153.969;153.989;153.979;1;T;True;3
1621232478000;11563904;153.967;153.987;153.977;1;T;True;3
1621232479000;11563905;153.967;153.987;153.977;0;T;True;3
1621232480000;11563908;153.97;153.99;153.98;2;T;True;3
1621232481000;11563909;153.97;153.99;153.98;0;T;True;3
1621232482000;11563910;153.97;153.99;153.98;0;T;True;3
1621232483000;11563911;153.97;153.99;153.98;0;T;True;3
1621232484000;11563915;153.977;153.997;153.987;3;T;True;3
1621232485000;11563917;153.979;153.999;153.989;1;T;True;3
1621232486000;11563920;153.975;153.995;153.985;2;T;True;3
1621232487000;11563926;153.981;154.001;153.991;5;T;True;3
1621232488000;11563929;153.983;154.003;153.993;2;T;True;3
1621232489000;11563930;153.983;154.003;153.993;0;T;True;3
1621232490000;11563933;153.987;154.007;153.997;2;T;True;3
1621232491000;11563935;153.985;154.005;153.995;1;T;True;3
1621232492000;11563937;153.984;154.004;153.994;1;T;True;3
1621232493000;11563939;153.983;154.003;153.993;1;T;True;3
1621232494000;11563942;153.98;154.0;153.99;2;T;True;3
1621232495000;11563944;153.981;154.001;153.991;1;T;True;3
1621232496000;11563951;153.983;154.003;153.993;6;T;True;3
1621232497000;11563953;153.982;154.002;153.992;1;T;True;3
1621232498000;11563954;153.982;154.002;153.992;0;T;True;3
1621232499000;11563955;153.982;154.002;153.992;0;T;True;3
1621232500000;11563957;153.981;154.001;153.991;1;T;True;3
1621232501000;11563959;153.975;153.995;153.985;1;T;True;3
1621232502000;11563963;153.971;153.991;153.981;3;T;True;3
1621232503000;11563964;153.971;153.991;153.981;0;T;True;3
1621232504000;11563965;153.971;153.991;153.981;0;T;True;3
1621232505000;11563968;153.969;153.989;153.979;2;T;True;3
1621232506000;11563970;153.967;153.987;153.977;1;T;True;3
1621232507000;11563971;153.967;153.987;153.977;0;T;True;3
1621232508000;11563973;153.969;153.989;153.979;1;T;True;3
1621232509000;11563980;153.961;153.981;153.971;6;T;True;3
1621232510000;11563982;153.962;153.982;153.972;1;T;True;3
1621232511000;11563984;153.965;153.985;153.975;1;T;True;3
1621232512000;11563985;153.965;153.985;153.975;0;T;True;3
1621232513000;11563988;153.963;153.983;153.973;2;T;True;3
1621232514000;11563989;153.963;153.983;153.973;0;T;True;3
1621232515000;11563992;153.961;153.981;153.971;2;T;True;3
1621232516000;11563995;153.957;153.977;153.967;2;T;True;3
1621232517000;11563997;153.959;153.979;153.969;1;T;True;3
1621232518000;11563999;153.961;153.981;153.971;1;T;True;3
1621232519000;11564002;153.965;153.985;153.975;2;T;True;3
1621232520000;11564005;153.969;153.989;153.979;2;T;True;3
1621232521000;11564008;153.969;153.989;153.979;2;T;True;3
1621232522000;11564013;153.963;153.983;153.973;4;T;True;3
1621232523000;11564014;153.963;153.983;153.973;0;T;True;3
1621232524000;11564015;153.963;153.983;153.973;0;T;True;3
1621232525000;11564018;153.965;153.985;153.975;2;T;True;3
1621232526000;11564024;153.966;153.986;153.976;5;T;True;3
1621232527000;11564027;153.966;153.986;153.976;2;T;True;3
1621232528000;11564028;153.966;153.986;153.976;0;T;True;3
1621232529000;11564029;153.966;153.986;153.976;0;T;True;3
1621232530000;11564032;153.964;153.984;153.974;2;T;True;3
1621232531000;11564033;153.964;153.984;153.974;0;T;True;3
1621232532000;11564034;153.964;153.984;153.974;0;T;True;3
1621232533000;11564035;153.964;153.984;153.974;0;T;True;3
1621232534000;11564037;153.963;153.983;153.973;1;T;True;3
1621232535000;11564038;153.963;153.983;153.973;0;T;True;3
1621232536000;11564039;153.963;153.983;153.973;0;T;True;3
1621232537000;11564041;153.962;153.982;153.972;1;T;True;3
1621232538000;11564042;153.962;153.982;153.972;0;T;True;3
1621232539000;11564043;153.962;153.982;153.972;0;T;True;3
1621232540000;11564044;153.962;153.982;153.972;0;T;True;3
1621232541000;11564045;153.962;153.982;153.972;0;T;True;3
1621232542000;11564046;153.962;153.982;153.972;0;T;True;3
1621232543000;11564047;153.962;153.982;153.972;0;T;True;3
1621232544000;11564049;153.963;153.983;153.973;1;T;True;3
1621232545000;11564055;153.975;153.995;153.985;5;T;True;3
1621232546000;11564057;153.974;153.994;153.984;1;T;True;3
1621232547000;11564058;153.974;153.994;153.984;0;T;True;3
1621232548000;11564059;153.974;153.994;153.984;0;T;True;3
1621232549000;11564060;153.974;153.994;153.984;0;T;True;3
1621232550000;11564062;153.973;153.993;153.983;1;T;True;3
1621232551000;11564064;153.972;153.992;153.982;1;T;True;3
1621232552000;11564067;153.972;153.992;153.982;2;T;True;3
1621232553000;11564068;153.972;153.992;153.982;0;T;True;3
1621232554000;11564071;153.972;153.992;153.982;2;T;True;3
1621232555000;11564072;153.972;153.992;153.982;0;T;True;3
1621232556000;11564073;153.972;153.992;153.982;0;T;True;3
1621232557000;11564076;153.969;153.989;153.979;2;T;True;3
1621232558000;11564078;153.971;153.991;153.981;1;T;True;3
1621232559000;11564079;153.971;153.991;153.981;0;T;True;3
1621232560000;11564080;153.971;153.991;153.981;0;T;True;3
1621232561000;11564085;153.963;153.983;153.973;4;T;True;3
1621232562000;11564087;153.965;153.985;153.975;1;T;True;3
1621232563000;11564088;153.965;153.985;153.975;0;T;True;3
1621232564000;11564089;153.965;153.985;153.975;0;T;True;3
1621232565000;11564093;153.959;153.979;153.969;3;T;True;3
1621232566000;11564094;153.959;153.979;153.969;0;T;True;3
1621232567000;11564097;153.959;153.979;153.969;2;T;True;3
1621232568000;11564098;153.959;153.979;153.969;0;T;True;3
1621232569000;11564099;153.959;153.979;153.969;0;T;True;3
1621232570000;11564100;153.959;153.979;153.969;0;T;True;3
1621232571000;11564102;153.958;153.978;153.968;1;T;True;3
1621232572000;11564104;153.959;153.979;153.969;1;T;True;3
1621232573000;11564105;153.959;153.979;153.969;0;T;True;3
1621232574000;11564108;153.956;153.976;153.966;2;T;True;3
1621232575000;11564109;153.956;153.976;153.966;0;T;True;3
1621232576000;11564110;153.956;153.976;153.966;0;T;True;3
1621232577000;11564111;153.956;153.976;153.966;0;T;True;3
1621232578000;11564112;153.956;153.976;153.966;0;T;True;3
1621232579000;11564113;153.956;153.976;153.966;0;T;True;3
1621232580000;11564114;153.956;153.976;153.966;0;T;True;3
1621232581000;11564115;153.956;153.976;153.966;0;T;True;3
1621232582000;11564116;153.956;153.976;153.966;0;T;True;3
1621232583000;11564118;153.954;153.974;153.964;1;T;True;3
1621232584000;11564124;153.938;153.958;153.948;5;T;True;3
1621232585000;11564125;153.938;153.958;153.948;0;T;True;3
1621232586000;11564127;153.937;153.957;153.947;1;T;True;3
1621232587000;11564128;153.937;153.957;153.947;0;T;True;3
1621232588000;11564129;153.937;153.957;153.947;0;T;True;3
1621232589000;11564130;153.937;153.957;153.947;0;T;True;3
1621232590000;11564131;153.937;153.957;153.947;0;T;True;3
1621232591000;11564132;153.937;153.957;153.947;0;T;True;3
1621232592000;11564134;153.939;153.959;153.949;1;T;True;3
1621232593000;11564135;153.939;153.959;153.949;0;T;True;3
1621232594000;11564138;153.939;153.959;153.949;2;T;True;3
1621232595000;11564139;153.939;153.959;153.949;0;T;True;3
1621232596000;11564140;153.939;153.959;153.949;0;T;True;3
1621232597000;11564141;153.939;153.959;153.949;0;T;True;3
1621232598000;11564142;153.939;153.959;153.949;0;T;True;3
1621232599000;11564143;153.939;153.959;153.949;0;T;True;3
1621232600000;11564145;153.947;153.967;153.957;1;T;True;3
1621232601000;11564146;153.947;153.967;153.957;0;T;True;3
1621232602000;11564147;153.947;153.967;153.957;0;T;True;3
1621232603000;11564151;153.951;153.971;153.961;3;T;True;3
1621232604000;11564152;153.951;153.971;153.961;0;T;True;3
1621232605000;11564155;153.952;153.972;153.962;2;T;True;3
1621232606000;11564156;153.952;153.972;153.962;0;T;True;3
1621232607000;11564158;153.951;153.971;153.961;1;T;True;3
1621232608000;11564159;153.951;153.971;153.961;0;T;True;3
1621232609000;11564164;153.951;153.971;153.961;4;T;True;3
1621232610000;11564165;153.951;153.971;153.961;0;T;True;3
1621232611000;11564168;153.951;153.971;153.961;2;T;True;3
1621232612000;11564173;153.952;153.972;153.962;4;T;True;3
1621232613000;11564174;153.952;153.972;153.962;0;T;True;3
1621232614000;11564176;153.953;153.973;153.963;1;T;True;3
1621232615000;11564178;153.952;153.972;153.962;1;T;True;3
1621232616000;11564180;153.954;153.974;153.964;1;T;True;3
1621232617000;11564181;153.954;153.974;153.964;0;T;True;3
1621232618000;11564182;153.954;153.974;153.964;0;T;True;3
1621232619000;11564187;153.953;153.973;153.963;4;T;True;3
1621232620000;11564192;153.952;153.972;153.962;4;T;True;3
1621232621000;11564194;153.954;153.974;153.964;1;T;True;3
1621232622000;11564196;153.953;153.973;153.963;1;T;True;3
1621232623000;11564197;153.953;153.973;153.963;0;T;True;3
1621232624000;11564198;153.953;153.973;153.963;0;T;True;3
1621232625000;11564199;153.953;153.973;153.963;0;T;True;3
1621232626000;11564200;153.953;153.973;153.963;0;T;True;3
1621232627000;11564201;153.953;153.973;153.963;0;T;True;3
1621232628000;11564202;153.953;153.973;153.963;0;T;True;3
1621232629000;11564203;153.953;153.973;153.963;0;T;True;3
1621232630000;11564204;153.953;153.973;153.963;0;T;True;3
1621232631000;11564205;153.953;153.973;153.963;0;T;True;3
1621232632000;11564207;153.952;153.972;153.962;1;T;True;3
1621232633000;11564208;153.952;153.972;153.962;0;T;True;3
1621232634000;11564209;153.952;153.972;153.962;0;T;True;3
1621232635000;11564210;153.952;153.972;153.962;0;T;True;3
1621232636000;11564213;153.954;153.974;153.964;2;T;True;3
1621232637000;11564216;153.958;153.978;153.968;2;T;True;3
1621232638000;11564217;153.958;153.978;153.968;0;T;True;3
1621232639000;11564218;153.958;153.978;153.968;0;T;True;3
1621232640000;11564221;153.956;153.976;153.966;2;T;True;3
1621232641000;11564222;153.956;153.976;153.966;0;T;True;3
1621232642000;11564223;153.956;153.976;153.966;0;T;True;3
1621232643000;11564224;153.956;153.976;153.966;0;T;True;3
1621232644000;11564226;153.958;153.978;153.968;1;T;True;3
1621232645000;11564229;153.962;153.982;153.972;2;T;True;3
1621232646000;11564237;153.973;153.993;153.983;7;T;True;3
1621232647000;11564239;153.972;153.992;153.982;1;T;True;3
1621232648000;11564240;153.972;153.992;153.982;0;T;True;3
1621232649000;11564245;153.98;154.0;153.99;4;T;True;3
1621232650000;11564246;153.98;154.0;153.99;0;T;True;3
1621232651000;11564247;153.98;154.0;153.99;0;T;True;3
1621232652000;11564250;153.98;154.0;153.99;2;T;True;3
1621232653000;11564253;153.984;154.004;153.994;2;T;True;3
1621232654000;11564254;153.984;154.004;153.994;0;T;True;3
1621232655000;11564255;153.984;154.004;153.994;0;T;True;3
1621232656000;11564257;153.985;154.005;153.995;1;T;True;3
1621232657000;11564258;153.985;154.005;153.995;0;T;True;3
1621232658000;11564259;153.985;154.005;153.995;0;T;True;3
1621232659000;11564260;153.985;154.005;153.995;0;T;True;3
1621232660000;11564261;153.985;154.005;153.995;0;T;True;3
1621232661000;11564262;153.985;154.005;153.995;0;T;True;3
1621232662000;11564263;153.985;154.005;153.995;0;T;True;3
1621232663000;11564267;153.977;153.997;153.987;3;T;True;3
1621232664000;11564269;153.979;153.999;153.989;1;T;True;3
1621232665000;11564270;153.979;153.999;153.989;0;T;True;3
1621232666000;11564271;153.979;153.999;153.989;0;T;True;3
1621232667000;11564272;153.979;153.999;153.989;0;T;True;3
1621232668000;11564273;153.979;153.999;153.989;0;T;True;3
1621232669000;11564277;153.984;154.004;153.994;3;T;True;3
1621232670000;11564279;153.983;154.003;153.993;1;T;True;3
1621232671000;11564281;153.981;154.001;153.991;1;T;True;3
1621232672000;11564283;153.98;154.0;153.99;1;T;True;3
1621232673000;11564285;153.978;153.998;153.988;1;T;True;3
1621232674000;11564286;153.978;153.998;153.988;0;T;True;3
1621232675000;11564287;153.978;153.998;153.988;0;T;True;3
1621232676000;11564289;153.979;153.999;153.989;1;T;True;3
1621232677000;11564290;153.979;153.999;153.989;0;T;True;3
1621232678000;11564291;153.979;153.999;153.989;0;T;True;3
1621232679000;11564292;153.979;153.999;153.989;0;T;True;3
1621232680000;11564293;153.979;153.999;153.989;0;T;True;3
1621232681000;11564294;153.979;153.999;153.989;0;T;True;3
1621232682000;11564295;153.979;153.999;153.989;0;T;True;3
1621232683000;11564296;153.979;153.999;153.989;0;T;True;3
1621232684000;11564297;153.979;153.999;153.989;0;T;True;3
1621232685000;11564298;153.979;153.999;153.989;0;T;True;3
1621232686000;11564301;153.975;153.995;153.985;2;T;True;3
1621232687000;11564307;153.957;153.977;153.967;5;T;True;3
1621232688000;11564308;153.957;153.977;153.967;0;T;True;3
1621232689000;11564309;153.957;153.977;153.967;0;T;True;3
1621232690000;11564310;153.957;153.977;153.967;0;T;True;3
1621232691000;11564311;153.957;153.977;153.967;0;T;True;3
1621232692000;11564312;153.957;153.977;153.967;0;T;True;3
1621232693000;11564315;153.958;153.978;153.968;2;T;True;3
1621232694000;11564316;153.958;153.978;153.968;0;T;True;3
1621232695000;11564317;153.958;153.978;153.968;0;T;True;3
1621232696000;11564318;153.958;153.978;153.968;0;T;True;3
1621232697000;11564319;153.958;153.978;153.968;0;T;True;3
1621232698000;11564320;153.958;153.978;153.968;0;T;True;3
1621232699000;11564321;153.958;153.978;153.968;0;T;True;3
1621232700000;11564324;153.965;153.985;153.975;2;T;True;3
1621232701000;11564325;153.965;153.985;153.975;0;T;True;3
1621232702000;11564330;153.982;154.002;153.992;4;T;True;3
1621232703000;11564331;153.982;154.002;153.992;0;T;True;3
1621232704000;11564332;153.982;154.002;153.992;0;T;True;3
1621232705000;11564333;153.982;154.002;153.992;0;T;True;3
1621232706000;11564334;153.982;154.002;153.992;0;T;True;3
1621232707000;11564336;153.983;154.003;153.993;1;T;True;3
1621232708000;11564339;153.978;153.998;153.988;2;T;True;3
1621232709000;11564343;153.982;154.002;153.992;3;T;True;3
1621232710000;11564344;153.982;154.002;153.992;0;T;True;3
1621232711000;11564345;153.982;154.002;153.992;0;T;True;3
1621232712000;11564350;153.988;154.008;153.998;4;T;True;3
1621232713000;11564351;153.988;154.008;153.998;0;T;True;3
1621232714000;11564352;153.988;154.008;153.998;0;T;True;3
1621232715000;11564353;153.988;154.008;153.998;0;T;True;3
1621232716000;11564357;153.977;153.997;153.987;3;T;True;3
1621232717000;11564359;153.979;153.999;153.989;1;T;True;3
1621232718000;11564362;153.979;153.999;153.989;2;T;True;3
1621232719000;11564364;153.977;153.997;153.987;1;T;True;3
1621232720000;11564369;153.975;153.995;153.985;4;T;True;3
1621232721000;11564371;153.973;153.993;153.983;1;T;True;3
1621232722000;11564372;153.973;153.993;153.983;0;T;True;3
1621232723000;11564374;153.971;153.991;153.981;1;T;True;3
1621232724000;11564375;153.971;153.991;153.981;0;T;True;3
1621232725000;11564376;153.971;153.991;153.981;0;T;True;3
1621232726000;11564379;153.963;153.983;153.973;2;T;True;3
1621232727000;11564382;153.961;153.981;153.971;2;T;True;3
1621232728000;11564383;153.961;153.981;153.971;0;T;True;3
1621232729000;11564384;153.961;153.981;153.971;0;T;True;3
1621232730000;11564386;153.96;153.98;153.97;1;T;True;3
1621232731000;11564387;153.96;153.98;153.97;0;T;True;3
1621232732000;11564388;153.96;153.98;153.97;0;T;True;3
1621232733000;11564389;153.96;153.98;153.97;0;T;True;3
1621232734000;11564390;153.96;153.98;153.97;0;T;True;3
1621232735000;11564391;153.96;153.98;153.97;0;T;True;3
1621232736000;11564392;153.96;153.98;153.97;0;T;True;3
1621232737000;11564393;153.96;153.98;153.97;0;T;True;3
1621232738000;11564401;153.957;153.977;153.967;7;T;True;3
1621232739000;11564403;153.955;153.975;153.965;1;T;True;3
1621232740000;11564404;153.955;153.975;153.965;0;T;True;3
1621232741000;11564405;153.955;153.975;153.965;0;T;True;3
1621232742000;11564410;153.959;153.979;153.969;4;T;True;3
1621232743000;11564412;153.957;153.977;153.967;1;T;True;3
1621232744000;11564414;153.959;153.979;153.969;1;T;True;3
1621232745000;11564416;153.961;153.981;153.971;1;T;True;3
1621232746000;11564417;153.961;153.981;153.971;0;T;True;3
1621232747000;11564419;153.959;153.979;153.969;1;T;True;3
1621232748000;11564422;153.961;153.981;153.971;2;T;True;3
1621232749000;11564423;153.961;153.981;153.971;0;T;True;3
1621232750000;11564424;153.961;153.981;153.971;0;T;True;3
1621232751000;11564425;153.961;153.981;153.971;0;T;True;3
1621232752000;11564428;153.966;153.986;153.976;2;T;True;3
1621232753000;11564429;153.966;153.986;153.976;0;T;True;3
1621232754000;11564430;153.966;153.986;153.976;0;T;True;3
1621232755000;11564432;153.967;153.987;153.977;1;T;True;3
1621232756000;11564434;153.969;153.989;153.979;1;T;True;3
1621232757000;11564437;153.969;153.989;153.979;2;T;True;3
1621232758000;11564438;153.969;153.989;153.979;0;T;True;3
1621232759000;11564439;153.969;153.989;153.979;0;T;True;3
1621232760000;11564440;153.969;153.989;153.979;0;T;True;3
1621232761000;11564441;153.969;153.989;153.979;0;T;True;3
1621232762000;11564444;153.969;153.989;153.979;2;T;True;3
1621232763000;11564446;153.968;153.988;153.978;1;T;True;3
1621232764000;11564449;153.97;153.99;153.98;2;T;True;3
1621232765000;11564454;153.971;153.991;153.981;4;T;True;3
1621232766000;11564456;153.97;153.99;153.98;1;T;True;3
1621232767000;11564457;153.97;153.99;153.98;0;T;True;3
1621232768000;11564458;153.97;153.99;153.98;0;T;True;3
1621232769000;11564460;153.969;153.989;153.979;1;T;True;3
1621232770000;11564462;153.967;153.987;153.977;1;T;True;3
1621232771000;11564463;153.967;153.987;153.977;0;T;True;3
1621232772000;11564464;153.967;153.987;153.977;0;T;True;3
1621232773000;11564468;153.961;153.981;153.971;3;T;True;3
1621232774000;11564471;153.959;153.979;153.969;2;T;True;3
1621232775000;11564473;153.957;153.977;153.967;1;T;True;3
1621232776000;11564476;153.957;153.977;153.967;2;T;True;3
1621232777000;11564477;153.957;153.977;153.967;0;T;True;3
1621232778000;11564478;153.957;153.977;153.967;0;T;True;3
1621232779000;11564479;153.957;153.977;153.967;0;T;True;3
1621232780000;11564481;153.959;153.979;153.969;1;T;True;3
1621232781000;11564482;153.959;153.979;153.969;0;T;True;3
1621232782000;11564483;153.959;153.979;153.969;0;T;True;3
1621232783000;11564484;153.959;153.979;153.969;0;T;True;3
1621232784000;11564488;153.953;153.973;153.963;3;T;True;3
1621232785000;11564493;153.949;153.969;153.959;4;T;True;3
1621232786000;11564494;153.949;153.969;153.959;0;T;True;3
1621232787000;11564495;153.949;153.969;153.959;0;T;True;3
1621232788000;11564496;153.949;153.969;153.959;0;T;True;3
1621232789000;11564498;153.948;153.968;153.958;1;T;True;3
