ts;n;bid;ask;value;volume;phase;round;active_id
1621258062000;11609636;154.019;154.039;154.029;0;T;True;3
1621258063000;11609638;154.021;154.041;154.031;1;T;True;3
1621258064000;11609639;154.021;154.041;154.031;0;T;True;3
1621258065000;11609640;154.021;154.041;154.031;0;T;True;3
1621258066000;11609641;154.021;154.041;154.031;0;T;True;3
1621258067000;11609642;154.021;154.041;154.031;0;T;True;3
1621258068000;11609643;154.021;154.041;154.031;0;T;True;3
1621258069000;11609645;154.025;154.045;154.035;1;T;True;3
1621258070000;11609646;154.025;154.045;154.035;0;T;True;3
1621258071000;11609647;154.025;154.045;154.035;0;T;True;3
1621258072000;11609648;154.025;154.045;154.035;0;T;True;3
1621258073000;11609649;154.025;154.045;154.035;0;T;True;3
1621258074000;11609650;154.025;154.045;154.035;0;T;True;3
1621258075000;11609651;154.025;154.045;154.035;0;T;True;3
1621258076000;11609652;154.025;154.045;154.035;0;T;True;3
1621258077000;11609653;154.025;154.045;154.035;0;T;True;3
1621258078000;11609655;154.024;154.044;154.034;1;T;True;3
1621258079000;11609656;154.024;154.044;154.034;0;T;True;3
1621258080000;11609661;154.015;154.035;154.025;4;T;True;3
1621258081000;11609662;154.015;154.035;154.025;0;T;True;3
1621258082000;11609664;154.013;154.033;154.023;1;T;True;3
1621258083000;11609665;154.013;154.033;154.023;0;T;True;3
1621258084000;11609670;154.021;154.041;154.031;4;T;True;3
1621258085000;11609674;154.02;154.04;154.03;3;T;True;3
1621258086000;11609675;154.02;154.04;154.03;0;T;True;3
1621258087000;11609676;154.02;154.04;154.03;0;T;True;3
1621258088000;11609677;154.02;154.04;154.03;0;T;True;3
1621258089000;11609678;154.02;154.04;154.03;0;T;True;3
1621258090000;11609681;154.022;154.042;154.032;2;T;True;3
1621258091000;11609684;154.026;154.046;154.036;2;T;True;3
1621258092000;11609685;154.026;154.046;154.036;0;T;True;3
1621258093000;11609687;154.025;154.045;154.035;1;T;True;3
1621258094000;11609688;154.025;154.045;154.035;0;T;True;3
1621258095000;11609689;154.025;154.045;154.035;0;T;True;3
1621258096000;11609692;154.021;154.041;154.031;2;T;True;3
1621258097000;11609693;154.021;154.041;154.031;0;T;True;3
1621258098000;11609694;154.021;154.041;154.031;0;T;True;3
1621258099000;11609695;154.021;154.041;154.031;0;T;True;3
1621258100000;11609696;154.021;154.041;154.031;0;T;True;3
1621258101000;11609700;154.027;154.047;154.037;3;T;True;3
1621258102000;11609702;154.028;154.048;154.038;1;T;True;3
1621258103000;11609705;154.031;154.051;154.041;2;T;True;3
1621258104000;11609706;154.031;154.051;154.041;0;T;True;3
1621258105000;11609709;154.033;154.053;154.043;2;T;True;3
1621258106000;11609711;154.034;154.054;154.044;1;T;True;3
1621258107000;11609712;154.034;154.054;154.044;0;T;True;3
1621258108000;11609716;154.028;154.048;154.038;3;T;True;3
1621258109000;11609719;154.026;154.046;154.036;2;T;True;3
1621258110000;11609720;154.026;154.046;154.036;0;T;True;3
1621258111000;11609721;154.026;154.046;154.036;0;T;True;3
1621258112000;11609722;154.026;154.046;154.036;0;T;True;3
1621258113000;11609724;154.025;154.045;154.035;1;T;True;3
1621258114000;11609725;154.025;154.045;154.035;0;T;True;3
1621258115000;11609727;154.023;154.043;154.033;1;T;True;3
1621258116000;11609730;154.023;154.043;154.033;2;T;True;3
1621258117000;11609731;154.023;154.043;154.033;0;T;True;3
1621258118000;11609732;154.023;154.043;154.033;0;T;True;3
1621258119000;11609733;154.023;154.043;154.033;0;T;True;3
1621258120000;11609734;154.023;154.043;154.033;0;T;True;3
1621258121000;11609735;154.023;154.043;154.033;0;T;True;3
1621258122000;11609736;154.023;154.043;154.033;0;T;True;3
1621258123000;11609737;154.023;154.043;154.033;0;T;True;3
1621258124000;11609741;154.023;154.043;154.033;3;T;True;3
1621258125000;11609742;154.023;154.043;154.033;0;T;True;3
1621258126000;11609745;154.025;154.045;154.035;2;T;True;3
1621258127000;11609746;154.025;154.045;154.035;0;T;True;3
1621258128000;11609747;154.025;154.045;154.035;0;T;True;3
1621258129000;11609748;154.025;154.045;154.035;0;T;True;3
1621258130000;11609749;154.025;154.045;154.035;0;T;True;3
1621258131000;11609751;154.023;154.043;154.033;1;T;True;3
1621258132000;11609752;154.023;154.043;154.033;0;T;True;3
1621258133000;11609753;154.023;154.043;154.033;0;T;True;3
1621258134000;11609754;154.023;154.043;154.033;0;T;True;3
1621258135000;11609755;154.023;154.043;154.033;0;T;True;3
1621258136000;11609757;154.024;154.044;154.034;1;T;True;3
1621258137000;11609760;154.025;154.045;154.035;2;T;True;3
1621258138000;11609761;154.025;154.045;154.035;0;T;True;3
1621258139000;11609763;154.024;154.044;154.034;1;T;True;3
1621258140000;11609764;154.024;154.044;154.034;0;T;True;3
1621258141000;11609765;154.024;154.044;154.034;0;T;True;3
1621258142000;11609767;154.025;154.045;154.035;1;T;True;3
1621258143000;11609768;154.025;154.045;154.035;0;T;True;3
1621258144000;11609769;154.025;154.045;154.035;0;T;True;3
1621258145000;11609770;154.025;154.045;154.035;0;T;True;3
1621258146000;11609773;154.029;154.049;154.039;2;T;True;3
1621258147000;11609776;154.035;154.055;154.045;2;T;True;3
1621258148000;11609777;154.035;154.055;154.045;0;T;True;3
1621258149000;11609778;154.035;154.055;154.045;0;T;True;3
1621258150000;11609779;154.035;154.055;154.045;0;T;True;3
1621258151000;11609780;154.035;154.055;154.045;0;T;True;3
1621258152000;11609784;154.025;154.045;154.035;3;T;True;3
1621258153000;11609788;154.022;154.042;154.032;3;T;True;3
1621258154000;11609789;154.022;154.042;154.032;0;T;True;3
1621258155000;11609790;154.022;154.042;154.032;0;T;True;3
1621258156000;11609792;154.021;154.041;154.031;1;T;True;3
1621258157000;11609794;154.02;154.04;154.03;1;T;True;3
1621258158000;11609796;154.018;154.038;154.028;1;T;True;3
1621258159000;11609797;154.018;154.038;154.028;0;T;True;3
1621258160000;11609798;154.018;154.038;154.028;0;T;True;3
1621258161000;11609800;154.017;154.037;154.027;1;T;True;3
1621258162000;11609801;154.017;154.037;154.027;0;T;True;3
1621258163000;11609803;154.019;154.039;154.029;1;T;True;3
1621258164000;11609804;154.019;154.039;154.029;0;T;True;3
1621258165000;11609806;154.021;154.041;154.031;1;T;True;3
1621258166000;11609807;154.021;154.041;154.031;0;T;True;3
1621258167000;11609808;154.021;154.041;154.031;0;T;True;3
1621258168000;11609809;154.021;154.041;154.031;0;T;True;3
1621258169000;11609810;154.021;154.041;154.031;0;T;True;3
1621258170000;11609811;154.021;154.041;154.031;0;T;True;3
1621258171000;11609815;154.014;154.034;154.024;3;T;True;3
1621258172000;11609817;154.013;154.033;154.023;1;T;True;3
1621258173000;11609818;154.013;154.033;154.023;0;T;True;3
1621258174000;11609819;154.013;154.033;154.023;0;T;True;3
1621258175000;11609820;154.013;154.033;154.023;0;T;True;3
1621258176000;11609821;154.013;154.033;154.023;0;T;True;3
1621258177000;11609822;154.013;154.033;154.023;0;T;True;3
1621258178000;11609824;154.011;154.031;154.021;1;T;True;3
1621258179000;11609825;154.011;154.031;154.021;0;T;True;3
1621258180000;11609827;154.014;154.034;154.024;1;T;True;3
1621258181000;11609828;154.014;154.034;154.024;0;T;True;3
1621258182000;11609829;154.014;154.034;154.024;0;T;True;3
1621258183000;11609830;154.014;154.034;154.024;0;T;True;3
1621258184000;11609831;154.014;154.034;154.024;0;T;True;3
1621258185000;11609832;154.014;154.034;154.024;0;T;True;3
1621258186000;11609834;154.013;154.033;154.023;1;T;True;3
1621258187000;11609837;154.013;154.033;154.023;2;T;True;3
1621258188000;11609838;154.013;154.033;154.023;0;T;True;3
1621258189000;11609840;154.014;154.034;154.024;1;T;True;3
1621258190000;11609841;154.014;154.034;154.024;0;T;True;3
1621258191000;11609848;154.013;154.033;154.023;6;T;True;3
1621258192000;11609851;154.015;154.035;154.025;2;T;True;3
1621258193000;11609852;154.015;154.035;154.025;0;T;True;3
1621258194000;11609853;154.015;154.035;154.025;0;T;True;3
1621258195000;11609854;154.015;154.035;154.025;0;T;True;3
1621258196000;11609855;154.015;154.035;154.025;0;T;True;3
1621258197000;11609856;154.015;154.035;154.025;0;T;True;3
1621258198000;11609857;154.015;154.035;154.025;0;T;True;3
1621258199000;11609859;154.017;154.037;154.027;1;T;True;3
1621258200000;11609860;154.017;154.037;154.027;0;T;True;3
1621258201000;11609866;154.026;154.046;154.036;5;T;True;3
1621258202000;11609870;154.025;154.045;154.035;3;T;True;3
1621258203000;11609877;154.032;154.052;154.042;6;T;True;3
1621258204000;11609878;154.032;154.052;154.042;0;T;True;3
1621258205000;11609879;154.032;154.052;154.042;0;T;True;3
1621258206000;11609884;154.039;154.059;154.049;4;T;True;3
1621258207000;11609889;154.041;154.061;154.051;4;T;True;3
1621258208000;11609890;154.041;154.061;154.051;0;T;True;3
1621258209000;11609892;154.04;154.06;154.05;1;T;True;3
1621258210000;11609894;154.041;154.061;154.051;1;T;True;3
1621258211000;11609898;154.035;154.055;154.045;3;T;True;3
1621258212000;11609900;154.036;154.056;154.046;1;T;True;3
1621258213000;11609904;154.039;154.059;154.049;3;T;True;3
1621258214000;11609907;154.039;154.059;154.049;2;T;True;3
1621258215000;11609913;154.042;154.062;154.052;5;T;True;3
1621258216000;11609914;154.042;154.062;154.052;0;T;True;3
1621258217000;11609915;154.042;154.062;154.052;0;T;True;3
1621258218000;11609916;154.042;154.062;154.052;0;T;True;3
1621258219000;11609921;154.044;154.064;154.054;4;T;True;3
1621258220000;11609924;154.042;154.062;154.052;2;T;True;3
1621258221000;11609931;154.037;154.057;154.047;6;T;True;3
1621258222000;11609940;154.02;154.04;154.03;8;T;True;3
1621258223000;11609950;153.998;154.018;154.008;9;T;True;3
1621258224000;11609953;154.003;154.023;154.013;2;T;True;3
1621258225000;11609954;154.003;154.023;154.013;0;T;True;3
1621258226000;11609957;154.009;154.029;154.019;2;T;True;3
1621258227000;11609963;154.001;154.021;154.011;5;T;True;3
1621258228000;11609966;153.997;154.017;154.007;2;T;True;3
1621258229000;11609969;153.999;154.019;154.009;2;T;True;3
1621258230000;11609971;154.001;154.021;154.011;1;T;True;3
1621258231000;11609973;154.002;154.022;154.012;1;T;True;3
1621258232000;11609974;154.002;154.022;154.012;0;T;True;3
1621258233000;11609975;154.002;154.022;154.012;0;T;True;3
1621258234000;11609977;154.003;154.023;154.013;1;T;True;3
1621258235000;11609978;154.003;154.023;154.013;0;T;True;3
1621258236000;11609979;154.003;154.023;154.013;0;T;True;3
1621258237000;11609982;154.007;154.027;154.017;2;T;True;3
1621258238000;11609986;154.013;154.033;154.023;3;T;True;3
1621258239000;11609990;154.015;154.035;154.025;3;T;True;3
1621258240000;11609992;154.014;154.034;154.024;1;T;True;3
1621258241000;11609996;154.003;154.023;154.013;3;T;True;3
1621258242000;11609999;154.003;154.023;154.013;2;T;True;3
1621258243000;11610000;154.003;154.023;154.013;0;T;True;3
1621258244000;11610001;154.003;154.023;154.013;0;T;True;3
1621258245000;11610003;154.002;154.022;154.012;1;T;True;3
1621258246000;11610005;154.001;154.021;154.011;1;T;True;3
1621258247000;11610006;154.001;154.021;154.011;0;T;True;3
1621258248000;11610008;154.002;154.022;154.012;1;T;True;3
1621258249000;11610011;154.005;154.025;154.015;2;T;True;3
1621258250000;11610017;153.995;154.015;154.005;5;T;True;3
1621258251000;11610023;153.988;154.008;153.998;5;T;True;3
1621258252000;11610025;153.989;154.009;153.999;1;T;True;3
1621258253000;11610026;153.989;154.009;153.999;0;T;True;3
1621258254000;11610031;153.987;154.007;153.997;4;T;True;3
1621258255000;11610032;153.987;154.007;153.997;0;T;True;3
1621258256000;11610035;153.989;154.009;153.999;2;T;True;3
1621258257000;11610037;153.991;154.011;154.001;1;T;True;3
1621258258000;11610040;153.995;154.015;154.005;2;T;True;3
1621258259000;11610041;153.995;154.015;154.005;0;T;True;3
1621258260000;11610048;153.999;154.019;154.009;6;T;True;3
1621258261000;11610051;154.002;154.022;154.012;2;T;True;3
1621258262000;11610052;154.002;154.022;154.012;0;T;True;3
1621258263000;11610053;154.002;154.022;154.012;0;T;True;3
1621258264000;11610055;154.001;154.021;154.011;1;T;True;3
1621258265000;11610057;153.999;154.019;154.009;1;T;True;3
1621258266000;11610060;153.993;154.013;154.003;2;T;True;3
1621258267000;11610061;153.993;154.013;154.003;0;T;True;3
1621258268000;11610064;153.99;154.01;154.0;2;T;True;3
1621258269000;11610066;153.991;154.011;154.001;1;T;True;3
1621258270000;11610068;153.992;154.012;154.002;1;T;True;3
1621258271000;11610070;153.994;154.014;154.004;1;T;True;3
1621258272000;11610074;153.999;154.019;154.009;3;T;True;3
1621258273000;11610077;153.993;154.013;154.003;2;T;True;3
1621258274000;11610087;154.005;154.025;154.015;9;T;True;3
1621258275000;11610093;154.007;154.027;154.017;5;T;True;3
1621258276000;11610095;154.005;154.025;154.015;1;T;True;3
1621258277000;11610098;154.005;154.025;154.015;2;T;True;3
1621258278000;11610099;154.005;154.025;154.015;0;T;True;3
1621258279000;11610100;154.005;154.025;154.015;0;T;True;3
1621258280000;11610103;154.008;154.028;154.018;2;T;True;3
1621258281000;11610105;154.011;154.031;154.021;1;T;True;3
1621258282000;11610109;154.008;154.028;154.018;3;T;True;3
1621258283000;11610110;154.008;154.028;154.018;0;T;True;3
1621258284000;11610112;154.007;154.027;154.017;1;T;True;3
1621258285000;11610117;154.011;154.031;154.021;4;T;True;3
1621258286000;11610120;154.009;154.029;154.019;2;T;True;3
1621258287000;11610121;154.009;154.029;154.019;0;T;True;3
1621258288000;11610123;154.007;154.027;154.017;1;T;True;3
1621258289000;11610126;154.011;154.031;154.021;2;T;True;3
1621258290000;11610127;154.011;154.031;154.021;0;T;True;3
1621258291000;11610128;154.011;154.031;154.021;0;T;True;3
1621258292000;11610132;154.02;154.04;154.03;3;T;True;3
1621258293000;11610133;154.02;154.04;154.03;0;T;True;3
1621258294000;11610134;154.02;154.04;154.03;0;T;True;3
1621258295000;11610136;154.021;154.041;154.031;1;T;True;3
1621258296000;11610137;154.021;154.041;154.031;0;T;True;3
1621258297000;11610138;154.021;154.041;154.031;0;T;True;3
1621258298000;11610139;154.021;154.041;154.031;0;T;True;3
1621258299000;11610142;154.017;154.037;154.027;2;T;True;3
1621258300000;11610145;154.017;154.037;154.027;2;T;True;3
1621258301000;11610147;154.016;154.036;154.026;1;T;True;3
1621258302000;11610151;154.013;154.033;154.023;3;T;True;3
1621258303000;11610152;154.013;154.033;154.023;0;T;True;3
1621258304000;11610154;154.012;154.032;154.022;1;T;True;3
1621258305000;11610159;154.014;154.034;154.024;4;T;True;3
1621258306000;11610164;154.014;154.034;154.024;4;T;True;3
1621258307000;11610167;154.011;154.031;154.021;2;T;True;3
1621258308000;11610168;154.011;154.031;154.021;0;T;True;3
1621258309000;11610170;154.009;154.029;154.019;1;T;True;3
1621258310000;11610171;154.009;154.029;154.019;0;T;True;3
1621258311000;11610172;154.009;154.029;154.019;0;T;True;3
1621258312000;11610174;154.011;154.031;154.021;1;T;True;3
1621258313000;11610175;154.011;154.031;154.021;0;T;True;3
1621258314000;11610176;154.011;154.031;154.021;0;T;True;3
1621258315000;11610177;154.011;154.031;154.021;0;T;True;3
1621258316000;11610179;154.013;154.033;154.023;1;T;True;3
1621258317000;11610180;154.013;154.033;154.023;0;T;True;3
1621258318000;11610181;154.013;154.033;154.023;0;T;True;3
1621258319000;11610184;154.011;154.031;154.021;2;T;True;3
1621258320000;11610185;154.011;154.031;154.021;0;T;True;3
1621258321000;11610186;154.011;154.031;154.021;0;T;True;3
1621258322000;11610188;154.009;154.029;154.019;1;T;True;3
1621258323000;11610189;154.009;154.029;154.019;0;T;True;3
1621258324000;11610192;154.001;154.021;154.011;2;T;True;3
1621258325000;11610193;154.001;154.021;154.011;0;T;True;3
1621258326000;11610194;154.001;154.021;154.011;0;T;True;3
1621258327000;11610195;154.001;154.021;154.011;0;T;True;3
1621258328000;11610197;153.999;154.019;154.009;1;T;True;3
1621258329000;11610199;154.001;154.021;154.011;1;T;True;3
1621258330000;11610200;154.001;154.021;154.011;0;T;True;3
1621258331000;11610201;154.001;154.021;154.011;0;T;True;3
1621258332000;11610203;154.0;154.02;154.01;1;T;True;3
1621258333000;11610206;153.997;154.017;154.007;2;T;True;3
1621258334000;11610208;153.994;154.014;154.004;1;T;True;3
1621258335000;11610209;153.994;154.014;154.004;0;T;True;3
1621258336000;11610211;153.992;154.012;154.002;1;T;True;3
1621258337000;11610213;153.993;154.013;154.003;1;T;True;3
1621258338000;11610216;153.991;154.011;154.001;2;T;True;3
1621258339000;11610219;153.988;154.008;153.998;2;T;True;3
1621258340000;11610222;153.993;154.013;154.003;2;T;True;3
1621258341000;11610224;153.995;154.015;154.005;1;T;True;3
1621258342000;11610225;153.995;154.015;154.005;0;T;True;3
1621258343000;11610228;153.995;154.015;154.005;2;T;True;3
1621258344000;11610229;153.995;154.015;154.005;0;T;True;3
1621258345000;11610233;153.987;154.007;153.997;3;T;True;3
1621258346000;11610234;153.987;154.007;153.997;0;T;True;3
1621258347000;11610235;153.987;154.007;153.997;0;T;True;3
1621258348000;11610239;153.989;154.009;153.999;3;T;True;3
1621258349000;11610242;153.99;154.01;154.0;2;T;True;3
1621258350000;11610246;153.989;154.009;153.999;3;T;True;3
1621258351000;11610248;153.987;154.007;153.997;1;T;True;3
1621258352000;11610249;153.987;154.007;153.997;0;T;True;3
1621258353000;11610252;153.983;154.003;153.993;2;T;True;3
1621258354000;11610253;153.983;154.003;153.993;0;T;True;3
1621258355000;11610257;153.976;153.996;153.986;3;T;True;3
1621258356000;11610259;153.977;153.997;153.987;1;T;True;3
1621258357000;11610260;153.977;153.997;153.987;0;T;True;3
1621258358000;11610262;153.978;153.998;153.988;1;T;True;3
1621258359000;11610264;153.977;153.997;153.987;1;T;True;3
1621258360000;11610265;153.977;153.997;153.987;0;T;True;3
1621258361000;11610269;153.97;153.99;153.98;3;T;True;3
1621258362000;11610271;153.971;153.991;153.981;1;T;True;3
1621258363000;11610273;153.972;153.992;153.982;1;T;True;3
1621258364000;11610274;153.972;153.992;153.982;0;T;True;3
1621258365000;11610281;153.976;153.996;153.986;6;T;True;3
1621258366000;11610284;153.976;153.996;153.986;2;T;True;3
1621258367000;11610285;153.976;153.996;153.986;0;T;True;3
1621258368000;11610287;153.975;153.995;153.985;1;T;True;3
1621258369000;11610292;153.979;153.999;153.989;4;T;True;3
1621258370000;11610293;153.979;153.999;153.989;0;T;True;3
1621258371000;11610297;153.988;154.008;153.998;3;T;True;3
1621258372000;11610299;153.99;154.01;154.0;1;T;True;3
1621258373000;11610300;153.99;154.01;154.0;0;T;True;3
1621258374000;11610302;153.991;154.011;154.001;1;T;True;3
1621258375000;11610305;153.993;154.013;154.003;2;T;True;3
1621258376000;11610307;153.994;154.014;154.004;1;T;True;3
1621258377000;11610309;153.997;154.017;154.007;1;T;True;3
1621258378000;11610312;153.989;154.009;153.999;2;T;True;3
1621258379000;11610313;153.989;154.009;153.999;0;T;True;3
1621258380000;11610314;153.989;154.009;153.999;0;T;True;3
1621258381000;11610315;153.989;154.009;153.999;0;T;True;3
1621258382000;11610316;153.989;154.009;153.999;0;T;True;3
1621258383000;11610317;153.989;154.009;153.999;0;T;True;3
1621258384000;11610319;153.988;154.008;153.998;1;T;True;3
1621258385000;11610321;153.986;154.006;153.996;1;T;True;3
1621258386000;11610323;153.985;154.005;153.995;1;T;True;3
1621258387000;11610324;153.985;154.005;153.995;0;T;True;3
1621258388000;11610329;153.985;154.005;153.995;4;T;True;3
1621258389000;11610331;153.989;154.009;153.999;1;T;True;3
1621258390000;11610335;153.983;154.003;153.993;3;T;True;3
1621258391000;11610336;153.983;154.003;153.993;0;T;True;3
1621258392000;11610339;153.977;153.997;153.987;2;T;True;3
1621258393000;11610344;153.977;153.997;153.987;4;T;True;3
1621258394000;11610346;153.979;153.999;153.989;1;T;True;3
1621258395000;11610347;153.979;153.999;153.989;0;T;True;3
1621258396000;11610348;153.979;153.999;153.989;0;T;True;3
1621258397000;11610350;153.977;153.997;153.987;1;T;True;3
1621258398000;11610352;153.975;153.995;153.985;1;T;True;3
1621258399000;11610353;153.975;153.995;153.985;0;T;True;3
1621258400000;11610355;153.973;153.993;153.983;1;T;True;3
1621258401000;11610356;153.973;153.993;153.983;0;T;True;3
1621258402000;11610358;153.974;153.994;153.984;1;T;True;3
1621258403000;11610361;153.981;154.001;153.991;2;T;True;3
1621258404000;11610365;153.975;153.995;153.985;3;T;True;3
1621258405000;11610367;153.973;153.993;153.983;1;T;True;3
1621258406000;11610370;153.969;153.989;153.979;2;T;True;3
1621258407000;11610371;153.969;153.989;153.979;0;T;True;3
1621258408000;11610373;153.97;153.99;153.98;1;T;True;3
1621258409000;11610376;153.966;153.986;153.976;2;T;True;3
1621258410000;11610377;153.966;153.986;153.976;0;T;True;3
1621258411000;11610378;153.966;153.986;153.976;0;T;True;3
1621258412000;11610383;153.966;153.986;153.976;4;T;True;3
1621258413000;11610386;153.965;153.985;153.975;2;T;True;3
1621258414000;11610388;153.967;153.987;153.977;1;T;True;3
1621258415000;11610390;153.968;153.988;153.978;1;T;True;3
1621258416000;11610392;153.97;153.99;153.98;1;T;True;3
1621258417000;11610396;153.977;153.997;153.987;3;T;True;3
1621258418000;11610398;153.975;153.995;153.985;1;T;True;3
1621258419000;11610401;153.977;153.997;153.987;2;T;True;3
1621258420000;11610402;153.977;153.997;153.987;0;T;True;3
1621258421000;11610403;153.977;153.997;153.987;0;T;True;3
1621258422000;11610405;153.978;153.998;153.988;1;T;True;3
1621258423000;11610408;153.975;153.995;153.985;2;T;True;3
1621258424000;11610412;153.983;154.003;153.993;3;T;True;3
1621258425000;11610413;153.983;154.003;153.993;0;T;True;3
1621258426000;11610414;153.983;154.003;153.993;0;T;True;3
1621258427000;11610419;153.978;153.998;153.988;4;T;True;3
1621258428000;11610425;153.979;153.999;153.989;5;T;True;3
1621258429000;11610430;153.981;154.001;153.991;4;T;True;3
1621258430000;11610433;153.979;153.999;153.989;2;T;True;3
1621258431000;11610436;153.975;153.995;153.985;2;T;True;3
1621258432000;11610439;153.977;153.997;153.987;2;T;True;3
1621258433000;11610440;153.977;153.997;153.987;0;T;True;3
1621258434000;11610443;153.975;153.995;153.985;2;T;True;3
1621258435000;11610444;153.975;153.995;153.985;0;T;True;3
1621258436000;11610449;153.983;154.003;153.993;4;T;True;3
1621258437000;11610454;153.991;154.011;154.001;4;T;True;3
1621258438000;11610456;153.993;154.013;154.003;1;T;True;3
1621258439000;11610459;153.99;154.01;154.0;2;T;True;3
1621258440000;11610462;153.988;154.008;153.998;2;T;True;3
1621258441000;11610464;153.987;154.007;153.997;1;T;True;3
1621258442000;11610466;153.986;154.006;153.996;1;T;True;3
1621258443000;11610468;153.987;154.007;153.997;1;T;True;3
1621258444000;11610471;153.986;154.006;153.996;2;T;True;3
1621258445000;11610473;153.987;154.007;153.997;1;T;True;3
1621258446000;11610476;153.992;154.012;154.002;2;T;True;3
1621258447000;11610477;153.992;154.012;154.002;0;T;True;3
1621258448000;11610480;153.988;154.008;153.998;2;T;True;3
1621258449000;11610483;153.988;154.008;153.998;2;T;True;3
1621258450000;11610486;153.991;154.011;154.001;2;T;True;3
1621258451000;11610489;153.989;154.009;153.999;2;T;True;3
1621258452000;11610493;153.99;154.01;154.0;3;T;True;3
1621258453000;11610494;153.99;154.01;154.0;0;T;True;3
1621258454000;11610495;153.99;154.01;154.0;0;T;True;3
1621258455000;11610496;153.99;154.01;154.0;0;T;True;3
1621258456000;11610498;153.991;154.011;154.001;1;T;True;3
1621258457000;11610501;153.997;154.017;154.007;2;T;True;3
1621258458000;11610503;153.998;154.018;154.008;1;T;True;3
1621258459000;11610505;153.997;154.017;154.007;1;T;True;3
1621258460000;11610506;153.997;154.017;154.007;0;T;True;3
1621258461000;11610507;153.997;154.017;154.007;0;T;True;3
1621258462000;11610509;153.995;154.015;154.005;1;T;True;3
1621258463000;11610510;153.995;154.015;154.005;0;T;True;3
1621258464000;11610513;154.001;154.021;154.011;2;T;True;3
1621258465000;11610516;154.004;154.024;154.014;2;T;True;3
1621258466000;11610520;154.003;154.023;154.013;3;T;True;3
1621258467000;11610521;154.003;154.023;154.013;0;T;True;3
1621258468000;11610524;154.005;154.025;154.015;2;T;True;3
1621258469000;11610526;154.004;154.024;154.014;1;T;True;3
1621258470000;11610527;154.004;154.024;154.014;0;T;True;3
1621258471000;11610529;154.003;154.023;154.013;1;T;True;3
1621258472000;11610530;154.003;154.023;154.013;0;T;True;3
1621258473000;11610534;154.004;154.024;154.014;3;T;True;3
1621258474000;11610535;154.004;154.024;154.014;0;T;True;3
1621258475000;11610536;154.004;154.024;154.014;0;T;True;3
1621258476000;11610539;154.002;154.022;154.012;2;T;True;3
1621258477000;11610540;154.002;154.022;154.012;0;T;True;3
1621258478000;11610541;154.002;154.022;154.012;0;T;True;3
1621258479000;11610542;154.002;154.022;154.012;0;T;True;3
1621258480000;11610543;154.002;154.022;154.012;0;T;True;3
1621258481000;11610550;153.987;154.007;153.997;6;T;True;3
1621258482000;11610553;153.989;154.009;153.999;2;T;True;3
1621258483000;11610554;153.989;154.009;153.999;0;T;True;3
1621258484000;11610555;153.989;154.009;153.999;0;T;True;3
1621258485000;11610556;153.989;154.009;153.999;0;T;True;3
1621258486000;11610557;153.989;154.009;153.999;0;T;True;3
1621258487000;11610559;153.986;154.006;153.996;1;T;True;3
1621258488000;11610561;153.985;154.005;153.995;1;T;True;3
1621258489000;11610564;153.985;154.005;153.995;2;T;True;3
1621258490000;11610567;153.987;154.007;153.997;2;T;True;3
1621258491000;11610568;153.987;154.007;153.997;0;T;True;3
1621258492000;11610569;153.987;154.007;153.997;0;T;True;3
1621258493000;11610570;153.987;154.007;153.997;0;T;True;3
1621258494000;11610572;153.988;154.008;153.998;1;T;True;3
1621258495000;11610574;153.989;154.009;153.999;1;T;True;3
1621258496000;11610576;153.991;154.011;154.001;1;T;True;3
1621258497000;11610579;153.993;154.013;154.003;2;T;True;3
1621258498000;11610580;153.993;154.013;154.003;0;T;True;3
1621258499000;11610583;153.995;154.015;154.005;2;T;True;3
1621258500000;11610584;153.995;154.015;154.005;0;T;True;3
1621258501000;11610586;153.997;154.017;154.007;1;T;True;3
1621258502000;11610589;153.997;154.017;154.007;2;T;True;3
1621258503000;11610590;153.997;154.017;154.007;0;T;True;3
1621258504000;11610593;153.994;154.014;154.004;2;T;True;3
1621258505000;11610597;153.999;154.019;154.009;3;T;True;3
1621258506000;11610599;154.001;154.021;154.011;1;T;True;3
1621258507000;11610602;154.005;154.025;154.015;2;T;True;3
1621258508000;11610603;154.005;154.025;154.015;0;T;True;3
1621258509000;11610604;154.005;154.025;154.015;0;T;True;3
1621258510000;11610606;154.006;154.026;154.016;1;T;True;3
1621258511000;11610607;154.006;154.026;154.016;0;T;True;3
1621258512000;11610608;154.006;154.026;154.016;0;T;True;3
1621258513000;11610610;154.007;154.027;154.017;1;T;True;3
1621258514000;11610612;154.009;154.029;154.019;1;T;True;3
1621258515000;11610615;154.005;154.025;154.015;2;T;True;3
1621258516000;11610619;154.01;154.03;154.02;3;T;True;3
1621258517000;11610621;154.014;154.034;154.024;1;T;True;3
1621258518000;11610622;154.014;154.034;154.024;0;T;True;3
1621258519000;11610624;154.013;154.033;154.023;1;T;True;3
1621258520000;11610625;154.013;154.033;154.023;0;T;True;3
1621258521000;11610627;154.009;154.029;154.019;1;T;True;3
1621258522000;11610628;154.009;154.029;154.019;0;T;True;3
1621258523000;11610629;154.009;154.029;154.019;0;T;True;3
1621258524000;11610631;154.011;154.031;154.021;1;T;True;3
1621258525000;11610633;154.009;154.029;154.019;1;T;True;3
1621258526000;11610634;154.009;154.029;154.019;0;T;True;3
1621258527000;11610642;154.006;154.026;154.016;7;T;True;3
1621258528000;11610645;154.006;154.026;154.016;2;T;True;3
1621258529000;11610649;154.003;154.023;154.013;3;T;True;3
1621258530000;11610651;154.002;154.022;154.012;1;T;True;3
1621258531000;11610652;154.002;154.022;154.012;0;T;True;3
1621258532000;11610654;154.001;154.021;154.011;1;T;True;3
1621258533000;11610656;154.0;154.02;154.01;1;T;True;3
1621258534000;11610658;154.001;154.021;154.011;1;T;True;3
1621258535000;11610660;154.005;154.025;154.015;1;T;True;3
1621258536000;11610661;154.005;154.025;154.015;0;T;True;3
1621258537000;11610662;154.005;154.025;154.015;0;T;True;3
1621258538000;11610665;154.003;154.023;154.013;2;T;True;3
1621258539000;11610668;154.0;154.02;154.01;2;T;True;3
1621258540000;11610671;154.002;154.022;154.012;2;T;True;3
1621258541000;11610679;154.003;154.023;154.013;7;T;True;3
1621258542000;11610681;154.004;154.024;154.014;1;T;True;3
1621258543000;11610683;154.003;154.023;154.013;1;T;True;3
1621258544000;11610685;154.005;154.025;154.015;1;T;True;3
1621258545000;11610686;154.005;154.025;154.015;0;T;True;3
1621258546000;11610687;154.005;154.025;154.015;0;T;True;3
1621258547000;11610689;154.003;154.023;154.013;1;T;True;3
1621258548000;11610690;154.003;154.023;154.013;0;T;True;3
1621258549000;11610691;154.003;154.023;154.013;0;T;True;3
1621258550000;11610692;154.003;154.023;154.013;0;T;True;3
1621258551000;11610693;154.003;154.023;154.013;0;T;True;3
1621258552000;11610694;154.003;154.023;154.013;0;T;True;3
1621258553000;11610695;154.003;154.023;154.013;0;T;True;3
1621258554000;11610699;154.002;154.022;154.012;3;T;True;3
1621258555000;11610701;154.001;154.021;154.011;1;T;True;3
1621258556000;11610702;154.001;154.021;154.011;0;T;True;3
1621258557000;11610703;154.001;154.021;154.011;0;T;True;3
1621258558000;11610705;154.002;154.022;154.012;1;T;True;3
1621258559000;11610709;154.011;154.031;154.021;3;T;True;3
1621258560000;11610712;154.007;154.027;154.017;2;T;True;3
1621258561000;11610717;154.007;154.027;154.017;4;T;True;3
1621258562000;11610722;154.003;154.023;154.013;4;T;True;3
1621258563000;11610725;154.007;154.027;154.017;2;T;True;3
1621258564000;11610727;154.009;154.029;154.019;1;T;True;3
1621258565000;11610730;154.015;154.035;154.025;2;T;True;3
1621258566000;11610733;154.021;154.041;154.031;2;T;True;3
1621258567000;11610735;154.023;154.043;154.033;1;T;True;3
1621258568000;11610737;154.021;154.041;154.031;1;T;True;3
1621258569000;11610738;154.021;154.041;154.031;0;T;True;3
1621258570000;11610739;154.021;154.041;154.031;0;T;True;3
1621258571000;11610741;154.023;154.043;154.033;1;T;True;3
1621258572000;11610742;154.023;154.043;154.033;0;T;True;3
1621258573000;11610746;154.02;154.04;154.03;3;T;True;3
1621258574000;11610748;154.021;154.041;154.031;1;T;True;3
1621258575000;11610749;154.021;154.041;154.031;0;T;True;3
1621258576000;11610751;154.025;154.045;154.035;1;T;True;3
1621258577000;11610755;154.033;154.053;154.043;3;T;True;3
1621258578000;11610758;154.035;154.055;154.045;2;T;True;3
1621258579000;11610760;154.038;154.058;154.048;1;T;True;3
1621258580000;11610768;154.027;154.047;154.037;7;T;True;3
1621258581000;11610769;154.027;154.047;154.037;0;T;True;3
1621258582000;11610776;154.025;154.045;154.035;6;T;True;3
1621258583000;11610779;154.025;154.045;154.035;2;T;True;3
1621258584000;11610780;154.025;154.045;154.035;0;T;True;3
1621258585000;11610783;154.027;154.047;154.037;2;T;True;3
1621258586000;11610785;154.029;154.049;154.039;1;T;True;3
1621258587000;11610788;154.023;154.043;154.033;2;T;True;3
1621258588000;11610790;154.025;154.045;154.035;1;T;True;3
1621258589000;11610792;154.032;154.052;154.042;1;T;True;3
1621258590000;11610794;154.033;154.053;154.043;1;T;True;3
1621258591000;11610795;154.033;154.053;154.043;0;T;True;3
1621258592000;11610796;154.033;154.053;154.043;0;T;True;3
1621258593000;11610797;154.033;154.053;154.043;0;T;True;3
1621258594000;11610799;154.035;154.055;154.045;1;T;True;3
1621258595000;11610801;154.033;154.053;154.043;1;T;True;3
1621258596000;11610803;154.035;154.055;154.045;1;T;True;3
1621258597000;11610804;154.035;154.055;154.045;0;T;True;3
1621258598000;11610805;154.035;154.055;154.045;0;T;True;3
1621258599000;11610806;154.035;154.055;154.045;0;T;True;3
1621258600000;11610807;154.035;154.055;154.045;0;T;True;3
1621258601000;11610809;154.033;154.053;154.043;1;T;True;3
1621258602000;11610812;154.041;154.061;154.051;2;T;True;3
1621258603000;11610815;154.043;154.063;154.053;2;T;True;3
1621258604000;11610818;154.047;154.067;154.057;2;T;True;3
1621258605000;11610819;154.047;154.067;154.057;0;T;True;3
1621258606000;11610820;154.047;154.067;154.057;0;T;True;3
1621258607000;11610824;154.048;154.068;154.058;3;T;True;3
1621258608000;11610826;154.047;154.067;154.057;1;T;True;3
1621258609000;11610828;154.046;154.066;154.056;1;T;True;3
1621258610000;11610829;154.046;154.066;154.056;0;T;True;3
1621258611000;11610830;154.046;154.066;154.056;0;T;True;3
1621258612000;11610832;154.047;154.067;154.057;1;T;True;3
1621258613000;11610833;154.047;154.067;154.057;0;T;True;3
1621258614000;11610836;154.048;154.068;154.058;2;T;True;3
1621258615000;11610838;154.047;154.067;154.057;1;T;True;3
1621258616000;11610839;154.047;154.067;154.057;0;T;True;3
1621258617000;11610840;154.047;154.067;154.057;0;T;True;3
1621258618000;11610842;154.041;154.061;154.051;1;T;True;3
1621258619000;11610846;154.04;154.06;154.05;3;T;True;3
1621258620000;11610848;154.039;154.059;154.049;1;T;True;3
1621258621000;11610849;154.039;154.059;154.049;0;T;True;3
1621258622000;11610851;154.04;154.06;154.05;1;T;True;3
1621258623000;11610852;154.04;154.06;154.05;0;T;True;3
1621258624000;11610856;154.045;154.065;154.055;3;T;True;3
1621258625000;11610859;154.045;154.065;154.055;2;T;True;3
1621258626000;11610860;154.045;154.065;154.055;0;T;True;3
1621258627000;11610861;154.045;154.065;154.055;0;T;True;3
1621258628000;11610862;154.045;154.065;154.055;0;T;True;3
1621258629000;11610863;154.045;154.065;154.055;0;T;True;3
1621258630000;11610864;154.045;154.065;154.055;0;T;True;3
1621258631000;11610866;154.049;154.069;154.059;1;T;True;3
1621258632000;11610871;154.054;154.074;154.064;4;T;True;3
1621258633000;11610873;154.056;154.076;154.066;1;T;True;3
1621258634000;11610876;154.059;154.079;154.069;2;T;True;3
1621258635000;11610877;154.059;154.079;154.069;0;T;True;3
1621258636000;11610880;154.059;154.079;154.069;2;T;True;3
1621258637000;11610881;154.059;154.079;154.069;0;T;True;3
1621258638000;11610882;154.059;154.079;154.069;0;T;True;3
1621258639000;11610885;154.059;154.079;154.069;2;T;True;3
1621258640000;11610886;154.059;154.079;154.069;0;T;True;3
1621258641000;11610888;154.055;154.075;154.065;1;T;True;3
1621258642000;11610891;154.049;154.069;154.059;2;T;True;3
1621258643000;11610894;154.055;154.075;154.065;2;T;True;3
1621258644000;11610899;154.051;154.071;154.061;4;T;True;3
1621258645000;11610901;154.05;154.07;154.06;1;T;True;3
1621258646000;11610903;154.049;154.069;154.059;1;T;True;3
1621258647000;11610904;154.049;154.069;154.059;0;T;True;3
1621258648000;11610905;154.049;154.069;154.059;0;T;True;3
1621258649000;11610907;154.047;154.067;154.057;1;T;True;3
1621258650000;11610910;154.049;154.069;154.059;2;T;True;3
1621258651000;11610915;154.045;154.065;154.055;4;T;True;3
1621258652000;11610918;154.047;154.067;154.057;2;T;True;3
1621258653000;11610920;154.049;154.069;154.059;1;T;True;3
1621258654000;11610923;154.055;154.075;154.065;2;T;True;3
1621258655000;11610928;154.055;154.075;154.065;4;T;True;3
1621258656000;11610931;154.055;154.075;154.065;2;T;True;3
1621258657000;11610933;154.053;154.073;154.063;1;T;True;3
1621258658000;11610936;154.053;154.073;154.063;2;T;True;3
1621258659000;11610938;154.051;154.071;154.061;1;T;True;3
1621258660000;11610940;154.049;154.069;154.059;1;T;True;3
1621258661000;11610941;154.049;154.069;154.059;0;T;True;3
1621258662000;11610942;154.049;154.069;154.059;0;T;True;3
1621258663000;11610943;154.049;154.069;154.059;0;T;True;3
1621258664000;11610944;154.049;154.069;154.059;0;T;True;3
1621258665000;11610945;154.049;154.069;154.059;0;T;True;3
1621258666000;11610949;154.048;154.068;154.058;3;T;True;3
1621258667000;11610953;154.042;154.062;154.052;3;T;True;3
1621258668000;11610959;154.027;154.047;154.037;5;T;True;3
1621258669000;11610960;154.027;154.047;154.037;0;T;True;3
1621258670000;11610961;154.027;154.047;154.037;0;T;True;3
1621258671000;11610963;154.029;154.049;154.039;1;T;True;3
1621258672000;11610964;154.029;154.049;154.039;0;T;True;3
1621258673000;11610965;154.029;154.049;154.039;0;T;True;3
1621258674000;11610968;154.035;154.055;154.045;2;T;True;3
1621258675000;11610971;154.039;154.059;154.049;2;T;True;3
1621258676000;11610972;154.039;154.059;154.049;0;T;True;3
1621258677000;11610974;154.041;154.061;154.051;1;T;True;3
1621258678000;11610975;154.041;154.061;154.051;0;T;True;3
1621258679000;11610976;154.041;154.061;154.051;0;T;True;3
1621258680000;11610978;154.039;154.059;154.049;1;T;True;3
1621258681000;11610979;154.039;154.059;154.049;0;T;True;3
1621258682000;11610981;154.036;154.056;154.046;1;T;True;3
1621258683000;11610982;154.036;154.056;154.046;0;T;True;3
1621258684000;11610983;154.036;154.056;154.046;0;T;True;3
1621258685000;11610985;154.037;154.057;154.047;1;T;True;3
1621258686000;11610990;154.029;154.049;154.039;4;T;True;3
1621258687000;11610991;154.029;154.049;154.039;0;T;True;3
1621258688000;11610993;154.028;154.048;154.038;1;T;True;3
1621258689000;11610994;154.028;154.048;154.038;0;T;True;3
1621258690000;11610995;154.028;154.048;154.038;0;T;True;3
1621258691000;11610997;154.027;154.047;154.037;1;T;True;3
1621258692000;11610998;154.027;154.047;154.037;0;T;True;3
1621258693000;11610999;154.027;154.047;154.037;0;T;True;3
1621258694000;11611001;154.023;154.043;154.033;1;T;True;3
1621258695000;11611002;154.023;154.043;154.033;0;T;True;3
1621258696000;11611004;154.019;154.039;154.029;1;T;True;3
1621258697000;11611007;154.023;154.043;154.033;2;T;True;3
1621258698000;11611008;154.023;154.043;154.033;0;T;True;3
1621258699000;11611013;154.022;154.042;154.032;4;T;True;3
1621258700000;11611016;154.025;154.045;154.035;2;T;True;3
1621258701000;11611018;154.027;154.047;154.037;1;T;True;3
1621258702000;11611019;154.027;154.047;154.037;0;T;True;3
1621258703000;11611022;154.028;154.048;154.038;2;T;True;3
1621258704000;11611023;154.028;154.048;154.038;0;T;True;3
1621258705000;11611030;154.033;154.053;154.043;6;T;True;3
1621258706000;11611032;154.027;154.047;154.037;1;T;True;3
1621258707000;11611034;154.025;154.045;154.035;1;T;True;3
1621258708000;11611035;154.025;154.045;154.035;0;T;True;3
1621258709000;11611037;154.023;154.043;154.033;1;T;True;3
1621258710000;11611038;154.023;154.043;154.033;0;T;True;3
1621258711000;11611041;154.029;154.049;154.039;2;T;True;3
1621258712000;11611042;154.029;154.049;154.039;0;T;True;3
1621258713000;11611047;154.032;154.052;154.042;4;T;True;3
1621258714000;11611048;154.032;154.052;154.042;0;T;True;3
1621258715000;11611049;154.032;154.052;154.042;0;T;True;3
1621258716000;11611050;154.032;154.052;154.042;0;T;True;3
1621258717000;11611052;154.031;154.051;154.041;1;T;True;3
1621258718000;11611053;154.031;154.051;154.041;0;T;True;3
1621258719000;11611054;154.031;154.051;154.041;0;T;True;3
1621258720000;11611055;154.031;154.051;154.041;0;T;True;3
1621258721000;11611058;154.029;154.049;154.039;2;T;True;3
1621258722000;11611060;154.027;154.047;154.037;1;T;True;3
1621258723000;11611064;154.031;154.051;154.041;3;T;True;3
1621258724000;11611067;154.035;154.055;154.045;2;T;True;3
1621258725000;11611069;154.033;154.053;154.043;1;T;True;3
1621258726000;11611070;154.033;154.053;154.043;0;T;True;3
1621258727000;11611071;154.033;154.053;154.043;0;T;True;3
1621258728000;11611073;154.032;154.052;154.042;1;T;True;3
1621258729000;11611074;154.032;154.052;154.042;0;T;True;3
1621258730000;11611075;154.032;154.052;154.042;0;T;True;3
1621258731000;11611077;154.031;154.051;154.041;1;T;True;3
1621258732000;11611078;154.031;154.051;154.041;0;T;True;3
1621258733000;11611079;154.031;154.051;154.041;0;T;True;3
1621258734000;11611082;154.031;154.051;154.041;2;T;True;3
1621258735000;11611083;154.031;154.051;154.041;0;T;True;3
1621258736000;11611085;154.03;154.05;154.04;1;T;True;3
1621258737000;11611086;154.03;154.05;154.04;0;T;True;3
1621258738000;11611087;154.03;154.05;154.04;0;T;True;3
1621258739000;11611091;154.023;154.043;154.033;3;T;True;3
1621258740000;11611093;154.025;154.045;154.035;1;T;True;3
1621258741000;11611095;154.027;154.047;154.037;1;T;True;3
1621258742000;11611097;154.025;154.045;154.035;1;T;True;3
1621258743000;11611098;154.025;154.045;154.035;0;T;True;3
1621258744000;11611099;154.025;154.045;154.035;0;T;True;3
1621258745000;11611101;154.027;154.047;154.037;1;T;True;3
1621258746000;11611106;154.039;154.059;154.049;4;T;True;3
1621258747000;11611108;154.04;154.06;154.05;1;T;True;3
1621258748000;11611110;154.039;154.059;154.049;1;T;True;3
1621258749000;11611111;154.039;154.059;154.049;0;T;True;3
1621258750000;11611113;154.036;154.056;154.046;1;T;True;3
1621258751000;11611117;154.034;154.054;154.044;3;T;True;3
1621258752000;11611121;154.033;154.053;154.043;3;T;True;3
1621258753000;11611122;154.033;154.053;154.043;0;T;True;3
1621258754000;11611123;154.033;154.053;154.043;0;T;True;3
1621258755000;11611126;154.033;154.053;154.043;2;T;True;3
1621258756000;11611127;154.033;154.053;154.043;0;T;True;3
1621258757000;11611128;154.033;154.053;154.043;0;T;True;3
1621258758000;11611129;154.033;154.053;154.043;0;T;True;3
1621258759000;11611130;154.033;154.053;154.043;0;T;True;3
1621258760000;11611131;154.033;154.053;154.043;0;T;True;3
1621258761000;11611133;154.034;154.054;154.044;1;T;True;3
1621258762000;11611137;154.033;154.053;154.043;3;T;True;3
1621258763000;11611138;154.033;154.053;154.043;0;T;True;3
1621258764000;11611139;154.033;154.053;154.043;0;T;True;3
1621258765000;11611141;154.031;154.051;154.041;1;T;True;3
1621258766000;11611143;154.029;154.049;154.039;1;T;True;3
1621258767000;11611145;154.028;154.048;154.038;1;T;True;3
1621258768000;11611147;154.029;154.049;154.039;1;T;True;3
1621258769000;11611149;154.027;154.047;154.037;1;T;True;3
1621258770000;11611151;154.026;154.046;154.036;1;T;True;3
1621258771000;11611152;154.026;154.046;154.036;0;T;True;3
1621258772000;11611154;154.025;154.045;154.035;1;T;True;3
1621258773000;11611155;154.025;154.045;154.035;0;T;True;3
1621258774000;11611156;154.025;154.045;154.035;0;T;True;3
1621258775000;11611157;154.025;154.045;154.035;0;T;True;3
1621258776000;11611159;154.027;154.047;154.037;1;T;True;3
1621258777000;11611161;154.028;154.048;154.038;1;T;True;3
1621258778000;11611162;154.028;154.048;154.038;0;T;True;3
1621258779000;11611163;154.028;154.048;154.038;0;T;True;3
1621258780000;11611164;154.028;154.048;154.038;0;T;True;3
1621258781000;11611165;154.028;154.048;154.038;0;T;True;3
1621258782000;11611166;154.028;154.048;154.038;0;T;True;3
1621258783000;11611167;154.028;154.048;154.038;0;T;True;3
1621258784000;11611168;154.028;154.048;154.038;0;T;True;3
1621258785000;11611172;154.033;154.053;154.043;3;T;True;3
1621258786000;11611174;154.031;154.051;154.041;1;T;True;3
1621258787000;11611175;154.031;154.051;154.041;0;T;True;3
1621258788000;11611177;154.033;154.053;154.043;1;T;True;3
1621258789000;11611178;154.033;154.053;154.043;0;T;True;3
1621258790000;11611179;154.033;154.053;154.043;0;T;True;3
1621258791000;11611181;154.032;154.052;154.042;1;T;True;3
1621258792000;11611183;154.035;154.055;154.045;1;T;True;3
1621258793000;11611184;154.035;154.055;154.045;0;T;True;3
1621258794000;11611185;154.035;154.055;154.045;0;T;True;3
1621258795000;11611189;154.032;154.052;154.042;3;T;True;3
1621258796000;11611190;154.032;154.052;154.042;0;T;True;3
1621258797000;11611191;154.032;154.052;154.042;0;T;True;3
1621258798000;11611192;154.032;154.052;154.042;0;T;True;3
1621258799000;11611194;154.033;154.053;154.043;1;T;True;3
1621258800000;11611195;154.033;154.053;154.043;0;T;True;3
1621258801000;11611198;154.033;154.053;154.043;2;T;True;3
1621258802000;11611201;154.031;154.051;154.041;2;T;True;3
1621258803000;11611203;154.032;154.052;154.042;1;T;True;3
1621258804000;11611204;154.032;154.052;154.042;0;T;True;3
1621258805000;11611206;154.033;154.053;154.043;1;T;True;3
1621258806000;11611207;154.033;154.053;154.043;0;T;True;3
1621258807000;11611208;154.033;154.053;154.043;0;T;True;3
1621258808000;11611212;154.039;154.059;154.049;3;T;True;3
1621258809000;11611213;154.039;154.059;154.049;0;T;True;3
1621258810000;11611217;154.043;154.063;154.053;3;T;True;3
1621258811000;11611218;154.043;154.063;154.053;0;T;True;3
1621258812000;11611221;154.043;154.063;154.053;2;T;True;3
1621258813000;11611226;154.033;154.053;154.043;4;T;True;3
1621258814000;11611228;154.031;154.051;154.041;1;T;True;3
1621258815000;11611229;154.031;154.051;154.041;0;T;True;3
1621258816000;11611231;154.03;154.05;154.04;1;T;True;3
1621258817000;11611233;154.029;154.049;154.039;1;T;True;3
1621258818000;11611235;154.027;154.047;154.037;1;T;True;3
1621258819000;11611238;154.023;154.043;154.033;2;T;True;3
1621258820000;11611239;154.023;154.043;154.033;0;T;True;3
1621258821000;11611241;154.017;154.037;154.027;1;T;True;3
1621258822000;11611242;154.017;154.037;154.027;0;T;True;3
1621258823000;11611243;154.017;154.037;154.027;0;T;True;3
1621258824000;11611244;154.017;154.037;154.027;0;T;True;3
1621258825000;11611245;154.017;154.037;154.027;0;T;True;3
1621258826000;11611246;154.017;154.037;154.027;0;T;True;3
1621258827000;11611248;154.015;154.035;154.025;1;T;True;3
1621258828000;11611253;154.015;154.035;154.025;4;T;True;3
1621258829000;11611255;154.013;154.033;154.023;1;T;True;3
1621258830000;11611256;154.013;154.033;154.023;0;T;True;3
1621258831000;11611262;154.009;154.029;154.019;5;T;True;3
1621258832000;11611265;154.006;154.026;154.016;2;T;True;3
1621258833000;11611266;154.006;154.026;154.016;0;T;True;3
1621258834000;11611270;153.999;154.019;154.009;3;T;True;3
1621258835000;11611273;154.001;154.021;154.011;2;T;True;3
1621258836000;11611274;154.001;154.021;154.011;0;T;True;3
1621258837000;11611275;154.001;154.021;154.011;0;T;True;3
1621258838000;11611276;154.001;154.021;154.011;0;T;True;3
1621258839000;11611281;154.001;154.021;154.011;4;T;True;3
1621258840000;11611284;153.998;154.018;154.008;2;T;True;3
1621258841000;11611287;153.993;154.013;154.003;2;T;True;3
1621258842000;11611291;153.995;154.015;154.005;3;T;True;3
1621258843000;11611293;153.992;154.012;154.002;1;T;True;3
1621258844000;11611296;153.987;154.007;153.997;2;T;True;3
1621258845000;11611297;153.987;154.007;153.997;0;T;True;3
1621258846000;11611298;153.987;154.007;153.997;0;T;True;3
1621258847000;11611299;153.987;154.007;153.997;0;T;True;3
1621258848000;11611300;153.987;154.007;153.997;0;T;True;3
1621258849000;11611304;153.993;154.013;154.003;3;T;True;3
1621258850000;11611306;153.991;154.011;154.001;1;T;True;3
1621258851000;11611308;153.99;154.01;154.0;1;T;True;3
1621258852000;11611310;153.993;154.013;154.003;1;T;True;3
1621258853000;11611313;153.996;154.016;154.006;2;T;True;3
1621258854000;11611314;153.996;154.016;154.006;0;T;True;3
1621258855000;11611315;153.996;154.016;154.006;0;T;True;3
1621258856000;11611321;154.001;154.021;154.011;5;T;True;3
1621258857000;11611323;154.0;154.02;154.01;1;T;True;3
1621258858000;11611326;153.998;154.018;154.008;2;T;True;3
1621258859000;11611329;154.0;154.02;154.01;2;T;True;3
1621258860000;11611335;154.001;154.021;154.011;5;T;True;3
1621258861000;11611336;154.001;154.021;154.011;0;T;True;3
1621258862000;11611340;154.0;154.02;154.01;3;T;True;3
1621258863000;11611347;153.997;154.017;154.007;6;T;True;3
1621258864000;11611350;153.991;154.011;154.001;2;T;True;3
1621258865000;11611353;153.985;154.005;153.995;2;T;True;3
1621258866000;11611354;153.985;154.005;153.995;0;T;True;3
1621258867000;11611355;153.985;154.005;153.995;0;T;True;3
1621258868000;11611356;153.985;154.005;153.995;0;T;True;3
1621258869000;11611357;153.985;154.005;153.995;0;T;True;3
1621258870000;11611359;153.987;154.007;153.997;1;T;True;3
1621258871000;11611360;153.987;154.007;153.997;0;T;True;3
1621258872000;11611363;153.985;154.005;153.995;2;T;True;3
1621258873000;11611364;153.985;154.005;153.995;0;T;True;3
1621258874000;11611366;153.984;154.004;153.994;1;T;True;3
1621258875000;11611368;153.985;154.005;153.995;1;T;True;3
1621258876000;11611369;153.985;154.005;153.995;0;T;True;3
1621258877000;11611371;153.989;154.009;153.999;1;T;True;3
1621258878000;11611374;153.985;154.005;153.995;2;T;True;3
1621258879000;11611376;153.983;154.003;153.993;1;T;True;3
1621258880000;11611377;153.983;154.003;153.993;0;T;True;3
1621258881000;11611380;153.983;154.003;153.993;2;T;True;3
1621258882000;11611384;153.982;154.002;153.992;3;T;True;3
1621258883000;11611387;153.979;153.999;153.989;2;T;True;3
1621258884000;11611391;153.977;153.997;153.987;3;T;True;3
1621258885000;11611393;153.979;153.999;153.989;1;T;True;3
1621258886000;11611394;153.979;153.999;153.989;0;T;True;3
1621258887000;11611395;153.979;153.999;153.989;0;T;True;3
1621258888000;11611397;153.977;153.997;153.987;1;T;True;3
1621258889000;11611398;153.977;153.997;153.987;0;T;True;3
1621258890000;11611399;153.977;153.997;153.987;0;T;True;3
1621258891000;11611400;153.977;153.997;153.987;0;T;True;3
1621258892000;11611404;153.971;153.991;153.981;3;T;True;3
1621258893000;11611406;153.977;153.997;153.987;1;T;True;3
1621258894000;11611416;153.955;153.975;153.965;9;T;True;3
1621258895000;11611418;153.957;153.977;153.967;1;T;True;3
1621258896000;11611420;153.963;153.983;153.973;1;T;True;3
1621258897000;11611421;153.963;153.983;153.973;0;T;True;3
1621258898000;11611423;153.964;153.984;153.974;1;T;True;3
1621258899000;11611426;153.962;153.982;153.972;2;T;True;3
1621258900000;11611427;153.962;153.982;153.972;0;T;True;3
1621258901000;11611428;153.962;153.982;153.972;0;T;True;3
1621258902000;11611429;153.962;153.982;153.972;0;T;True;3
1621258903000;11611431;153.963;153.983;153.973;1;T;True;3
1621258904000;11611432;153.963;153.983;153.973;0;T;True;3
1621258905000;11611434;153.964;153.984;153.974;1;T;True;3
1621258906000;11611435;153.964;153.984;153.974;0;T;True;3
1621258907000;11611437;153.965;153.985;153.975;1;T;True;3
1621258908000;11611439;153.966;153.986;153.976;1;T;True;3
1621258909000;11611440;153.966;153.986;153.976;0;T;True;3
1621258910000;11611441;153.966;153.986;153.976;0;T;True;3
1621258911000;11611443;153.965;153.985;153.975;1;T;True;3
1621258912000;11611446;153.961;153.981;153.971;2;T;True;3
1621258913000;11611449;153.961;153.981;153.971;2;T;True;3
1621258914000;11611451;153.96;153.98;153.97;1;T;True;3
1621258915000;11611455;153.959;153.979;153.969;3;T;True;3
1621258916000;11611456;153.959;153.979;153.969;0;T;True;3
1621258917000;11611458;153.96;153.98;153.97;1;T;True;3
1621258918000;11611460;153.961;153.981;153.971;1;T;True;3
1621258919000;11611463;153.969;153.989;153.979;2;T;True;3
1621258920000;11611464;153.969;153.989;153.979;0;T;True;3
1621258921000;11611467;153.967;153.987;153.977;2;T;True;3
1621258922000;11611468;153.967;153.987;153.977;0;T;True;3
1621258923000;11611473;153.979;153.999;153.989;4;T;True;3
1621258924000;11611475;153.981;154.001;153.991;1;T;True;3
1621258925000;11611477;153.979;153.999;153.989;1;T;True;3
1621258926000;11611478;153.979;153.999;153.989;0;T;True;3
1621258927000;11611479;153.979;153.999;153.989;0;T;True;3
1621258928000;11611480;153.979;153.999;153.989;0;T;True;3
1621258929000;11611481;153.979;153.999;153.989;0;T;True;3
1621258930000;11611482;153.979;153.999;153.989;0;T;True;3
1621258931000;11611483;153.979;153.999;153.989;0;T;True;3
1621258932000;11611486;153.973;153.993;153.983;2;T;True;3
1621258933000;11611488;153.975;153.995;153.985;1;T;True;3
1621258934000;11611490;153.972;153.992;153.982;1;T;True;3
1621258935000;11611492;153.973;153.993;153.983;1;T;True;3
1621258936000;11611493;153.973;153.993;153.983;0;T;True;3
1621258937000;11611495;153.971;153.991;153.981;1;T;True;3
1621258938000;11611496;153.971;153.991;153.981;0;T;True;3
1621258939000;11611499;153.963;153.983;153.973;2;T;True;3
1621258940000;11611502;153.964;153.984;153.974;2;T;True;3
1621258941000;11611503;153.964;153.984;153.974;0;T;True;3
1621258942000;11611504;153.964;153.984;153.974;0;T;True;3
1621258943000;11611508;153.965;153.985;153.975;3;T;True;3
1621258944000;11611509;153.965;153.985;153.975;0;T;True;3
1621258945000;11611510;153.965;153.985;153.975;0;T;True;3
1621258946000;11611512;153.967;153.987;153.977;1;T;True;3
1621258947000;11611514;153.966;153.986;153.976;1;T;True;3
1621258948000;11611517;153.965;153.985;153.975;2;T;True;3
1621258949000;11611519;153.963;153.983;153.973;1;T;True;3
1621258950000;11611524;153.951;153.971;153.961;4;T;True;3
1621258951000;11611526;153.953;153.973;153.963;1;T;True;3
1621258952000;11611528;153.952;153.972;153.962;1;T;True;3
1621258953000;11611531;153.957;153.977;153.967;2;T;True;3
1621258954000;11611532;153.957;153.977;153.967;0;T;True;3
1621258955000;11611536;153.961;153.981;153.971;3;T;True;3
1621258956000;11611537;153.961;153.981;153.971;0;T;True;3
1621258957000;11611540;153.963;153.983;153.973;2;T;True;3
1621258958000;11611544;153.96;153.98;153.97;3;T;True;3
1621258959000;11611546;153.957;153.977;153.967;1;T;True;3
1621258960000;11611548;153.956;153.976;153.966;1;T;True;3
1621258961000;11611549;153.956;153.976;153.966;0;T;True;3
1621258962000;11611550;153.956;153.976;153.966;0;T;True;3
1621258963000;11611551;153.956;153.976;153.966;0;T;True;3
1621258964000;11611553;153.957;153.977;153.967;1;T;True;3
1621258965000;11611554;153.957;153.977;153.967;0;T;True;3
1621258966000;11611555;153.957;153.977;153.967;0;T;True;3
1621258967000;11611557;153.955;153.975;153.965;1;T;True;3
1621258968000;11611562;153.959;153.979;153.969;4;T;True;3
1621258969000;11611565;153.963;153.983;153.973;2;T;True;3
1621258970000;11611566;153.963;153.983;153.973;0;T;True;3
1621258971000;11611570;153.966;153.986;153.976;3;T;True;3
1621258972000;11611573;153.963;153.983;153.973;2;T;True;3
1621258973000;11611574;153.963;153.983;153.973;0;T;True;3
1621258974000;11611577;153.961;153.981;153.971;2;T;True;3
1621258975000;11611578;153.961;153.981;153.971;0;T;True;3
1621258976000;11611579;153.961;153.981;153.971;0;T;True;3
1621258977000;11611581;153.96;153.98;153.97;1;T;True;3
1621258978000;11611582;153.96;153.98;153.97;0;T;True;3
1621258979000;11611584;153.961;153.981;153.971;1;T;True;3
1621258980000;11611585;153.961;153.981;153.971;0;T;True;3
1621258981000;11611587;153.96;153.98;153.97;1;T;True;3
1621258982000;11611589;153.961;153.981;153.971;1;T;True;3
1621258983000;11611590;153.961;153.981;153.971;0;T;True;3
1621258984000;11611591;153.961;153.981;153.971;0;T;True;3
1621258985000;11611592;153.961;153.981;153.971;0;T;True;3
1621258986000;11611593;153.961;153.981;153.971;0;T;True;3
1621258987000;11611594;153.961;153.981;153.971;0;T;True;3
1621258988000;11611596;153.959;153.979;153.969;1;T;True;3
1621258989000;11611597;153.959;153.979;153.969;0;T;True;3
1621258990000;11611599;153.961;153.981;153.971;1;T;True;3
1621258991000;11611600;153.961;153.981;153.971;0;T;True;3
1621258992000;11611602;153.96;153.98;153.97;1;T;True;3
1621258993000;11611604;153.961;153.981;153.971;1;T;True;3
1621258994000;11611605;153.961;153.981;153.971;0;T;True;3
1621258995000;11611606;153.961;153.981;153.971;0;T;True;3
1621258996000;11611607;153.961;153.981;153.971;0;T;True;3
1621258997000;11611608;153.961;153.981;153.971;0;T;True;3
1621258998000;11611611;153.958;153.978;153.968;2;T;True;3
1621258999000;11611612;153.958;153.978;153.968;0;T;True;3
1621259000000;11611613;153.958;153.978;153.968;0;T;True;3
1621259001000;11611615;153.957;153.977;153.967;1;T;True;3
1621259002000;11611617;153.95;153.97;153.96;1;T;True;3
1621259003000;11611618;153.95;153.97;153.96;0;T;True;3
1621259004000;11611619;153.95;153.97;153.96;0;T;True;3
1621259005000;11611620;153.95;153.97;153.96;0;T;True;3
1621259006000;11611623;153.943;153.963;153.953;2;T;True;3
1621259007000;11611624;153.943;153.963;153.953;0;T;True;3
1621259008000;11611625;153.943;153.963;153.953;0;T;True;3
1621259009000;11611628;153.939;153.959;153.949;2;T;True;3
1621259010000;11611631;153.939;153.959;153.949;2;T;True;3
1621259011000;11611633;153.941;153.961;153.951;1;T;True;3
1621259012000;11611636;153.935;153.955;153.945;2;T;True;3
1621259013000;11611640;153.929;153.949;153.939;3;T;True;3
1621259014000;11611641;153.929;153.949;153.939;0;T;True;3
1621259015000;11611642;153.929;153.949;153.939;0;T;True;3
1621259016000;11611643;153.929;153.949;153.939;0;T;True;3
1621259017000;11611644;153.929;153.949;153.939;0;T;True;3
1621259018000;11611645;153.929;153.949;153.939;0;T;True;3
1621259019000;11611646;153.929;153.949;153.939;0;T;True;3
1621259020000;11611647;153.929;153.949;153.939;0;T;True;3
1621259021000;11611648;153.929;153.949;153.939;0;T;True;3
1621259022000;11611649;153.929;153.949;153.939;0;T;True;3
1621259023000;11611652;153.933;153.953;153.943;2;T;True;3
1621259024000;11611653;153.933;153.953;153.943;0;T;True;3
1621259025000;11611655;153.931;153.951;153.941;1;T;True;3
1621259026000;11611656;153.931;153.951;153.941;0;T;True;3
1621259027000;11611658;153.932;153.952;153.942;1;T;True;3
1621259028000;11611661;153.93;153.95;153.94;2;T;True;3
1621259029000;11611664;153.93;153.95;153.94;2;T;True;3
1621259030000;11611666;153.931;153.951;153.941;1;T;True;3
1621259031000;11611667;153.931;153.951;153.941;0;T;True;3
1621259032000;11611668;153.931;153.951;153.941;0;T;True;3
1621259033000;11611671;153.933;153.953;153.943;2;T;True;3
1621259034000;11611674;153.936;153.956;153.946;2;T;True;3
1621259035000;11611677;153.939;153.959;153.949;2;T;True;3
1621259036000;11611682;153.949;153.969;153.959;4;T;True;3
1621259037000;11611683;153.949;153.969;153.959;0;T;True;3
1621259038000;11611684;153.949;153.969;153.959;0;T;True;3
1621259039000;11611685;153.949;153.969;153.959;0;T;True;3
1621259040000;11611686;153.949;153.969;153.959;0;T;True;3
1621259041000;11611687;153.949;153.969;153.959;0;T;True;3
1621259042000;11611689;153.946;153.966;153.956;1;T;True;3
1621259043000;11611690;153.946;153.966;153.956;0;T;True;3
1621259044000;11611692;153.947;153.967;153.957;1;T;True;3
1621259045000;11611695;153.954;153.974;153.964;2;T;True;3
1621259046000;11611698;153.957;153.977;153.967;2;T;True;3
1621259047000;11611700;153.958;153.978;153.968;1;T;True;3
1621259048000;11611707;153.965;153.985;153.975;6;T;True;3
1621259049000;11611711;153.963;153.983;153.973;3;T;True;3
1621259050000;11611713;153.965;153.985;153.975;1;T;True;3
1621259051000;11611716;153.965;153.985;153.975;2;T;True;3
1621259052000;11611717;153.965;153.985;153.975;0;T;True;3
1621259053000;11611719;153.963;153.983;153.973;1;T;True;3
1621259054000;11611720;153.963;153.983;153.973;0;T;True;3
1621259055000;11611723;153.955;153.975;153.965;2;T;True;3
1621259056000;11611724;153.955;153.975;153.965;0;T;True;3
1621259057000;11611725;153.955;153.975;153.965;0;T;True;3
1621259058000;11611727;153.953;153.973;153.963;1;T;True;3
1621259059000;11611729;153.949;153.969;153.959;1;T;True;3
1621259060000;11611731;153.953;153.973;153.963;1;T;True;3
1621259061000;11611732;153.953;153.973;153.963;0;T;True;3
1621259062000;11611736;153.953;153.973;153.963;3;T;True;3
1621259063000;11611737;153.953;153.973;153.963;0;T;True;3
1621259064000;11611738;153.953;153.973;153.963;0;T;True;3
1621259065000;11611742;153.953;153.973;153.963;3;T;True;3
1621259066000;11611743;153.953;153.973;153.963;0;T;True;3
1621259067000;11611745;153.952;153.972;153.962;1;T;True;3
1621259068000;11611746;153.952;153.972;153.962;0;T;True;3
1621259069000;11611748;153.953;153.973;153.963;1;T;True;3
1621259070000;11611749;153.953;153.973;153.963;0;T;True;3
1621259071000;11611750;153.953;153.973;153.963;0;T;True;3
1621259072000;11611751;153.953;153.973;153.963;0;T;True;3
1621259073000;11611752;153.953;153.973;153.963;0;T;True;3
1621259074000;11611755;153.957;153.977;153.967;2;T;True;3
1621259075000;11611760;153.959;153.979;153.969;4;T;True;3
1621259076000;11611762;153.957;153.977;153.967;1;T;True;3
1621259077000;11611763;153.957;153.977;153.967;0;T;True;3
1621259078000;11611764;153.957;153.977;153.967;0;T;True;3
1621259079000;11611766;153.958;153.978;153.968;1;T;True;3
1621259080000;11611770;153.961;153.981;153.971;3;T;True;3
1621259081000;11611773;153.959;153.979;153.969;2;T;True;3
1621259082000;11611774;153.959;153.979;153.969;0;T;True;3
1621259083000;11611777;153.963;153.983;153.973;2;T;True;3
1621259084000;11611778;153.963;153.983;153.973;0;T;True;3
1621259085000;11611780;153.964;153.984;153.974;1;T;True;3
1621259086000;11611781;153.964;153.984;153.974;0;T;True;3
1621259087000;11611782;153.964;153.984;153.974;0;T;True;3
1621259088000;11611784;153.963;153.983;153.973;1;T;True;3
1621259089000;11611787;153.965;153.985;153.975;2;T;True;3
1621259090000;11611788;153.965;153.985;153.975;0;T;True;3
1621259091000;11611790;153.966;153.986;153.976;1;T;True;3
1621259092000;11611792;153.967;153.987;153.977;1;T;True;3
1621259093000;11611793;153.967;153.987;153.977;0;T;True;3
1621259094000;11611794;153.967;153.987;153.977;0;T;True;3
1621259095000;11611795;153.967;153.987;153.977;0;T;True;3
1621259096000;11611796;153.967;153.987;153.977;0;T;True;3
1621259097000;11611800;153.964;153.984;153.974;3;T;True;3
1621259098000;11611801;153.964;153.984;153.974;0;T;True;3
1621259099000;11611802;153.964;153.984;153.974;0;T;True;3
1621259100000;11611803;153.964;153.984;153.974;0;T;True;3
1621259101000;11611808;153.963;153.983;153.973;4;T;True;3
1621259102000;11611811;153.963;153.983;153.973;2;T;True;3
1621259103000;11611813;153.965;153.985;153.975;1;T;True;3
1621259104000;11611815;153.967;153.987;153.977;1;T;True;3
1621259105000;11611816;153.967;153.987;153.977;0;T;True;3
1621259106000;11611818;153.969;153.989;153.979;1;T;True;3
1621259107000;11611820;153.968;153.988;153.978;1;T;True;3
1621259108000;11611821;153.968;153.988;153.978;0;T;True;3
1621259109000;11611822;153.968;153.988;153.978;0;T;True;3
1621259110000;11611823;153.968;153.988;153.978;0;T;True;3
1621259111000;11611824;153.968;153.988;153.978;0;T;True;3
1621259112000;11611827;153.971;153.991;153.981;2;T;True;3
1621259113000;11611833;153.979;153.999;153.989;5;T;True;3
1621259114000;11611836;153.98;154.0;153.99;2;T;True;3
1621259115000;11611837;153.98;154.0;153.99;0;T;True;3
1621259116000;11611838;153.98;154.0;153.99;0;T;True;3
1621259117000;11611840;153.981;154.001;153.991;1;T;True;3
1621259118000;11611842;153.985;154.005;153.995;1;T;True;3
1621259119000;11611845;153.985;154.005;153.995;2;T;True;3
1621259120000;11611846;153.985;154.005;153.995;0;T;True;3
1621259121000;11611847;153.985;154.005;153.995;0;T;True;3
1621259122000;11611850;153.987;154.007;153.997;2;T;True;3
1621259123000;11611851;153.987;154.007;153.997;0;T;True;3
1621259124000;11611852;153.987;154.007;153.997;0;T;True;3
1621259125000;11611856;153.988;154.008;153.998;3;T;True;3
1621259126000;11611857;153.988;154.008;153.998;0;T;True;3
1621259127000;11611858;153.988;154.008;153.998;0;T;True;3
1621259128000;11611859;153.988;154.008;153.998;0;T;True;3
1621259129000;11611864;153.983;154.003;153.993;4;T;True;3
1621259130000;11611866;153.98;154.0;153.99;1;T;True;3
1621259131000;11611872;153.965;153.985;153.975;5;T;True;3
1621259132000;11611873;153.965;153.985;153.975;0;T;True;3
1621259133000;11611875;153.967;153.987;153.977;1;T;True;3
1621259134000;11611876;153.967;153.987;153.977;0;T;True;3
1621259135000;11611878;153.969;153.989;153.979;1;T;True;3
1621259136000;11611879;153.969;153.989;153.979;0;T;True;3
1621259137000;11611880;153.969;153.989;153.979;0;T;True;3
1621259138000;11611881;153.969;153.989;153.979;0;T;True;3
1621259139000;11611882;153.969;153.989;153.979;0;T;True;3
1621259140000;11611883;153.969;153.989;153.979;0;T;True;3
1621259141000;11611886;153.973;153.993;153.983;2;T;True;3
1621259142000;11611889;153.965;153.985;153.975;2;T;True;3
1621259143000;11611890;153.965;153.985;153.975;0;T;True;3
1621259144000;11611891;153.965;153.985;153.975;0;T;True;3
1621259145000;11611892;153.965;153.985;153.975;0;T;True;3
1621259146000;11611893;153.965;153.985;153.975;0;T;True;3
1621259147000;11611894;153.965;153.985;153.975;0;T;True;3
1621259148000;11611895;153.965;153.985;153.975;0;T;True;3
1621259149000;11611896;153.965;153.985;153.975;0;T;True;3
1621259150000;11611898;153.967;153.987;153.977;1;T;True;3
1621259151000;11611900;153.965;153.985;153.975;1;T;True;3
1621259152000;11611901;153.965;153.985;153.975;0;T;True;3
1621259153000;11611903;153.967;153.987;153.977;1;T;True;3
1621259154000;11611904;153.967;153.987;153.977;0;T;True;3
1621259155000;11611906;153.965;153.985;153.975;1;T;True;3
1621259156000;11611907;153.965;153.985;153.975;0;T;True;3
1621259157000;11611911;153.959;153.979;153.969;3;T;True;3
1621259158000;11611912;153.959;153.979;153.969;0;T;True;3
1621259159000;11611913;153.959;153.979;153.969;0;T;True;3
1621259160000;11611916;153.963;153.983;153.973;2;T;True;3
1621259161000;11611918;153.961;153.981;153.971;1;T;True;3
1621259162000;11611922;153.969;153.989;153.979;3;T;True;3
1621259163000;11611924;153.968;153.988;153.978;1;T;True;3
1621259164000;11611926;153.965;153.985;153.975;1;T;True;3
1621259165000;11611927;153.965;153.985;153.975;0;T;True;3
1621259166000;11611929;153.97;153.99;153.98;1;T;True;3
1621259167000;11611931;153.969;153.989;153.979;1;T;True;3
1621259168000;11611932;153.969;153.989;153.979;0;T;True;3
1621259169000;11611933;153.969;153.989;153.979;0;T;True;3
1621259170000;11611935;153.971;153.991;153.981;1;T;True;3
1621259171000;11611936;153.971;153.991;153.981;0;T;True;3
1621259172000;11611937;153.971;153.991;153.981;0;T;True;3
1621259173000;11611939;153.973;153.993;153.983;1;T;True;3
1621259174000;11611944;153.977;153.997;153.987;4;T;True;3
1621259175000;11611950;153.991;154.011;154.001;5;T;True;3
1621259176000;11611952;153.989;154.009;153.999;1;T;True;3
1621259177000;11611954;153.99;154.01;154.0;1;T;True;3
1621259178000;11611955;153.99;154.01;154.0;0;T;True;3
1621259179000;11611959;153.983;154.003;153.993;3;T;True;3
1621259180000;11611962;153.981;154.001;153.991;2;T;True;3
1621259181000;11611963;153.981;154.001;153.991;0;T;True;3
1621259182000;11611965;153.985;154.005;153.995;1;T;True;3
1621259183000;11611967;153.983;154.003;153.993;1;T;True;3
1621259184000;11611968;153.983;154.003;153.993;0;T;True;3
1621259185000;11611969;153.983;154.003;153.993;0;T;True;3
1621259186000;11611970;153.983;154.003;153.993;0;T;True;3
1621259187000;11611971;153.983;154.003;153.993;0;T;True;3
1621259188000;11611973;153.985;154.005;153.995;1;T;True;3
1621259189000;11611974;153.985;154.005;153.995;0;T;True;3
1621259190000;11611978;153.987;154.007;153.997;3;T;True;3
1621259191000;11611980;153.989;154.009;153.999;1;T;True;3
1621259192000;11611984;153.991;154.011;154.001;3;T;True;3
1621259193000;11611987;153.987;154.007;153.997;2;T;True;3
1621259194000;11611988;153.987;154.007;153.997;0;T;True;3
1621259195000;11611989;153.987;154.007;153.997;0;T;True;3
1621259196000;11611990;153.987;154.007;153.997;0;T;True;3
1621259197000;11611991;153.987;154.007;153.997;0;T;True;3
1621259198000;11611992;153.987;154.007;153.997;0;T;True;3
1621259199000;11611994;153.989;154.009;153.999;1;T;True;3
1621259200000;11611996;153.987;154.007;153.997;1;T;True;3
1621259201000;11611997;153.987;154.007;153.997;0;T;True;3
1621259202000;11611998;153.987;154.007;153.997;0;T;True;3
1621259203000;11612003;153.975;153.995;153.985;4;T;True;3
1621259204000;11612005;153.976;153.996;153.986;1;T;True;3
1621259205000;11612007;153.977;153.997;153.987;1;T;True;3
1621259206000;11612008;153.977;153.997;153.987;0;T;True;3
1621259207000;11612009;153.977;153.997;153.987;0;T;True;3
1621259208000;11612010;153.977;153.997;153.987;0;T;True;3
1621259209000;11612011;153.977;153.997;153.987;0;T;True;3
1621259210000;11612012;153.977;153.997;153.987;0;T;True;3
1621259211000;11612014;153.975;153.995;153.985;1;T;True;3
1621259212000;11612015;153.975;153.995;153.985;0;T;True;3
1621259213000;11612016;153.975;153.995;153.985;0;T;True;3
1621259214000;11612019;153.965;153.985;153.975;2;T;True;3
1621259215000;11612020;153.965;153.985;153.975;0;T;True;3
1621259216000;11612021;153.965;153.985;153.975;0;T;True;3
1621259217000;11612024;153.961;153.981;153.971;2;T;True;3
1621259218000;11612026;153.96;153.98;153.97;1;T;True;3
1621259219000;11612031;153.954;153.974;153.964;4;T;True;3
1621259220000;11612032;153.954;153.974;153.964;0;T;True;3
1621259221000;11612034;153.951;153.971;153.961;1;T;True;3
1621259222000;11612035;153.951;153.971;153.961;0;T;True;3
1621259223000;11612038;153.947;153.967;153.957;2;T;True;3
1621259224000;11612039;153.947;153.967;153.957;0;T;True;3
1621259225000;11612040;153.947;153.967;153.957;0;T;True;3
1621259226000;11612041;153.947;153.967;153.957;0;T;True;3
1621259227000;11612042;153.947;153.967;153.957;0;T;True;3
1621259228000;11612046;153.952;153.972;153.962;3;T;True;3
1621259229000;11612047;153.952;153.972;153.962;0;T;True;3
1621259230000;11612048;153.952;153.972;153.962;0;T;True;3
1621259231000;11612051;153.954;153.974;153.964;2;T;True;3
1621259232000;11612054;153.957;153.977;153.967;2;T;True;3
1621259233000;11612056;153.958;153.978;153.968;1;T;True;3
1621259234000;11612060;153.959;153.979;153.969;3;T;True;3
1621259235000;11612062;153.961;153.981;153.971;1;T;True;3
1621259236000;11612066;153.966;153.986;153.976;3;T;True;3
1621259237000;11612067;153.966;153.986;153.976;0;T;True;3
1621259238000;11612070;153.963;153.983;153.973;2;T;True;3
1621259239000;11612074;153.96;153.98;153.97;3;T;True;3
1621259240000;11612078;153.954;153.974;153.964;3;T;True;3
1621259241000;11612080;153.955;153.975;153.965;1;T;True;3
1621259242000;11612081;153.955;153.975;153.965;0;T;True;3
1621259243000;11612084;153.953;153.973;153.963;2;T;True;3
1621259244000;11612088;153.95;153.97;153.96;3;T;True;3
1621259245000;11612090;153.951;153.971;153.961;1;T;True;3
1621259246000;11612093;153.947;153.967;153.957;2;T;True;3
1621259247000;11612094;153.947;153.967;153.957;0;T;True;3
1621259248000;11612097;153.945;153.965;153.955;2;T;True;3
1621259249000;11612098;153.945;153.965;153.955;0;T;True;3
1621259250000;11612099;153.945;153.965;153.955;0;T;True;3
1621259251000;11612101;153.944;153.964;153.954;1;T;True;3
1621259252000;11612102;153.944;153.964;153.954;0;T;True;3
1621259253000;11612105;153.944;153.964;153.954;2;T;True;3
1621259254000;11612108;153.944;153.964;153.954;2;T;True;3
1621259255000;11612111;153.947;153.967;153.957;2;T;True;3
1621259256000;11612112;153.947;153.967;153.957;0;T;True;3
1621259257000;11612113;153.947;153.967;153.957;0;T;True;3
1621259258000;11612114;153.947;153.967;153.957;0;T;True;3
1621259259000;11612121;153.963;153.983;153.973;6;T;True;3
1621259260000;11612125;153.961;153.981;153.971;3;T;True;3
1621259261000;11612126;153.961;153.981;153.971;0;T;True;3
1621259262000;11612127;153.961;153.981;153.971;0;T;True;3
1621259263000;11612128;153.961;153.981;153.971;0;T;True;3
1621259264000;11612129;153.961;153.981;153.971;0;T;True;3
1621259265000;11612130;153.961;153.981;153.971;0;T;True;3
1621259266000;11612132;153.959;153.979;153.969;1;T;True;3
1621259267000;11612133;153.959;153.979;153.969;0;T;True;3
1621259268000;11612134;153.959;153.979;153.969;0;T;True;3
1621259269000;11612135;153.959;153.979;153.969;0;T;True;3
1621259270000;11612136;153.959;153.979;153.969;0;T;True;3
1621259271000;11612137;153.959;153.979;153.969;0;T;True;3
1621259272000;11612138;153.959;153.979;153.969;0;T;True;3
1621259273000;11612139;153.959;153.979;153.969;0;T;True;3
1621259274000;11612140;153.959;153.979;153.969;0;T;True;3
1621259275000;11612141;153.959;153.979;153.969;0;T;True;3
1621259276000;11612144;153.959;153.979;153.969;2;T;True;3
1621259277000;11612146;153.957;153.977;153.967;1;T;True;3
1621259278000;11612150;153.959;153.979;153.969;3;T;True;3
1621259279000;11612158;153.979;153.999;153.989;7;T;True;3
1621259280000;11612162;153.985;154.005;153.995;3;T;True;3
1621259281000;11612168;153.99;154.01;154.0;5;T;True;3
1621259282000;11612170;153.989;154.009;153.999;1;T;True;3
1621259283000;11612174;153.989;154.009;153.999;3;T;True;3
1621259284000;11612175;153.989;154.009;153.999;0;T;True;3
1621259285000;11612178;153.982;154.002;153.992;2;T;True;3
1621259286000;11612179;153.982;154.002;153.992;0;T;True;3
1621259287000;11612181;153.983;154.003;153.993;1;T;True;3
1621259288000;11612182;153.983;154.003;153.993;0;T;True;3
1621259289000;11612186;153.987;154.007;153.997;3;T;True;3
1621259290000;11612187;153.987;154.007;153.997;0;T;True;3
1621259291000;11612189;153.989;154.009;153.999;1;T;True;3
1621259292000;11612190;153.989;154.009;153.999;0;T;True;3
1621259293000;11612196;153.987;154.007;153.997;5;T;True;3
1621259294000;11612201;153.986;154.006;153.996;4;T;True;3
1621259295000;11612203;153.985;154.005;153.995;1;T;True;3
1621259296000;11612204;153.985;154.005;153.995;0;T;True;3
1621259297000;11612206;153.983;154.003;153.993;1;T;True;3
1621259298000;11612207;153.983;154.003;153.993;0;T;True;3
1621259299000;11612208;153.983;154.003;153.993;0;T;True;3
1621259300000;11612209;153.983;154.003;153.993;0;T;True;3
1621259301000;11612211;153.982;154.002;153.992;1;T;True;3
1621259302000;11612212;153.982;154.002;153.992;0;T;True;3
1621259303000;11612214;153.983;154.003;153.993;1;T;True;3
1621259304000;11612216;153.981;154.001;153.991;1;T;True;3
1621259305000;11612219;153.973;153.993;153.983;2;T;True;3
1621259306000;11612221;153.971;153.991;153.981;1;T;True;3
1621259307000;11612222;153.971;153.991;153.981;0;T;True;3
1621259308000;11612224;153.973;153.993;153.983;1;T;True;3
1621259309000;11612228;153.961;153.981;153.971;3;T;True;3
1621259310000;11612232;153.956;153.976;153.966;3;T;True;3
1621259311000;11612234;153.953;153.973;153.963;1;T;True;3
1621259312000;11612237;153.957;153.977;153.967;2;T;True;3
1621259313000;11612239;153.959;153.979;153.969;1;T;True;3
1621259314000;11612240;153.959;153.979;153.969;0;T;True;3
1621259315000;11612243;153.959;153.979;153.969;2;T;True;3
1621259316000;11612244;153.959;153.979;153.969;0;T;True;3
1621259317000;11612247;153.961;153.981;153.971;2;T;True;3
1621259318000;11612250;153.961;153.981;153.971;2;T;True;3
1621259319000;11612251;153.961;153.981;153.971;0;T;True;3
1621259320000;11612253;153.963;153.983;153.973;1;T;True;3
1621259321000;11612254;153.963;153.983;153.973;0;T;True;3
1621259322000;11612259;153.972;153.992;153.982;4;T;True;3
1621259323000;11612261;153.973;153.993;153.983;1;T;True;3
1621259324000;11612262;153.973;153.993;153.983;0;T;True;3
1621259325000;11612263;153.973;153.993;153.983;0;T;True;3
1621259326000;11612264;153.973;153.993;153.983;0;T;True;3
1621259327000;11612267;153.973;153.993;153.983;2;T;True;3
1621259328000;11612268;153.973;153.993;153.983;0;T;True;3
1621259329000;11612271;153.977;153.997;153.987;2;T;True;3
1621259330000;11612273;153.973;153.993;153.983;1;T;True;3
1621259331000;11612274;153.973;153.993;153.983;0;T;True;3
1621259332000;11612275;153.973;153.993;153.983;0;T;True;3
1621259333000;11612279;153.969;153.989;153.979;3;T;True;3
1621259334000;11612281;153.968;153.988;153.978;1;T;True;3
1621259335000;11612282;153.968;153.988;153.978;0;T;True;3
1621259336000;11612283;153.968;153.988;153.978;0;T;True;3
1621259337000;11612285;153.967;153.987;153.977;1;T;True;3
1621259338000;11612287;153.974;153.994;153.984;1;T;True;3
1621259339000;11612288;153.974;153.994;153.984;0;T;True;3
1621259340000;11612289;153.974;153.994;153.984;0;T;True;3
1621259341000;11612292;153.974;153.994;153.984;2;T;True;3
1621259342000;11612293;153.974;153.994;153.984;0;T;True;3
1621259343000;11612294;153.974;153.994;153.984;0;T;True;3
1621259344000;11612296;153.973;153.993;153.983;1;T;True;3
1621259345000;11612300;153.977;153.997;153.987;3;T;True;3
1621259346000;11612301;153.977;153.997;153.987;0;T;True;3
1621259347000;11612302;153.977;153.997;153.987;0;T;True;3
1621259348000;11612304;153.979;153.999;153.989;1;T;True;3
1621259349000;11612306;153.981;154.001;153.991;1;T;True;3
1621259350000;11612308;153.979;153.999;153.989;1;T;True;3
1621259351000;11612309;153.979;153.999;153.989;0;T;True;3
1621259352000;11612312;153.975;153.995;153.985;2;T;True;3
1621259353000;11612316;153.975;153.995;153.985;3;T;True;3
1621259354000;11612318;153.977;153.997;153.987;1;T;True;3
1621259355000;11612319;153.977;153.997;153.987;0;T;True;3
1621259356000;11612320;153.977;153.997;153.987;0;T;True;3
1621259357000;11612323;153.979;153.999;153.989;2;T;True;3
1621259358000;11612326;153.977;153.997;153.987;2;T;True;3
1621259359000;11612327;153.977;153.997;153.987;0;T;True;3
1621259360000;11612328;153.977;153.997;153.987;0;T;True;3
1621259361000;11612329;153.977;153.997;153.987;0;T;True;3
1621259362000;11612330;153.977;153.997;153.987;0;T;True;3
1621259363000;11612331;153.977;153.997;153.987;0;T;True;3
1621259364000;11612333;153.978;153.998;153.988;1;T;True;3
1621259365000;11612334;153.978;153.998;153.988;0;T;True;3
1621259366000;11612337;153.983;154.003;153.993;2;T;True;3
1621259367000;11612338;153.983;154.003;153.993;0;T;True;3
1621259368000;11612339;153.983;154.003;153.993;0;T;True;3
1621259369000;11612341;153.981;154.001;153.991;1;T;True;3
1621259370000;11612343;153.979;153.999;153.989;1;T;True;3
1621259371000;11612345;153.977;153.997;153.987;1;T;True;3
1621259372000;11612346;153.977;153.997;153.987;0;T;True;3
1621259373000;11612348;153.979;153.999;153.989;1;T;True;3
1621259374000;11612349;153.979;153.999;153.989;0;T;True;3
1621259375000;11612352;153.983;154.003;153.993;2;T;True;3
1621259376000;11612353;153.983;154.003;153.993;0;T;True;3
1621259377000;11612354;153.983;154.003;153.993;0;T;True;3
1621259378000;11612355;153.983;154.003;153.993;0;T;True;3
1621259379000;11612356;153.983;154.003;153.993;0;T;True;3
1621259380000;11612359;153.979;153.999;153.989;2;T;True;3
1621259381000;11612360;153.979;153.999;153.989;0;T;True;3
1621259382000;11612362;153.977;153.997;153.987;1;T;True;3
1621259383000;11612363;153.977;153.997;153.987;0;T;True;3
1621259384000;11612364;153.977;153.997;153.987;0;T;True;3
1621259385000;11612365;153.977;153.997;153.987;0;T;True;3
1621259386000;11612366;153.977;153.997;153.987;0;T;True;3
1621259387000;11612368;153.976;153.996;153.986;1;T;True;3
1621259388000;11612369;153.976;153.996;153.986;0;T;True;3
1621259389000;11612370;153.976;153.996;153.986;0;T;True;3
1621259390000;11612374;153.977;153.997;153.987;3;T;True;3
1621259391000;11612375;153.977;153.997;153.987;0;T;True;3
1621259392000;11612376;153.977;153.997;153.987;0;T;True;3
1621259393000;11612377;153.977;153.997;153.987;0;T;True;3
1621259394000;11612380;153.971;153.991;153.981;2;T;True;3
1621259395000;11612383;153.971;153.991;153.981;2;T;True;3
1621259396000;11612384;153.971;153.991;153.981;0;T;True;3
1621259397000;11612388;153.973;153.993;153.983;3;T;True;3
1621259398000;11612391;153.972;153.992;153.982;2;T;True;3
1621259399000;11612393;153.974;153.994;153.984;1;T;True;3
1621259400000;11612395;153.973;153.993;153.983;1;T;True;3
1621259401000;11612398;153.971;153.991;153.981;2;T;True;3
1621259402000;11612403;153.97;153.99;153.98;4;T;True;3
1621259403000;11612405;153.971;153.991;153.981;1;T;True;3
1621259404000;11612408;153.971;153.991;153.981;2;T;True;3
1621259405000;11612412;153.981;154.001;153.991;3;T;True;3
1621259406000;11612415;153.989;154.009;153.999;2;T;True;3
1621259407000;11612418;153.991;154.011;154.001;2;T;True;3
1621259408000;11612420;153.99;154.01;154.0;1;T;True;3
1621259409000;11612423;153.99;154.01;154.0;2;T;True;3
1621259410000;11612425;153.988;154.008;153.998;1;T;True;3
1621259411000;11612427;153.987;154.007;153.997;1;T;True;3
1621259412000;11612428;153.987;154.007;153.997;0;T;True;3
1621259413000;11612429;153.987;154.007;153.997;0;T;True;3
1621259414000;11612433;153.98;154.0;153.99;3;T;True;3
1621259415000;11612435;153.981;154.001;153.991;1;T;True;3
1621259416000;11612437;153.979;153.999;153.989;1;T;True;3
1621259417000;11612439;153.973;153.993;153.983;1;T;True;3
1621259418000;11612441;153.976;153.996;153.986;1;T;True;3
1621259419000;11612442;153.976;153.996;153.986;0;T;True;3
1621259420000;11612443;153.976;153.996;153.986;0;T;True;3
1621259421000;11612444;153.976;153.996;153.986;0;T;True;3
1621259422000;11612445;153.976;153.996;153.986;0;T;True;3
1621259423000;11612447;153.977;153.997;153.987;1;T;True;3
1621259424000;11612448;153.977;153.997;153.987;0;T;True;3
1621259425000;11612450;153.976;153.996;153.986;1;T;True;3
1621259426000;11612454;153.963;153.983;153.973;3;T;True;3
1621259427000;11612459;153.964;153.984;153.974;4;T;True;3
1621259428000;11612462;153.961;153.981;153.971;2;T;True;3
1621259429000;11612463;153.961;153.981;153.971;0;T;True;3
1621259430000;11612466;153.967;153.987;153.977;2;T;True;3
1621259431000;11612467;153.967;153.987;153.977;0;T;True;3
1621259432000;11612468;153.967;153.987;153.977;0;T;True;3
1621259433000;11612472;153.96;153.98;153.97;3;T;True;3
1621259434000;11612476;153.965;153.985;153.975;3;T;True;3
1621259435000;11612479;153.961;153.981;153.971;2;T;True;3
1621259436000;11612484;153.962;153.982;153.972;4;T;True;3
1621259437000;11612497;153.949;153.969;153.959;12;T;True;3
1621259438000;11612500;153.952;153.972;153.962;2;T;True;3
1621259439000;11612503;153.953;153.973;153.963;2;T;True;3
1621259440000;11612504;153.953;153.973;153.963;0;T;True;3
1621259441000;11612505;153.953;153.973;153.963;0;T;True;3
1621259442000;11612509;153.945;153.965;153.955;3;T;True;3
1621259443000;11612514;153.937;153.957;153.947;4;T;True;3
1621259444000;11612515;153.937;153.957;153.947;0;T;True;3
1621259445000;11612516;153.937;153.957;153.947;0;T;True;3
1621259446000;11612518;153.936;153.956;153.946;1;T;True;3
1621259447000;11612519;153.936;153.956;153.946;0;T;True;3
1621259448000;11612520;153.936;153.956;153.946;0;T;True;3
1621259449000;11612522;153.935;153.955;153.945;1;T;True;3
1621259450000;11612524;153.933;153.953;153.943;1;T;True;3
1621259451000;11612525;153.933;153.953;153.943;0;T;True;3
1621259452000;11612528;153.935;153.955;153.945;2;T;True;3
1621259453000;11612531;153.929;153.949;153.939;2;T;True;3
1621259454000;11612534;153.925;153.945;153.935;2;T;True;3
1621259455000;11612535;153.925;153.945;153.935;0;T;True;3
1621259456000;11612538;153.931;153.951;153.941;2;T;True;3
1621259457000;11612539;153.931;153.951;153.941;0;T;True;3
1621259458000;11612540;153.931;153.951;153.941;0;T;True;3
1621259459000;11612541;153.931;153.951;153.941;0;T;True;3
1621259460000;11612545;153.925;153.945;153.935;3;T;True;3
1621259461000;11612547;153.923;153.943;153.933;1;T;True;3
1621259462000;11612549;153.919;153.939;153.929;1;T;True;3
1621259463000;11612550;153.919;153.939;153.929;0;T;True;3
1621259464000;11612556;153.917;153.937;153.927;5;T;True;3
1621259465000;11612557;153.917;153.937;153.927;0;T;True;3
1621259466000;11612558;153.917;153.937;153.927;0;T;True;3
1621259467000;11612559;153.917;153.937;153.927;0;T;True;3
1621259468000;11612560;153.917;153.937;153.927;0;T;True;3
1621259469000;11612562;153.918;153.938;153.928;1;T;True;3
1621259470000;11612563;153.918;153.938;153.928;0;T;True;3
1621259471000;11612564;153.918;153.938;153.928;0;T;True;3
1621259472000;11612566;153.919;153.939;153.929;1;T;True;3
1621259473000;11612567;153.919;153.939;153.929;0;T;True;3
1621259474000;11612568;153.919;153.939;153.929;0;T;True;3
1621259475000;11612569;153.919;153.939;153.929;0;T;True;3
1621259476000;11612574;153.92;153.94;153.93;4;T;True;3
1621259477000;11612577;153.922;153.942;153.932;2;T;True;3
1621259478000;11612579;153.921;153.941;153.931;1;T;True;3
1621259479000;11612585;153.916;153.936;153.926;5;T;True;3
1621259480000;11612589;153.923;153.943;153.933;3;T;True;3
1621259481000;11612591;153.921;153.941;153.931;1;T;True;3
1621259482000;11612594;153.916;153.936;153.926;2;T;True;3
1621259483000;11612595;153.916;153.936;153.926;0;T;True;3
1621259484000;11612596;153.916;153.936;153.926;0;T;True;3
1621259485000;11612599;153.913;153.933;153.923;2;T;True;3
1621259486000;11612600;153.913;153.933;153.923;0;T;True;3
1621259487000;11612603;153.907;153.927;153.917;2;T;True;3
1621259488000;11612604;153.907;153.927;153.917;0;T;True;3
1621259489000;11612605;153.907;153.927;153.917;0;T;True;3
1621259490000;11612609;153.901;153.921;153.911;3;T;True;3
1621259491000;11612611;153.899;153.919;153.909;1;T;True;3
1621259492000;11612614;153.899;153.919;153.909;2;T;True;3
1621259493000;11612617;153.903;153.923;153.913;2;T;True;3
1621259494000;11612618;153.903;153.923;153.913;0;T;True;3
1621259495000;11612620;153.905;153.925;153.915;1;T;True;3
1621259496000;11612623;153.905;153.925;153.915;2;T;True;3
1621259497000;11612627;153.907;153.927;153.917;3;T;True;3
1621259498000;11612629;153.909;153.929;153.919;1;T;True;3
1621259499000;11612633;153.913;153.933;153.923;3;T;True;3
1621259500000;11612635;153.912;153.932;153.922;1;T;True;3
1621259501000;11612636;153.912;153.932;153.922;0;T;True;3
1621259502000;11612638;153.91;153.93;153.92;1;T;True;3
1621259503000;11612641;153.905;153.925;153.915;2;T;True;3
1621259504000;11612645;153.906;153.926;153.916;3;T;True;3
1621259505000;11612646;153.906;153.926;153.916;0;T;True;3
1621259506000;11612651;153.898;153.918;153.908;4;T;True;3
1621259507000;11612656;153.896;153.916;153.906;4;T;True;3
1621259508000;11612658;153.894;153.914;153.904;1;T;True;3
1621259509000;11612660;153.893;153.913;153.903;1;T;True;3
1621259510000;11612661;153.893;153.913;153.903;0;T;True;3
1621259511000;11612662;153.893;153.913;153.903;0;T;True;3
1621259512000;11612664;153.889;153.909;153.899;1;T;True;3
1621259513000;11612665;153.889;153.909;153.899;0;T;True;3
1621259514000;11612669;153.891;153.911;153.901;3;T;True;3
1621259515000;11612673;153.891;153.911;153.901;3;T;True;3
1621259516000;11612674;153.891;153.911;153.901;0;T;True;3
1621259517000;11612675;153.891;153.911;153.901;0;T;True;3
1621259518000;11612676;153.891;153.911;153.901;0;T;True;3
1621259519000;11612678;153.889;153.909;153.899;1;T;True;3
1621259520000;11612679;153.889;153.909;153.899;0;T;True;3
1621259521000;11612680;153.889;153.909;153.899;0;T;True;3
1621259522000;11612683;153.885;153.905;153.895;2;T;True;3
1621259523000;11612686;153.885;153.905;153.895;2;T;True;3
1621259524000;11612687;153.885;153.905;153.895;0;T;True;3
1621259525000;11612689;153.889;153.909;153.899;1;T;True;3
1621259526000;11612691;153.891;153.911;153.901;1;T;True;3
1621259527000;11612692;153.891;153.911;153.901;0;T;True;3
1621259528000;11612693;153.891;153.911;153.901;0;T;True;3
1621259529000;11612695;153.893;153.913;153.903;1;T;True;3
1621259530000;11612696;153.893;153.913;153.903;0;T;True;3
1621259531000;11612697;153.893;153.913;153.903;0;T;True;3
1621259532000;11612698;153.893;153.913;153.903;0;T;True;3
1621259533000;11612699;153.893;153.913;153.903;0;T;True;3
1621259534000;11612700;153.893;153.913;153.903;0;T;True;3
1621259535000;11612701;153.893;153.913;153.903;0;T;True;3
1621259536000;11612702;153.893;153.913;153.903;0;T;True;3
1621259537000;11612703;153.893;153.913;153.903;0;T;True;3
1621259538000;11612704;153.893;153.913;153.903;0;T;True;3
1621259539000;11612707;153.893;153.913;153.903;2;T;True;3
1621259540000;11612708;153.893;153.913;153.903;0;T;True;3
1621259541000;11612710;153.892;153.912;153.902;1;T;True;3
1621259542000;11612713;153.889;153.909;153.899;2;T;True;3
1621259543000;11612714;153.889;153.909;153.899;0;T;True;3
1621259544000;11612717;153.887;153.907;153.897;2;T;True;3
1621259545000;11612719;153.885;153.905;153.895;1;T;True;3
1621259546000;11612720;153.885;153.905;153.895;0;T;True;3
1621259547000;11612722;153.887;153.907;153.897;1;T;True;3
1621259548000;11612724;153.885;153.905;153.895;1;T;True;3
1621259549000;11612725;153.885;153.905;153.895;0;T;True;3
1621259550000;11612726;153.885;153.905;153.895;0;T;True;3
1621259551000;11612727;153.885;153.905;153.895;0;T;True;3
1621259552000;11612728;153.885;153.905;153.895;0;T;True;3
1621259553000;11612729;153.885;153.905;153.895;0;T;True;3
1621259554000;11612730;153.885;153.905;153.895;0;T;True;3
1621259555000;11612731;153.885;153.905;153.895;0;T;True;3
1621259556000;11612733;153.886;153.906;153.896;1;T;True;3
1621259557000;11612734;153.886;153.906;153.896;0;T;True;3
1621259558000;11612735;153.886;153.906;153.896;0;T;True;3
1621259559000;11612736;153.886;153.906;153.896;0;T;True;3
1621259560000;11612737;153.886;153.906;153.896;0;T;True;3
1621259561000;11612738;153.886;153.906;153.896;0;T;True;3
1621259562000;11612739;153.886;153.906;153.896;0;T;True;3
1621259563000;11612741;153.885;153.905;153.895;1;T;True;3
1621259564000;11612743;153.883;153.903;153.893;1;T;True;3
1621259565000;11612745;153.885;153.905;153.895;1;T;True;3
1621259566000;11612746;153.885;153.905;153.895;0;T;True;3
1621259567000;11612747;153.885;153.905;153.895;0;T;True;3
1621259568000;11612752;153.883;153.903;153.893;4;T;True;3
1621259569000;11612754;153.881;153.901;153.891;1;T;True;3
1621259570000;11612755;153.881;153.901;153.891;0;T;True;3
1621259571000;11612756;153.881;153.901;153.891;0;T;True;3
1621259572000;11612757;153.881;153.901;153.891;0;T;True;3
1621259573000;11612759;153.882;153.902;153.892;1;T;True;3
1621259574000;11612760;153.882;153.902;153.892;0;T;True;3
1621259575000;11612762;153.883;153.903;153.893;1;T;True;3
1621259576000;11612766;153.889;153.909;153.899;3;T;True;3
1621259577000;11612767;153.889;153.909;153.899;0;T;True;3
1621259578000;11612768;153.889;153.909;153.899;0;T;True;3
1621259579000;11612771;153.893;153.913;153.903;2;T;True;3
1621259580000;11612772;153.893;153.913;153.903;0;T;True;3
1621259581000;11612773;153.893;153.913;153.903;0;T;True;3
1621259582000;11612776;153.891;153.911;153.901;2;T;True;3
1621259583000;11612777;153.891;153.911;153.901;0;T;True;3
1621259584000;11612778;153.891;153.911;153.901;0;T;True;3
1621259585000;11612779;153.891;153.911;153.901;0;T;True;3
1621259586000;11612781;153.893;153.913;153.903;1;T;True;3
1621259587000;11612784;153.887;153.907;153.897;2;T;True;3
1621259588000;11612786;153.885;153.905;153.895;1;T;True;3
1621259589000;11612787;153.885;153.905;153.895;0;T;True;3
1621259590000;11612788;153.885;153.905;153.895;0;T;True;3
1621259591000;11612789;153.885;153.905;153.895;0;T;True;3
1621259592000;11612790;153.885;153.905;153.895;0;T;True;3
1621259593000;11612796;153.881;153.901;153.891;5;T;True;3
1621259594000;11612797;153.881;153.901;153.891;0;T;True;3
1621259595000;11612799;153.883;153.903;153.893;1;T;True;3
1621259596000;11612800;153.883;153.903;153.893;0;T;True;3
1621259597000;11612803;153.883;153.903;153.893;2;T;True;3
1621259598000;11612804;153.883;153.903;153.893;0;T;True;3
1621259599000;11612805;153.883;153.903;153.893;0;T;True;3
1621259600000;11612806;153.883;153.903;153.893;0;T;True;3
1621259601000;11612807;153.883;153.903;153.893;0;T;True;3
1621259602000;11612809;153.882;153.902;153.892;1;T;True;3
1621259603000;11612810;153.882;153.902;153.892;0;T;True;3
1621259604000;11612811;153.882;153.902;153.892;0;T;True;3
1621259605000;11612815;153.877;153.897;153.887;3;T;True;3
1621259606000;11612816;153.877;153.897;153.887;0;T;True;3
1621259607000;11612818;153.879;153.899;153.889;1;T;True;3
1621259608000;11612820;153.878;153.898;153.888;1;T;True;3
1621259609000;11612824;153.873;153.893;153.883;3;T;True;3
1621259610000;11612825;153.873;153.893;153.883;0;T;True;3
1621259611000;11612828;153.873;153.893;153.883;2;T;True;3
1621259612000;11612829;153.873;153.893;153.883;0;T;True;3
1621259613000;11612831;153.875;153.895;153.885;1;T;True;3
1621259614000;11612832;153.875;153.895;153.885;0;T;True;3
1621259615000;11612833;153.875;153.895;153.885;0;T;True;3
1621259616000;11612835;153.871;153.891;153.881;1;T;True;3
1621259617000;11612838;153.872;153.892;153.882;2;T;True;3
1621259618000;11612840;153.873;153.893;153.883;1;T;True;3
1621259619000;11612841;153.873;153.893;153.883;0;T;True;3
1621259620000;11612842;153.873;153.893;153.883;0;T;True;3
1621259621000;11612849;153.846;153.866;153.856;6;T;True;3
1621259622000;11612853;153.851;153.871;153.861;3;T;True;3
1621259623000;11612858;153.853;153.873;153.863;4;T;True;3
1621259624000;11612859;153.853;153.873;153.863;0;T;True;3
1621259625000;11612862;153.856;153.876;153.866;2;T;True;3
1621259626000;11612866;153.859;153.879;153.869;3;T;True;3
1621259627000;11612867;153.859;153.879;153.869;0;T;True;3
1621259628000;11612868;153.859;153.879;153.869;0;T;True;3
1621259629000;11612871;153.846;153.866;153.856;2;T;True;3
1621259630000;11612874;153.845;153.865;153.855;2;T;True;3
1621259631000;11612876;153.847;153.867;153.857;1;T;True;3
1621259632000;11612877;153.847;153.867;153.857;0;T;True;3
1621259633000;11612878;153.847;153.867;153.857;0;T;True;3
1621259634000;11612882;153.845;153.865;153.855;3;T;True;3
1621259635000;11612885;153.848;153.868;153.858;2;T;True;3
1621259636000;11612887;153.845;153.865;153.855;1;T;True;3
1621259637000;11612888;153.845;153.865;153.855;0;T;True;3
1621259638000;11612889;153.845;153.865;153.855;0;T;True;3
1621259639000;11612894;153.846;153.866;153.856;4;T;True;3
1621259640000;11612902;153.851;153.871;153.861;7;T;True;3
1621259641000;11612907;153.848;153.868;153.858;4;T;True;3
1621259642000;11612913;153.847;153.867;153.857;5;T;True;3
1621259643000;11612918;153.851;153.871;153.861;4;T;True;3
1621259644000;11612920;153.852;153.872;153.862;1;T;True;3
1621259645000;11612926;153.861;153.881;153.871;5;T;True;3
1621259646000;11612930;153.865;153.885;153.875;3;T;True;3
1621259647000;11612934;153.861;153.881;153.871;3;T;True;3
1621259648000;11612936;153.857;153.877;153.867;1;T;True;3
1621259649000;11612938;153.853;153.873;153.863;1;T;True;3
1621259650000;11612940;153.851;153.871;153.861;1;T;True;3
1621259651000;11612944;153.853;153.873;153.863;3;T;True;3
1621259652000;11612948;153.856;153.876;153.866;3;T;True;3
1621259653000;11612949;153.856;153.876;153.866;0;T;True;3
1621259654000;11612955;153.854;153.874;153.864;5;T;True;3
1621259655000;11612957;153.856;153.876;153.866;1;T;True;3
1621259656000;11612959;153.855;153.875;153.865;1;T;True;3
1621259657000;11612961;153.853;153.873;153.863;1;T;True;3
1621259658000;11612962;153.853;153.873;153.863;0;T;True;3
1621259659000;11612964;153.854;153.874;153.864;1;T;True;3
1621259660000;11612967;153.859;153.879;153.869;2;T;True;3
1621259661000;11612971;153.852;153.872;153.862;3;T;True;3
1621259662000;11612973;153.853;153.873;153.863;1;T;True;3
1621259663000;11612977;153.852;153.872;153.862;3;T;True;3
1621259664000;11612981;153.853;153.873;153.863;3;T;True;3
1621259665000;11612982;153.853;153.873;153.863;0;T;True;3
1621259666000;11612983;153.853;153.873;153.863;0;T;True;3
1621259667000;11612984;153.853;153.873;153.863;0;T;True;3
1621259668000;11612985;153.853;153.873;153.863;0;T;True;3
1621259669000;11612986;153.853;153.873;153.863;0;T;True;3
1621259670000;11612988;153.855;153.875;153.865;1;T;True;3
1621259671000;11612989;153.855;153.875;153.865;0;T;True;3
1621259672000;11612992;153.859;153.879;153.869;2;T;True;3
1621259673000;11612994;153.861;153.881;153.871;1;T;True;3
1621259674000;11612995;153.861;153.881;153.871;0;T;True;3
1621259675000;11612997;153.859;153.879;153.869;1;T;True;3
1621259676000;11612998;153.859;153.879;153.869;0;T;True;3
1621259677000;11612999;153.859;153.879;153.869;0;T;True;3
1621259678000;11613000;153.859;153.879;153.869;0;T;True;3
1621259679000;11613003;153.853;153.873;153.863;2;T;True;3
1621259680000;11613004;153.853;153.873;153.863;0;T;True;3
1621259681000;11613005;153.853;153.873;153.863;0;T;True;3
1621259682000;11613006;153.853;153.873;153.863;0;T;True;3
1621259683000;11613007;153.853;153.873;153.863;0;T;True;3
1621259684000;11613008;153.853;153.873;153.863;0;T;True;3
1621259685000;11613009;153.853;153.873;153.863;0;T;True;3
1621259686000;11613011;153.851;153.871;153.861;1;T;True;3
1621259687000;11613012;153.851;153.871;153.861;0;T;True;3
1621259688000;11613014;153.853;153.873;153.863;1;T;True;3
1621259689000;11613015;153.853;153.873;153.863;0;T;True;3
1621259690000;11613019;153.853;153.873;153.863;3;T;True;3
1621259691000;11613020;153.853;153.873;153.863;0;T;True;3
1621259692000;11613022;153.855;153.875;153.865;1;T;True;3
1621259693000;11613028;153.855;153.875;153.865;5;T;True;3
1621259694000;11613029;153.855;153.875;153.865;0;T;True;3
1621259695000;11613030;153.855;153.875;153.865;0;T;True;3
1621259696000;11613033;153.847;153.867;153.857;2;T;True;3
1621259697000;11613040;153.841;153.861;153.851;6;T;True;3
1621259698000;11613041;153.841;153.861;153.851;0;T;True;3
1621259699000;11613043;153.843;153.863;153.853;1;T;True;3
1621259700000;11613044;153.843;153.863;153.853;0;T;True;3
1621259701000;11613045;153.843;153.863;153.853;0;T;True;3
1621259702000;11613046;153.843;153.863;153.853;0;T;True;3
1621259703000;11613051;153.831;153.851;153.841;4;T;True;3
1621259704000;11613055;153.833;153.853;153.843;3;T;True;3
1621259705000;11613056;153.833;153.853;153.843;0;T;True;3
1621259706000;11613057;153.833;153.853;153.843;0;T;True;3
1621259707000;11613058;153.833;153.853;153.843;0;T;True;3
1621259708000;11613059;153.833;153.853;153.843;0;T;True;3
1621259709000;11613060;153.833;153.853;153.843;0;T;True;3
1621259710000;11613061;153.833;153.853;153.843;0;T;True;3
1621259711000;11613068;153.811;153.831;153.821;6;T;True;3
1621259712000;11613072;153.817;153.837;153.827;3;T;True;3
1621259713000;11613073;153.817;153.837;153.827;0;T;True;3
1621259714000;11613075;153.821;153.841;153.831;1;T;True;3
1621259715000;11613077;153.819;153.839;153.829;1;T;True;3
1621259716000;11613079;153.817;153.837;153.827;1;T;True;3
1621259717000;11613080;153.817;153.837;153.827;0;T;True;3
1621259718000;11613081;153.817;153.837;153.827;0;T;True;3
1621259719000;11613084;153.817;153.837;153.827;2;T;True;3
1621259720000;11613086;153.819;153.839;153.829;1;T;True;3
1621259721000;11613088;153.817;153.837;153.827;1;T;True;3
1621259722000;11613091;153.818;153.838;153.828;2;T;True;3
1621259723000;11613092;153.818;153.838;153.828;0;T;True;3
1621259724000;11613096;153.829;153.849;153.839;3;T;True;3
1621259725000;11613097;153.829;153.849;153.839;0;T;True;3
1621259726000;11613102;153.839;153.859;153.849;4;T;True;3
1621259727000;11613107;153.839;153.859;153.849;4;T;True;3
1621259728000;11613108;153.839;153.859;153.849;0;T;True;3
1621259729000;11613110;153.841;153.861;153.851;1;T;True;3
1621259730000;11613112;153.843;153.863;153.853;1;T;True;3
1621259731000;11613114;153.835;153.855;153.845;1;T;True;3
1621259732000;11613117;153.839;153.859;153.849;2;T;True;3
1621259733000;11613118;153.839;153.859;153.849;0;T;True;3
1621259734000;11613120;153.841;153.861;153.851;1;T;True;3
1621259735000;11613122;153.839;153.859;153.849;1;T;True;3
1621259736000;11613128;153.841;153.861;153.851;5;T;True;3
1621259737000;11613129;153.841;153.861;153.851;0;T;True;3
1621259738000;11613130;153.841;153.861;153.851;0;T;True;3
1621259739000;11613131;153.841;153.861;153.851;0;T;True;3
1621259740000;11613132;153.841;153.861;153.851;0;T;True;3
1621259741000;11613133;153.841;153.861;153.851;0;T;True;3
1621259742000;11613134;153.841;153.861;153.851;0;T;True;3
1621259743000;11613135;153.841;153.861;153.851;0;T;True;3
1621259744000;11613138;153.851;153.871;153.861;2;T;True;3
1621259745000;11613142;153.855;153.875;153.865;3;T;True;3
1621259746000;11613144;153.857;153.877;153.867;1;T;True;3
1621259747000;11613145;153.857;153.877;153.867;0;T;True;3
1621259748000;11613149;153.858;153.878;153.868;3;T;True;3
1621259749000;11613153;153.863;153.883;153.873;3;T;True;3
1621259750000;11613156;153.869;153.889;153.879;2;T;True;3
1621259751000;11613160;153.87;153.89;153.88;3;T;True;3
1621259752000;11613162;153.869;153.889;153.879;1;T;True;3
1621259753000;11613165;153.873;153.893;153.883;2;T;True;3
1621259754000;11613167;153.874;153.894;153.884;1;T;True;3
1621259755000;11613172;153.887;153.907;153.897;4;T;True;3
1621259756000;11613176;153.886;153.906;153.896;3;T;True;3
1621259757000;11613180;153.889;153.909;153.899;3;T;True;3
1621259758000;11613182;153.893;153.913;153.903;1;T;True;3
1621259759000;11613183;153.893;153.913;153.903;0;T;True;3
1621259760000;11613186;153.887;153.907;153.897;2;T;True;3
1621259761000;11613190;153.893;153.913;153.903;3;T;True;3
1621259762000;11613193;153.895;153.915;153.905;2;T;True;3
1621259763000;11613197;153.893;153.913;153.903;3;T;True;3
1621259764000;11613202;153.899;153.919;153.909;4;T;True;3
1621259765000;11613204;153.897;153.917;153.907;1;T;True;3
1621259766000;11613209;153.891;153.911;153.901;4;T;True;3
1621259767000;11613213;153.896;153.916;153.906;3;T;True;3
1621259768000;11613216;153.902;153.922;153.912;2;T;True;3
1621259769000;11613219;153.905;153.925;153.915;2;T;True;3
1621259770000;11613222;153.904;153.924;153.914;2;T;True;3
1621259771000;11613226;153.905;153.925;153.915;3;T;True;3
1621259772000;11613228;153.904;153.924;153.914;1;T;True;3
1621259773000;11613229;153.904;153.924;153.914;0;T;True;3
1621259774000;11613230;153.904;153.924;153.914;0;T;True;3
1621259775000;11613233;153.899;153.919;153.909;2;T;True;3
1621259776000;11613234;153.899;153.919;153.909;0;T;True;3
1621259777000;11613235;153.899;153.919;153.909;0;T;True;3
1621259778000;11613236;153.899;153.919;153.909;0;T;True;3
1621259779000;11613237;153.899;153.919;153.909;0;T;True;3
1621259780000;11613239;153.891;153.911;153.901;1;T;True;3
1621259781000;11613242;153.887;153.907;153.897;2;T;True;3
1621259782000;11613243;153.887;153.907;153.897;0;T;True;3
1621259783000;11613244;153.887;153.907;153.897;0;T;True;3
1621259784000;11613246;153.889;153.909;153.899;1;T;True;3
1621259785000;11613247;153.889;153.909;153.899;0;T;True;3
1621259786000;11613250;153.895;153.915;153.905;2;T;True;3
1621259787000;11613252;153.893;153.913;153.903;1;T;True;3
1621259788000;11613255;153.897;153.917;153.907;2;T;True;3
