ts;n;bid;ask;value;volume;phase;round;active_id
1621218462000;11543278;153.972;153.992;153.982;0;T;True;3
1621218463000;11543280;153.973;153.993;153.983;1;T;True;3
1621218464000;11543281;153.973;153.993;153.983;0;T;True;3
1621218465000;11543282;153.973;153.993;153.983;0;T;True;3
1621218466000;11543283;153.973;153.993;153.983;0;T;True;3
1621218467000;11543284;153.973;153.993;153.983;0;T;True;3
1621218468000;11543285;153.973;153.993;153.983;0;T;True;3
1621218469000;11543286;153.973;153.993;153.983;0;T;True;3
1621218470000;11543287;153.973;153.993;153.983;0;T;True;3
1621218471000;11543288;153.973;153.993;153.983;0;T;True;3
1621218472000;11543289;153.973;153.993;153.983;0;T;True;3
1621218473000;11543290;153.973;153.993;153.983;0;T;True;3
1621218474000;11543292;153.975;153.995;153.985;1;T;True;3
1621218475000;11543293;153.975;153.995;153.985;0;T;True;3
1621218476000;11543294;153.975;153.995;153.985;0;T;True;3
1621218477000;11543295;153.975;153.995;153.985;0;T;True;3
1621218478000;11543296;153.975;153.995;153.985;0;T;True;3
1621218479000;11543297;153.975;153.995;153.985;0;T;True;3
1621218480000;11543298;153.975;153.995;153.985;0;T;True;3
1621218481000;11543300;153.974;153.994;153.984;1;T;True;3
1621218482000;11543302;153.973;153.993;153.983;1;T;True;3
1621218483000;11543303;153.973;153.993;153.983;0;T;True;3
1621218484000;11543307;153.977;153.997;153.987;3;T;True;3
1621218485000;11543308;153.977;153.997;153.987;0;T;True;3
1621218486000;11543309;153.977;153.997;153.987;0;T;True;3
1621218487000;11543311;153.975;153.995;153.985;1;T;True;3
1621218488000;11543312;153.975;153.995;153.985;0;T;True;3
1621218489000;11543314;153.974;153.994;153.984;1;T;True;3
1621218490000;11543315;153.974;153.994;153.984;0;T;True;3
1621218491000;11543316;153.974;153.994;153.984;0;T;True;3
1621218492000;11543317;153.974;153.994;153.984;0;T;True;3
1621218493000;11543318;153.974;153.994;153.984;0;T;True;3
1621218494000;11543321;153.977;153.997;153.987;2;T;True;3
1621218495000;11543324;153.975;153.995;153.985;2;T;True;3
1621218496000;11543325;153.975;153.995;153.985;0;T;True;3
1621218497000;11543327;153.976;153.996;153.986;1;T;True;3
1621218498000;11543328;153.976;153.996;153.986;0;T;True;3
1621218499000;11543331;153.979;153.999;153.989;2;T;True;3
1621218500000;11543332;153.979;153.999;153.989;0;T;True;3
1621218501000;11543333;153.979;153.999;153.989;0;T;True;3
1621218502000;11543334;153.979;153.999;153.989;0;T;True;3
1621218503000;11543335;153.979;153.999;153.989;0;T;True;3
1621218504000;11543336;153.979;153.999;153.989;0;T;True;3
1621218505000;11543338;153.978;153.998;153.988;1;T;True;3
1621218506000;11543341;153.976;153.996;153.986;2;T;True;3
1621218507000;11543342;153.976;153.996;153.986;0;T;True;3
1621218508000;11543343;153.976;153.996;153.986;0;T;True;3
1621218509000;11543345;153.977;153.997;153.987;1;T;True;3
1621218510000;11543346;153.977;153.997;153.987;0;T;True;3
1621218511000;11543347;153.977;153.997;153.987;0;T;True;3
1621218512000;11543348;153.977;153.997;153.987;0;T;True;3
1621218513000;11543349;153.977;153.997;153.987;0;T;True;3
1621218514000;11543350;153.977;153.997;153.987;0;T;True;3
1621218515000;11543351;153.977;153.997;153.987;0;T;True;3
1621218516000;11543352;153.977;153.997;153.987;0;T;True;3
1621218517000;11543353;153.977;153.997;153.987;0;T;True;3
1621218518000;11543354;153.977;153.997;153.987;0;T;True;3
1621218519000;11543355;153.977;153.997;153.987;0;T;True;3
1621218520000;11543356;153.977;153.997;153.987;0;T;True;3
1621218521000;11543357;153.977;153.997;153.987;0;T;True;3
1621218522000;11543358;153.977;153.997;153.987;0;T;True;3
1621218523000;11543359;153.977;153.997;153.987;0;T;True;3
1621218524000;11543360;153.977;153.997;153.987;0;T;True;3
1621218525000;11543361;153.977;153.997;153.987;0;T;True;3
1621218526000;11543362;153.977;153.997;153.987;0;T;True;3
1621218527000;11543363;153.977;153.997;153.987;0;T;True;3
1621218528000;11543364;153.977;153.997;153.987;0;T;True;3
1621218529000;11543365;153.977;153.997;153.987;0;T;True;3
1621218530000;11543366;153.977;153.997;153.987;0;T;True;3
1621218531000;11543367;153.977;153.997;153.987;0;T;True;3
1621218532000;11543368;153.977;153.997;153.987;0;T;True;3
1621218533000;11543369;153.977;153.997;153.987;0;T;True;3
1621218534000;11543370;153.977;153.997;153.987;0;T;True;3
1621218535000;11543371;153.977;153.997;153.987;0;T;True;3
1621218536000;11543372;153.977;153.997;153.987;0;T;True;3
1621218537000;11543373;153.977;153.997;153.987;0;T;True;3
1621218538000;11543374;153.977;153.997;153.987;0;T;True;3
1621218539000;11543375;153.977;153.997;153.987;0;T;True;3
1621218540000;11543378;153.98;154.0;153.99;2;T;True;3
1621218541000;11543379;153.98;154.0;153.99;0;T;True;3
1621218542000;11543380;153.98;154.0;153.99;0;T;True;3
1621218543000;11543381;153.98;154.0;153.99;0;T;True;3
1621218544000;11543383;153.979;153.999;153.989;1;T;True;3
1621218545000;11543384;153.979;153.999;153.989;0;T;True;3
1621218546000;11543385;153.979;153.999;153.989;0;T;True;3
1621218547000;11543386;153.979;153.999;153.989;0;T;True;3
1621218548000;11543388;153.978;153.998;153.988;1;T;True;3
1621218549000;11543389;153.978;153.998;153.988;0;T;True;3
1621218550000;11543390;153.978;153.998;153.988;0;T;True;3
1621218551000;11543391;153.978;153.998;153.988;0;T;True;3
1621218552000;11543396;153.975;153.995;153.985;4;T;True;3
1621218553000;11543397;153.975;153.995;153.985;0;T;True;3
1621218554000;11543398;153.975;153.995;153.985;0;T;True;3
1621218555000;11543399;153.975;153.995;153.985;0;T;True;3
1621218556000;11543400;153.975;153.995;153.985;0;T;True;3
1621218557000;11543401;153.975;153.995;153.985;0;T;True;3
1621218558000;11543402;153.975;153.995;153.985;0;T;True;3
1621218559000;11543403;153.975;153.995;153.985;0;T;True;3
1621218560000;11543404;153.975;153.995;153.985;0;T;True;3
1621218561000;11543406;153.977;153.997;153.987;1;T;True;3
1621218562000;11543407;153.977;153.997;153.987;0;T;True;3
1621218563000;11543408;153.977;153.997;153.987;0;T;True;3
1621218564000;11543411;153.978;153.998;153.988;2;T;True;3
1621218565000;11543412;153.978;153.998;153.988;0;T;True;3
1621218566000;11543413;153.978;153.998;153.988;0;T;True;3
1621218567000;11543414;153.978;153.998;153.988;0;T;True;3
1621218568000;11543415;153.978;153.998;153.988;0;T;True;3
1621218569000;11543416;153.978;153.998;153.988;0;T;True;3
1621218570000;11543417;153.978;153.998;153.988;0;T;True;3
1621218571000;11543419;153.979;153.999;153.989;1;T;True;3
1621218572000;11543421;153.978;153.998;153.988;1;T;True;3
1621218573000;11543423;153.977;153.997;153.987;1;T;True;3
1621218574000;11543424;153.977;153.997;153.987;0;T;True;3
1621218575000;11543426;153.971;153.991;153.981;1;T;True;3
1621218576000;11543429;153.97;153.99;153.98;2;T;True;3
1621218577000;11543430;153.97;153.99;153.98;0;T;True;3
1621218578000;11543431;153.97;153.99;153.98;0;T;True;3
1621218579000;11543432;153.97;153.99;153.98;0;T;True;3
1621218580000;11543433;153.97;153.99;153.98;0;T;True;3
1621218581000;11543434;153.97;153.99;153.98;0;T;True;3
1621218582000;11543435;153.97;153.99;153.98;0;T;True;3
1621218583000;11543436;153.97;153.99;153.98;0;T;True;3
1621218584000;11543437;153.97;153.99;153.98;0;T;True;3
1621218585000;11543438;153.97;153.99;153.98;0;T;True;3
1621218586000;11543439;153.97;153.99;153.98;0;T;True;3
1621218587000;11543444;153.976;153.996;153.986;4;T;True;3
1621218588000;11543445;153.976;153.996;153.986;0;T;True;3
1621218589000;11543449;153.979;153.999;153.989;3;T;True;3
1621218590000;11543450;153.979;153.999;153.989;0;T;True;3
1621218591000;11543451;153.979;153.999;153.989;0;T;True;3
1621218592000;11543452;153.979;153.999;153.989;0;T;True;3
1621218593000;11543453;153.979;153.999;153.989;0;T;True;3
1621218594000;11543454;153.979;153.999;153.989;0;T;True;3
1621218595000;11543455;153.979;153.999;153.989;0;T;True;3
1621218596000;11543456;153.979;153.999;153.989;0;T;True;3
1621218597000;11543457;153.979;153.999;153.989;0;T;True;3
1621218598000;11543458;153.979;153.999;153.989;0;T;True;3
1621218599000;11543459;153.979;153.999;153.989;0;T;True;3
1621218600000;11543460;153.979;153.999;153.989;0;T;True;3
1621218601000;11543464;153.982;154.002;153.992;3;T;True;3
1621218602000;11543467;153.98;154.0;153.99;2;T;True;3
1621218603000;11543468;153.98;154.0;153.99;0;T;True;3
1621218604000;11543470;153.979;153.999;153.989;1;T;True;3
1621218605000;11543474;153.975;153.995;153.985;3;T;True;3
1621218606000;11543476;153.973;153.993;153.983;1;T;True;3
1621218607000;11543477;153.973;153.993;153.983;0;T;True;3
1621218608000;11543478;153.973;153.993;153.983;0;T;True;3
1621218609000;11543479;153.973;153.993;153.983;0;T;True;3
1621218610000;11543480;153.973;153.993;153.983;0;T;True;3
1621218611000;11543481;153.973;153.993;153.983;0;T;True;3
1621218612000;11543483;153.971;153.991;153.981;1;T;True;3
1621218613000;11543485;153.972;153.992;153.982;1;T;True;3
1621218614000;11543486;153.972;153.992;153.982;0;T;True;3
1621218615000;11543487;153.972;153.992;153.982;0;T;True;3
1621218616000;11543488;153.972;153.992;153.982;0;T;True;3
1621218617000;11543493;153.973;153.993;153.983;4;T;True;3
1621218618000;11543494;153.973;153.993;153.983;0;T;True;3
1621218619000;11543495;153.973;153.993;153.983;0;T;True;3
1621218620000;11543496;153.973;153.993;153.983;0;T;True;3
1621218621000;11543497;153.973;153.993;153.983;0;T;True;3
1621218622000;11543498;153.973;153.993;153.983;0;T;True;3
1621218623000;11543499;153.973;153.993;153.983;0;T;True;3
1621218624000;11543502;153.975;153.995;153.985;2;T;True;3
1621218625000;11543503;153.975;153.995;153.985;0;T;True;3
1621218626000;11543506;153.969;153.989;153.979;2;T;True;3
1621218627000;11543507;153.969;153.989;153.979;0;T;True;3
1621218628000;11543508;153.969;153.989;153.979;0;T;True;3
1621218629000;11543513;153.961;153.981;153.971;4;T;True;3
1621218630000;11543514;153.961;153.981;153.971;0;T;True;3
1621218631000;11543517;153.963;153.983;153.973;2;T;True;3
1621218632000;11543519;153.962;153.982;153.972;1;T;True;3
1621218633000;11543520;153.962;153.982;153.972;0;T;True;3
1621218634000;11543522;153.961;153.981;153.971;1;T;True;3
1621218635000;11543523;153.961;153.981;153.971;0;T;True;3
1621218636000;11543524;153.961;153.981;153.971;0;T;True;3
1621218637000;11543526;153.962;153.982;153.972;1;T;True;3
1621218638000;11543527;153.962;153.982;153.972;0;T;True;3
1621218639000;11543528;153.962;153.982;153.972;0;T;True;3
1621218640000;11543531;153.961;153.981;153.971;2;T;True;3
1621218641000;11543533;153.961;153.981;153.971;1;T;True;3
1621218642000;11543534;153.961;153.981;153.971;0;T;True;3
1621218643000;11543535;153.961;153.981;153.971;0;T;True;3
1621218644000;11543536;153.961;153.981;153.971;0;T;True;3
1621218645000;11543537;153.961;153.981;153.971;0;T;True;3
1621218646000;11543538;153.961;153.981;153.971;0;T;True;3
1621218647000;11543539;153.961;153.981;153.971;0;T;True;3
1621218648000;11543545;153.967;153.987;153.977;5;T;True;3
1621218649000;11543547;153.969;153.989;153.979;1;T;True;3
1621218650000;11543549;153.97;153.99;153.98;1;T;True;3
1621218651000;11543552;153.967;153.987;153.977;2;T;True;3
1621218652000;11543555;153.965;153.985;153.975;2;T;True;3
1621218653000;11543559;153.962;153.982;153.972;3;T;True;3
1621218654000;11543563;153.966;153.986;153.976;3;T;True;3
1621218655000;11543565;153.967;153.987;153.977;1;T;True;3
1621218656000;11543567;153.965;153.985;153.975;1;T;True;3
1621218657000;11543568;153.965;153.985;153.975;0;T;True;3
1621218658000;11543569;153.965;153.985;153.975;0;T;True;3
1621218659000;11543571;153.967;153.987;153.977;1;T;True;3
1621218660000;11543573;153.968;153.988;153.978;1;T;True;3
1621218661000;11543574;153.968;153.988;153.978;0;T;True;3
1621218662000;11543575;153.968;153.988;153.978;0;T;True;3
1621218663000;11543576;153.968;153.988;153.978;0;T;True;3
1621218664000;11543577;153.968;153.988;153.978;0;T;True;3
1621218665000;11543578;153.968;153.988;153.978;0;T;True;3
1621218666000;11543579;153.968;153.988;153.978;0;T;True;3
1621218667000;11543580;153.968;153.988;153.978;0;T;True;3
1621218668000;11543583;153.97;153.99;153.98;2;T;True;3
1621218669000;11543587;153.967;153.987;153.977;3;T;True;3
1621218670000;11543589;153.969;153.989;153.979;1;T;True;3
1621218671000;11543590;153.969;153.989;153.979;0;T;True;3
1621218672000;11543592;153.967;153.987;153.977;1;T;True;3
1621218673000;11543595;153.969;153.989;153.979;2;T;True;3
1621218674000;11543597;153.968;153.988;153.978;1;T;True;3
1621218675000;11543598;153.968;153.988;153.978;0;T;True;3
1621218676000;11543599;153.968;153.988;153.978;0;T;True;3
1621218677000;11543600;153.968;153.988;153.978;0;T;True;3
1621218678000;11543601;153.968;153.988;153.978;0;T;True;3
1621218679000;11543608;153.97;153.99;153.98;6;T;True;3
1621218680000;11543611;153.973;153.993;153.983;2;T;True;3
1621218681000;11543613;153.971;153.991;153.981;1;T;True;3
1621218682000;11543614;153.971;153.991;153.981;0;T;True;3
1621218683000;11543615;153.971;153.991;153.981;0;T;True;3
1621218684000;11543616;153.971;153.991;153.981;0;T;True;3
1621218685000;11543623;153.977;153.997;153.987;6;T;True;3
1621218686000;11543625;153.979;153.999;153.989;1;T;True;3
1621218687000;11543628;153.979;153.999;153.989;2;T;True;3
1621218688000;11543629;153.979;153.999;153.989;0;T;True;3
1621218689000;11543630;153.979;153.999;153.989;0;T;True;3
1621218690000;11543633;153.981;154.001;153.991;2;T;True;3
1621218691000;11543634;153.981;154.001;153.991;0;T;True;3
1621218692000;11543636;153.979;153.999;153.989;1;T;True;3
1621218693000;11543639;153.979;153.999;153.989;2;T;True;3
1621218694000;11543642;153.979;153.999;153.989;2;T;True;3
1621218695000;11543643;153.979;153.999;153.989;0;T;True;3
1621218696000;11543644;153.979;153.999;153.989;0;T;True;3
1621218697000;11543645;153.979;153.999;153.989;0;T;True;3
1621218698000;11543651;153.979;153.999;153.989;5;T;True;3
1621218699000;11543653;153.98;154.0;153.99;1;T;True;3
1621218700000;11543655;153.979;153.999;153.989;1;T;True;3
1621218701000;11543658;153.982;154.002;153.992;2;T;True;3
1621218702000;11543660;153.983;154.003;153.993;1;T;True;3
1621218703000;11543661;153.983;154.003;153.993;0;T;True;3
1621218704000;11543662;153.983;154.003;153.993;0;T;True;3
1621218705000;11543663;153.983;154.003;153.993;0;T;True;3
1621218706000;11543664;153.983;154.003;153.993;0;T;True;3
1621218707000;11543665;153.983;154.003;153.993;0;T;True;3
1621218708000;11543666;153.983;154.003;153.993;0;T;True;3
1621218709000;11543668;153.982;154.002;153.992;1;T;True;3
1621218710000;11543669;153.982;154.002;153.992;0;T;True;3
1621218711000;11543670;153.982;154.002;153.992;0;T;True;3
1621218712000;11543671;153.982;154.002;153.992;0;T;True;3
1621218713000;11543672;153.982;154.002;153.992;0;T;True;3
1621218714000;11543673;153.982;154.002;153.992;0;T;True;3
1621218715000;11543674;153.982;154.002;153.992;0;T;True;3
1621218716000;11543675;153.982;154.002;153.992;0;T;True;3
1621218717000;11543676;153.982;154.002;153.992;0;T;True;3
1621218718000;11543678;153.981;154.001;153.991;1;T;True;3
1621218719000;11543679;153.981;154.001;153.991;0;T;True;3
1621218720000;11543680;153.981;154.001;153.991;0;T;True;3
1621218721000;11543681;153.981;154.001;153.991;0;T;True;3
1621218722000;11543682;153.981;154.001;153.991;0;T;True;3
1621218723000;11543683;153.981;154.001;153.991;0;T;True;3
1621218724000;11543685;153.982;154.002;153.992;1;T;True;3
1621218725000;11543686;153.982;154.002;153.992;0;T;True;3
1621218726000;11543687;153.982;154.002;153.992;0;T;True;3
1621218727000;11543688;153.982;154.002;153.992;0;T;True;3
1621218728000;11543690;153.983;154.003;153.993;1;T;True;3
1621218729000;11543691;153.983;154.003;153.993;0;T;True;3
1621218730000;11543692;153.983;154.003;153.993;0;T;True;3
1621218731000;11543693;153.983;154.003;153.993;0;T;True;3
1621218732000;11543694;153.983;154.003;153.993;0;T;True;3
1621218733000;11543695;153.983;154.003;153.993;0;T;True;3
1621218734000;11543696;153.983;154.003;153.993;0;T;True;3
1621218735000;11543697;153.983;154.003;153.993;0;T;True;3
1621218736000;11543698;153.983;154.003;153.993;0;T;True;3
1621218737000;11543699;153.983;154.003;153.993;0;T;True;3
1621218738000;11543700;153.983;154.003;153.993;0;T;True;3
1621218739000;11543701;153.983;154.003;153.993;0;T;True;3
1621218740000;11543702;153.983;154.003;153.993;0;T;True;3
1621218741000;11543704;153.985;154.005;153.995;1;T;True;3
1621218742000;11543705;153.985;154.005;153.995;0;T;True;3
1621218743000;11543707;153.984;154.004;153.994;1;T;True;3
1621218744000;11543709;153.982;154.002;153.992;1;T;True;3
1621218745000;11543711;153.981;154.001;153.991;1;T;True;3
1621218746000;11543712;153.981;154.001;153.991;0;T;True;3
1621218747000;11543718;153.986;154.006;153.996;5;T;True;3
1621218748000;11543720;153.987;154.007;153.997;1;T;True;3
1621218749000;11543721;153.987;154.007;153.997;0;T;True;3
1621218750000;11543722;153.987;154.007;153.997;0;T;True;3
1621218751000;11543723;153.987;154.007;153.997;0;T;True;3
1621218752000;11543724;153.987;154.007;153.997;0;T;True;3
1621218753000;11543727;153.987;154.007;153.997;2;T;True;3
1621218754000;11543728;153.987;154.007;153.997;0;T;True;3
1621218755000;11543729;153.987;154.007;153.997;0;T;True;3
1621218756000;11543730;153.987;154.007;153.997;0;T;True;3
1621218757000;11543731;153.987;154.007;153.997;0;T;True;3
1621218758000;11543732;153.987;154.007;153.997;0;T;True;3
1621218759000;11543733;153.987;154.007;153.997;0;T;True;3
1621218760000;11543734;153.987;154.007;153.997;0;T;True;3
1621218761000;11543735;153.987;154.007;153.997;0;T;True;3
1621218762000;11543736;153.987;154.007;153.997;0;T;True;3
1621218763000;11543737;153.987;154.007;153.997;0;T;True;3
1621218764000;11543740;153.987;154.007;153.997;2;T;True;3
1621218765000;11543741;153.987;154.007;153.997;0;T;True;3
1621218766000;11543742;153.987;154.007;153.997;0;T;True;3
1621218767000;11543743;153.987;154.007;153.997;0;T;True;3
1621218768000;11543744;153.987;154.007;153.997;0;T;True;3
1621218769000;11543746;153.985;154.005;153.995;1;T;True;3
1621218770000;11543748;153.988;154.008;153.998;1;T;True;3
1621218771000;11543749;153.988;154.008;153.998;0;T;True;3
1621218772000;11543751;153.987;154.007;153.997;1;T;True;3
1621218773000;11543752;153.987;154.007;153.997;0;T;True;3
1621218774000;11543753;153.987;154.007;153.997;0;T;True;3
1621218775000;11543759;153.995;154.015;154.005;5;T;True;3
1621218776000;11543762;153.996;154.016;154.006;2;T;True;3
1621218777000;11543763;153.996;154.016;154.006;0;T;True;3
1621218778000;11543764;153.996;154.016;154.006;0;T;True;3
1621218779000;11543765;153.996;154.016;154.006;0;T;True;3
1621218780000;11543766;153.996;154.016;154.006;0;T;True;3
1621218781000;11543771;153.998;154.018;154.008;4;T;True;3
1621218782000;11543775;154.004;154.024;154.014;3;T;True;3
1621218783000;11543777;154.005;154.025;154.015;1;T;True;3
1621218784000;11543778;154.005;154.025;154.015;0;T;True;3
1621218785000;11543781;154.005;154.025;154.015;2;T;True;3
1621218786000;11543785;154.006;154.026;154.016;3;T;True;3
1621218787000;11543787;154.005;154.025;154.015;1;T;True;3
1621218788000;11543793;153.995;154.015;154.005;5;T;True;3
1621218789000;11543794;153.995;154.015;154.005;0;T;True;3
1621218790000;11543795;153.995;154.015;154.005;0;T;True;3
1621218791000;11543800;153.991;154.011;154.001;4;T;True;3
1621218792000;11543805;153.994;154.014;154.004;4;T;True;3
1621218793000;11543806;153.994;154.014;154.004;0;T;True;3
1621218794000;11543807;153.994;154.014;154.004;0;T;True;3
1621218795000;11543811;153.998;154.018;154.008;3;T;True;3
1621218796000;11543813;153.999;154.019;154.009;1;T;True;3
1621218797000;11543814;153.999;154.019;154.009;0;T;True;3
1621218798000;11543816;153.997;154.017;154.007;1;T;True;3
1621218799000;11543817;153.997;154.017;154.007;0;T;True;3
1621218800000;11543818;153.997;154.017;154.007;0;T;True;3
1621218801000;11543819;153.997;154.017;154.007;0;T;True;3
1621218802000;11543820;153.997;154.017;154.007;0;T;True;3
1621218803000;11543821;153.997;154.017;154.007;0;T;True;3
1621218804000;11543822;153.997;154.017;154.007;0;T;True;3
1621218805000;11543823;153.997;154.017;154.007;0;T;True;3
1621218806000;11543824;153.997;154.017;154.007;0;T;True;3
1621218807000;11543825;153.997;154.017;154.007;0;T;True;3
1621218808000;11543826;153.997;154.017;154.007;0;T;True;3
1621218809000;11543828;153.998;154.018;154.008;1;T;True;3
1621218810000;11543831;154.001;154.021;154.011;2;T;True;3
1621218811000;11543832;154.001;154.021;154.011;0;T;True;3
1621218812000;11543833;154.001;154.021;154.011;0;T;True;3
1621218813000;11543835;153.997;154.017;154.007;1;T;True;3
1621218814000;11543836;153.997;154.017;154.007;0;T;True;3
1621218815000;11543837;153.997;154.017;154.007;0;T;True;3
1621218816000;11543838;153.997;154.017;154.007;0;T;True;3
1621218817000;11543839;153.997;154.017;154.007;0;T;True;3
1621218818000;11543840;153.997;154.017;154.007;0;T;True;3
1621218819000;11543841;153.997;154.017;154.007;0;T;True;3
1621218820000;11543845;154.001;154.021;154.011;3;T;True;3
1621218821000;11543846;154.001;154.021;154.011;0;T;True;3
1621218822000;11543847;154.001;154.021;154.011;0;T;True;3
1621218823000;11543849;154.002;154.022;154.012;1;T;True;3
1621218824000;11543850;154.002;154.022;154.012;0;T;True;3
1621218825000;11543851;154.002;154.022;154.012;0;T;True;3
1621218826000;11543852;154.002;154.022;154.012;0;T;True;3
1621218827000;11543853;154.002;154.022;154.012;0;T;True;3
1621218828000;11543854;154.002;154.022;154.012;0;T;True;3
1621218829000;11543855;154.002;154.022;154.012;0;T;True;3
1621218830000;11543856;154.002;154.022;154.012;0;T;True;3
1621218831000;11543857;154.002;154.022;154.012;0;T;True;3
1621218832000;11543858;154.002;154.022;154.012;0;T;True;3
1621218833000;11543859;154.002;154.022;154.012;0;T;True;3
1621218834000;11543860;154.002;154.022;154.012;0;T;True;3
1621218835000;11543861;154.002;154.022;154.012;0;T;True;3
1621218836000;11543863;154.003;154.023;154.013;1;T;True;3
1621218837000;11543864;154.003;154.023;154.013;0;T;True;3
1621218838000;11543867;154.001;154.021;154.011;2;T;True;3
1621218839000;11543868;154.001;154.021;154.011;0;T;True;3
1621218840000;11543869;154.001;154.021;154.011;0;T;True;3
1621218841000;11543871;154.002;154.022;154.012;1;T;True;3
1621218842000;11543876;153.998;154.018;154.008;4;T;True;3
1621218843000;11543878;154.0;154.02;154.01;1;T;True;3
1621218844000;11543879;154.0;154.02;154.01;0;T;True;3
1621218845000;11543880;154.0;154.02;154.01;0;T;True;3
1621218846000;11543882;154.001;154.021;154.011;1;T;True;3
1621218847000;11543883;154.001;154.021;154.011;0;T;True;3
1621218848000;11543884;154.001;154.021;154.011;0;T;True;3
1621218849000;11543885;154.001;154.021;154.011;0;T;True;3
1621218850000;11543887;153.999;154.019;154.009;1;T;True;3
1621218851000;11543888;153.999;154.019;154.009;0;T;True;3
1621218852000;11543889;153.999;154.019;154.009;0;T;True;3
1621218853000;11543890;153.999;154.019;154.009;0;T;True;3
1621218854000;11543891;153.999;154.019;154.009;0;T;True;3
1621218855000;11543892;153.999;154.019;154.009;0;T;True;3
1621218856000;11543893;153.999;154.019;154.009;0;T;True;3
1621218857000;11543897;154.003;154.023;154.013;3;T;True;3
1621218858000;11543899;154.005;154.025;154.015;1;T;True;3
1621218859000;11543900;154.005;154.025;154.015;0;T;True;3
1621218860000;11543901;154.005;154.025;154.015;0;T;True;3
1621218861000;11543902;154.005;154.025;154.015;0;T;True;3
1621218862000;11543903;154.005;154.025;154.015;0;T;True;3
1621218863000;11543904;154.005;154.025;154.015;0;T;True;3
1621218864000;11543905;154.005;154.025;154.015;0;T;True;3
1621218865000;11543906;154.005;154.025;154.015;0;T;True;3
1621218866000;11543907;154.005;154.025;154.015;0;T;True;3
1621218867000;11543909;154.007;154.027;154.017;1;T;True;3
1621218868000;11543910;154.007;154.027;154.017;0;T;True;3
1621218869000;11543911;154.007;154.027;154.017;0;T;True;3
1621218870000;11543912;154.007;154.027;154.017;0;T;True;3
1621218871000;11543913;154.007;154.027;154.017;0;T;True;3
1621218872000;11543914;154.007;154.027;154.017;0;T;True;3
1621218873000;11543915;154.007;154.027;154.017;0;T;True;3
1621218874000;11543916;154.007;154.027;154.017;0;T;True;3
1621218875000;11543917;154.007;154.027;154.017;0;T;True;3
1621218876000;11543918;154.007;154.027;154.017;0;T;True;3
1621218877000;11543919;154.007;154.027;154.017;0;T;True;3
1621218878000;11543921;154.006;154.026;154.016;1;T;True;3
1621218879000;11543923;154.005;154.025;154.015;1;T;True;3
1621218880000;11543925;154.003;154.023;154.013;1;T;True;3
1621218881000;11543926;154.003;154.023;154.013;0;T;True;3
1621218882000;11543927;154.003;154.023;154.013;0;T;True;3
1621218883000;11543928;154.003;154.023;154.013;0;T;True;3
1621218884000;11543929;154.003;154.023;154.013;0;T;True;3
1621218885000;11543930;154.003;154.023;154.013;0;T;True;3
1621218886000;11543931;154.003;154.023;154.013;0;T;True;3
1621218887000;11543932;154.003;154.023;154.013;0;T;True;3
1621218888000;11543934;154.004;154.024;154.014;1;T;True;3
1621218889000;11543935;154.004;154.024;154.014;0;T;True;3
1621218890000;11543937;154.003;154.023;154.013;1;T;True;3
1621218891000;11543938;154.003;154.023;154.013;0;T;True;3
1621218892000;11543939;154.003;154.023;154.013;0;T;True;3
1621218893000;11543940;154.003;154.023;154.013;0;T;True;3
1621218894000;11543941;154.003;154.023;154.013;0;T;True;3
1621218895000;11543942;154.003;154.023;154.013;0;T;True;3
1621218896000;11543943;154.003;154.023;154.013;0;T;True;3
1621218897000;11543945;154.004;154.024;154.014;1;T;True;3
1621218898000;11543946;154.004;154.024;154.014;0;T;True;3
1621218899000;11543948;154.003;154.023;154.013;1;T;True;3
1621218900000;11543949;154.003;154.023;154.013;0;T;True;3
1621218901000;11543950;154.003;154.023;154.013;0;T;True;3
1621218902000;11543952;154.002;154.022;154.012;1;T;True;3
1621218903000;11543954;154.003;154.023;154.013;1;T;True;3
1621218904000;11543955;154.003;154.023;154.013;0;T;True;3
1621218905000;11543959;153.995;154.015;154.005;3;T;True;3
1621218906000;11543960;153.995;154.015;154.005;0;T;True;3
1621218907000;11543961;153.995;154.015;154.005;0;T;True;3
1621218908000;11543962;153.995;154.015;154.005;0;T;True;3
1621218909000;11543963;153.995;154.015;154.005;0;T;True;3
1621218910000;11543964;153.995;154.015;154.005;0;T;True;3
1621218911000;11543965;153.995;154.015;154.005;0;T;True;3
1621218912000;11543966;153.995;154.015;154.005;0;T;True;3
1621218913000;11543967;153.995;154.015;154.005;0;T;True;3
1621218914000;11543969;153.994;154.014;154.004;1;T;True;3
1621218915000;11543970;153.994;154.014;154.004;0;T;True;3
1621218916000;11543971;153.994;154.014;154.004;0;T;True;3
1621218917000;11543972;153.994;154.014;154.004;0;T;True;3
1621218918000;11543973;153.994;154.014;154.004;0;T;True;3
1621218919000;11543974;153.994;154.014;154.004;0;T;True;3
1621218920000;11543975;153.994;154.014;154.004;0;T;True;3
1621218921000;11543976;153.994;154.014;154.004;0;T;True;3
1621218922000;11543977;153.994;154.014;154.004;0;T;True;3
1621218923000;11543978;153.994;154.014;154.004;0;T;True;3
1621218924000;11543981;153.991;154.011;154.001;2;T;True;3
1621218925000;11543982;153.991;154.011;154.001;0;T;True;3
1621218926000;11543983;153.991;154.011;154.001;0;T;True;3
1621218927000;11543984;153.991;154.011;154.001;0;T;True;3
1621218928000;11543985;153.991;154.011;154.001;0;T;True;3
1621218929000;11543986;153.991;154.011;154.001;0;T;True;3
1621218930000;11543987;153.991;154.011;154.001;0;T;True;3
1621218931000;11543990;153.997;154.017;154.007;2;T;True;3
1621218932000;11543991;153.997;154.017;154.007;0;T;True;3
1621218933000;11543994;153.999;154.019;154.009;2;T;True;3
1621218934000;11543995;153.999;154.019;154.009;0;T;True;3
1621218935000;11543996;153.999;154.019;154.009;0;T;True;3
1621218936000;11543997;153.999;154.019;154.009;0;T;True;3
1621218937000;11543998;153.999;154.019;154.009;0;T;True;3
1621218938000;11543999;153.999;154.019;154.009;0;T;True;3
1621218939000;11544000;153.999;154.019;154.009;0;T;True;3
1621218940000;11544001;153.999;154.019;154.009;0;T;True;3
1621218941000;11544002;153.999;154.019;154.009;0;T;True;3
1621218942000;11544003;153.999;154.019;154.009;0;T;True;3
1621218943000;11544004;153.999;154.019;154.009;0;T;True;3
1621218944000;11544005;153.999;154.019;154.009;0;T;True;3
1621218945000;11544006;153.999;154.019;154.009;0;T;True;3
1621218946000;11544007;153.999;154.019;154.009;0;T;True;3
1621218947000;11544008;153.999;154.019;154.009;0;T;True;3
1621218948000;11544009;153.999;154.019;154.009;0;T;True;3
1621218949000;11544010;153.999;154.019;154.009;0;T;True;3
1621218950000;11544012;153.998;154.018;154.008;1;T;True;3
1621218951000;11544013;153.998;154.018;154.008;0;T;True;3
1621218952000;11544015;153.997;154.017;154.007;1;T;True;3
1621218953000;11544018;153.994;154.014;154.004;2;T;True;3
1621218954000;11544019;153.994;154.014;154.004;0;T;True;3
1621218955000;11544020;153.994;154.014;154.004;0;T;True;3
1621218956000;11544022;153.995;154.015;154.005;1;T;True;3
1621218957000;11544024;153.999;154.019;154.009;1;T;True;3
1621218958000;11544025;153.999;154.019;154.009;0;T;True;3
1621218959000;11544026;153.999;154.019;154.009;0;T;True;3
1621218960000;11544027;153.999;154.019;154.009;0;T;True;3
1621218961000;11544028;153.999;154.019;154.009;0;T;True;3
1621218962000;11544029;153.999;154.019;154.009;0;T;True;3
1621218963000;11544030;153.999;154.019;154.009;0;T;True;3
1621218964000;11544032;154.0;154.02;154.01;1;T;True;3
1621218965000;11544033;154.0;154.02;154.01;0;T;True;3
1621218966000;11544036;154.001;154.021;154.011;2;T;True;3
1621218967000;11544037;154.001;154.021;154.011;0;T;True;3
1621218968000;11544039;154.003;154.023;154.013;1;T;True;3
1621218969000;11544040;154.003;154.023;154.013;0;T;True;3
1621218970000;11544041;154.003;154.023;154.013;0;T;True;3
1621218971000;11544042;154.003;154.023;154.013;0;T;True;3
1621218972000;11544044;154.004;154.024;154.014;1;T;True;3
1621218973000;11544046;154.002;154.022;154.012;1;T;True;3
1621218974000;11544048;154.003;154.023;154.013;1;T;True;3
1621218975000;11544049;154.003;154.023;154.013;0;T;True;3
1621218976000;11544050;154.003;154.023;154.013;0;T;True;3
1621218977000;11544054;154.009;154.029;154.019;3;T;True;3
1621218978000;11544056;154.01;154.03;154.02;1;T;True;3
1621218979000;11544057;154.01;154.03;154.02;0;T;True;3
1621218980000;11544061;154.01;154.03;154.02;3;T;True;3
1621218981000;11544062;154.01;154.03;154.02;0;T;True;3
1621218982000;11544063;154.01;154.03;154.02;0;T;True;3
1621218983000;11544064;154.01;154.03;154.02;0;T;True;3
1621218984000;11544065;154.01;154.03;154.02;0;T;True;3
1621218985000;11544066;154.01;154.03;154.02;0;T;True;3
1621218986000;11544067;154.01;154.03;154.02;0;T;True;3
1621218987000;11544068;154.01;154.03;154.02;0;T;True;3
1621218988000;11544069;154.01;154.03;154.02;0;T;True;3
1621218989000;11544071;154.011;154.031;154.021;1;T;True;3
1621218990000;11544072;154.011;154.031;154.021;0;T;True;3
1621218991000;11544073;154.011;154.031;154.021;0;T;True;3
1621218992000;11544075;154.01;154.03;154.02;1;T;True;3
1621218993000;11544080;154.014;154.034;154.024;4;T;True;3
1621218994000;11544081;154.014;154.034;154.024;0;T;True;3
1621218995000;11544082;154.014;154.034;154.024;0;T;True;3
1621218996000;11544084;154.015;154.035;154.025;1;T;True;3
1621218997000;11544085;154.015;154.035;154.025;0;T;True;3
1621218998000;11544089;154.022;154.042;154.032;3;T;True;3
1621218999000;11544090;154.022;154.042;154.032;0;T;True;3
1621219000000;11544091;154.022;154.042;154.032;0;T;True;3
1621219001000;11544092;154.022;154.042;154.032;0;T;True;3
1621219002000;11544093;154.022;154.042;154.032;0;T;True;3
1621219003000;11544094;154.022;154.042;154.032;0;T;True;3
1621219004000;11544095;154.022;154.042;154.032;0;T;True;3
1621219005000;11544096;154.022;154.042;154.032;0;T;True;3
1621219006000;11544097;154.022;154.042;154.032;0;T;True;3
1621219007000;11544098;154.022;154.042;154.032;0;T;True;3
1621219008000;11544100;154.023;154.043;154.033;1;T;True;3
1621219009000;11544101;154.023;154.043;154.033;0;T;True;3
1621219010000;11544102;154.023;154.043;154.033;0;T;True;3
1621219011000;11544103;154.023;154.043;154.033;0;T;True;3
1621219012000;11544104;154.023;154.043;154.033;0;T;True;3
1621219013000;11544105;154.023;154.043;154.033;0;T;True;3
1621219014000;11544108;154.024;154.044;154.034;2;T;True;3
1621219015000;11544110;154.023;154.043;154.033;1;T;True;3
1621219016000;11544112;154.025;154.045;154.035;1;T;True;3
1621219017000;11544113;154.025;154.045;154.035;0;T;True;3
1621219018000;11544114;154.025;154.045;154.035;0;T;True;3
1621219019000;11544117;154.029;154.049;154.039;2;T;True;3
1621219020000;11544118;154.029;154.049;154.039;0;T;True;3
1621219021000;11544119;154.029;154.049;154.039;0;T;True;3
1621219022000;11544120;154.029;154.049;154.039;0;T;True;3
1621219023000;11544124;154.026;154.046;154.036;3;T;True;3
1621219024000;11544127;154.029;154.049;154.039;2;T;True;3
1621219025000;11544130;154.025;154.045;154.035;2;T;True;3
1621219026000;11544131;154.025;154.045;154.035;0;T;True;3
1621219027000;11544134;154.025;154.045;154.035;2;T;True;3
1621219028000;11544136;154.024;154.044;154.034;1;T;True;3
1621219029000;11544138;154.025;154.045;154.035;1;T;True;3
1621219030000;11544139;154.025;154.045;154.035;0;T;True;3
1621219031000;11544140;154.025;154.045;154.035;0;T;True;3
1621219032000;11544141;154.025;154.045;154.035;0;T;True;3
1621219033000;11544142;154.025;154.045;154.035;0;T;True;3
1621219034000;11544144;154.027;154.047;154.037;1;T;True;3
1621219035000;11544145;154.027;154.047;154.037;0;T;True;3
1621219036000;11544146;154.027;154.047;154.037;0;T;True;3
1621219037000;11544147;154.027;154.047;154.037;0;T;True;3
1621219038000;11544148;154.027;154.047;154.037;0;T;True;3
1621219039000;11544149;154.027;154.047;154.037;0;T;True;3
1621219040000;11544153;154.026;154.046;154.036;3;T;True;3
1621219041000;11544155;154.025;154.045;154.035;1;T;True;3
1621219042000;11544156;154.025;154.045;154.035;0;T;True;3
1621219043000;11544157;154.025;154.045;154.035;0;T;True;3
1621219044000;11544159;154.026;154.046;154.036;1;T;True;3
1621219045000;11544160;154.026;154.046;154.036;0;T;True;3
1621219046000;11544162;154.027;154.047;154.037;1;T;True;3
1621219047000;11544163;154.027;154.047;154.037;0;T;True;3
1621219048000;11544164;154.027;154.047;154.037;0;T;True;3
1621219049000;11544165;154.027;154.047;154.037;0;T;True;3
1621219050000;11544166;154.027;154.047;154.037;0;T;True;3
1621219051000;11544167;154.027;154.047;154.037;0;T;True;3
1621219052000;11544168;154.027;154.047;154.037;0;T;True;3
1621219053000;11544169;154.027;154.047;154.037;0;T;True;3
1621219054000;11544170;154.027;154.047;154.037;0;T;True;3
1621219055000;11544171;154.027;154.047;154.037;0;T;True;3
1621219056000;11544172;154.027;154.047;154.037;0;T;True;3
1621219057000;11544174;154.026;154.046;154.036;1;T;True;3
1621219058000;11544175;154.026;154.046;154.036;0;T;True;3
1621219059000;11544177;154.027;154.047;154.037;1;T;True;3
1621219060000;11544178;154.027;154.047;154.037;0;T;True;3
1621219061000;11544179;154.027;154.047;154.037;0;T;True;3
1621219062000;11544180;154.027;154.047;154.037;0;T;True;3
1621219063000;11544181;154.027;154.047;154.037;0;T;True;3
1621219064000;11544182;154.027;154.047;154.037;0;T;True;3
1621219065000;11544183;154.027;154.047;154.037;0;T;True;3
1621219066000;11544185;154.028;154.048;154.038;1;T;True;3
1621219067000;11544188;154.03;154.05;154.04;2;T;True;3
1621219068000;11544190;154.031;154.051;154.041;1;T;True;3
1621219069000;11544191;154.031;154.051;154.041;0;T;True;3
1621219070000;11544192;154.031;154.051;154.041;0;T;True;3
1621219071000;11544193;154.031;154.051;154.041;0;T;True;3
1621219072000;11544196;154.035;154.055;154.045;2;T;True;3
1621219073000;11544197;154.035;154.055;154.045;0;T;True;3
1621219074000;11544200;154.033;154.053;154.043;2;T;True;3
1621219075000;11544203;154.036;154.056;154.046;2;T;True;3
1621219076000;11544206;154.039;154.059;154.049;2;T;True;3
1621219077000;11544209;154.036;154.056;154.046;2;T;True;3
1621219078000;11544210;154.036;154.056;154.046;0;T;True;3
1621219079000;11544213;154.034;154.054;154.044;2;T;True;3
1621219080000;11544214;154.034;154.054;154.044;0;T;True;3
1621219081000;11544215;154.034;154.054;154.044;0;T;True;3
1621219082000;11544216;154.034;154.054;154.044;0;T;True;3
1621219083000;11544217;154.034;154.054;154.044;0;T;True;3
1621219084000;11544218;154.034;154.054;154.044;0;T;True;3
1621219085000;11544220;154.035;154.055;154.045;1;T;True;3
1621219086000;11544221;154.035;154.055;154.045;0;T;True;3
1621219087000;11544222;154.035;154.055;154.045;0;T;True;3
1621219088000;11544223;154.035;154.055;154.045;0;T;True;3
1621219089000;11544224;154.035;154.055;154.045;0;T;True;3
1621219090000;11544225;154.035;154.055;154.045;0;T;True;3
1621219091000;11544226;154.035;154.055;154.045;0;T;True;3
1621219092000;11544227;154.035;154.055;154.045;0;T;True;3
1621219093000;11544228;154.035;154.055;154.045;0;T;True;3
1621219094000;11544229;154.035;154.055;154.045;0;T;True;3
1621219095000;11544230;154.035;154.055;154.045;0;T;True;3
1621219096000;11544232;154.036;154.056;154.046;1;T;True;3
1621219097000;11544236;154.039;154.059;154.049;3;T;True;3
1621219098000;11544237;154.039;154.059;154.049;0;T;True;3
1621219099000;11544239;154.037;154.057;154.047;1;T;True;3
1621219100000;11544240;154.037;154.057;154.047;0;T;True;3
1621219101000;11544241;154.037;154.057;154.047;0;T;True;3
1621219102000;11544242;154.037;154.057;154.047;0;T;True;3
1621219103000;11544243;154.037;154.057;154.047;0;T;True;3
1621219104000;11544244;154.037;154.057;154.047;0;T;True;3
1621219105000;11544245;154.037;154.057;154.047;0;T;True;3
1621219106000;11544247;154.036;154.056;154.046;1;T;True;3
1621219107000;11544248;154.036;154.056;154.046;0;T;True;3
1621219108000;11544249;154.036;154.056;154.046;0;T;True;3
1621219109000;11544252;154.034;154.054;154.044;2;T;True;3
1621219110000;11544253;154.034;154.054;154.044;0;T;True;3
1621219111000;11544254;154.034;154.054;154.044;0;T;True;3
1621219112000;11544256;154.035;154.055;154.045;1;T;True;3
1621219113000;11544257;154.035;154.055;154.045;0;T;True;3
1621219114000;11544258;154.035;154.055;154.045;0;T;True;3
1621219115000;11544259;154.035;154.055;154.045;0;T;True;3
1621219116000;11544260;154.035;154.055;154.045;0;T;True;3
1621219117000;11544261;154.035;154.055;154.045;0;T;True;3
1621219118000;11544262;154.035;154.055;154.045;0;T;True;3
1621219119000;11544263;154.035;154.055;154.045;0;T;True;3
1621219120000;11544264;154.035;154.055;154.045;0;T;True;3
1621219121000;11544265;154.035;154.055;154.045;0;T;True;3
1621219122000;11544266;154.035;154.055;154.045;0;T;True;3
1621219123000;11544267;154.035;154.055;154.045;0;T;True;3
1621219124000;11544272;154.027;154.047;154.037;4;T;True;3
1621219125000;11544274;154.028;154.048;154.038;1;T;True;3
1621219126000;11544277;154.028;154.048;154.038;2;T;True;3
1621219127000;11544281;154.024;154.044;154.034;3;T;True;3
1621219128000;11544286;154.021;154.041;154.031;4;T;True;3
1621219129000;11544288;154.02;154.04;154.03;1;T;True;3
1621219130000;11544289;154.02;154.04;154.03;0;T;True;3
1621219131000;11544292;154.019;154.039;154.029;2;T;True;3
1621219132000;11544293;154.019;154.039;154.029;0;T;True;3
1621219133000;11544294;154.019;154.039;154.029;0;T;True;3
1621219134000;11544295;154.019;154.039;154.029;0;T;True;3
1621219135000;11544297;154.018;154.038;154.028;1;T;True;3
1621219136000;11544298;154.018;154.038;154.028;0;T;True;3
1621219137000;11544301;154.02;154.04;154.03;2;T;True;3
1621219138000;11544302;154.02;154.04;154.03;0;T;True;3
1621219139000;11544303;154.02;154.04;154.03;0;T;True;3
1621219140000;11544304;154.02;154.04;154.03;0;T;True;3
1621219141000;11544305;154.02;154.04;154.03;0;T;True;3
1621219142000;11544306;154.02;154.04;154.03;0;T;True;3
1621219143000;11544307;154.02;154.04;154.03;0;T;True;3
1621219144000;11544309;154.019;154.039;154.029;1;T;True;3
1621219145000;11544310;154.019;154.039;154.029;0;T;True;3
1621219146000;11544311;154.019;154.039;154.029;0;T;True;3
1621219147000;11544312;154.019;154.039;154.029;0;T;True;3
1621219148000;11544314;154.021;154.041;154.031;1;T;True;3
1621219149000;11544315;154.021;154.041;154.031;0;T;True;3
1621219150000;11544316;154.021;154.041;154.031;0;T;True;3
1621219151000;11544317;154.021;154.041;154.031;0;T;True;3
1621219152000;11544320;154.018;154.038;154.028;2;T;True;3
1621219153000;11544321;154.018;154.038;154.028;0;T;True;3
1621219154000;11544322;154.018;154.038;154.028;0;T;True;3
1621219155000;11544323;154.018;154.038;154.028;0;T;True;3
1621219156000;11544324;154.018;154.038;154.028;0;T;True;3
1621219157000;11544325;154.018;154.038;154.028;0;T;True;3
1621219158000;11544326;154.018;154.038;154.028;0;T;True;3
1621219159000;11544327;154.018;154.038;154.028;0;T;True;3
1621219160000;11544328;154.018;154.038;154.028;0;T;True;3
1621219161000;11544329;154.018;154.038;154.028;0;T;True;3
1621219162000;11544330;154.018;154.038;154.028;0;T;True;3
1621219163000;11544331;154.018;154.038;154.028;0;T;True;3
1621219164000;11544332;154.018;154.038;154.028;0;T;True;3
1621219165000;11544333;154.018;154.038;154.028;0;T;True;3
1621219166000;11544335;154.017;154.037;154.027;1;T;True;3
1621219167000;11544336;154.017;154.037;154.027;0;T;True;3
1621219168000;11544337;154.017;154.037;154.027;0;T;True;3
1621219169000;11544339;154.016;154.036;154.026;1;T;True;3
1621219170000;11544340;154.016;154.036;154.026;0;T;True;3
1621219171000;11544341;154.016;154.036;154.026;0;T;True;3
1621219172000;11544342;154.016;154.036;154.026;0;T;True;3
1621219173000;11544343;154.016;154.036;154.026;0;T;True;3
1621219174000;11544344;154.016;154.036;154.026;0;T;True;3
1621219175000;11544345;154.016;154.036;154.026;0;T;True;3
1621219176000;11544346;154.016;154.036;154.026;0;T;True;3
1621219177000;11544347;154.016;154.036;154.026;0;T;True;3
1621219178000;11544348;154.016;154.036;154.026;0;T;True;3
1621219179000;11544349;154.016;154.036;154.026;0;T;True;3
1621219180000;11544351;154.015;154.035;154.025;1;T;True;3
1621219181000;11544355;154.016;154.036;154.026;3;T;True;3
1621219182000;11544356;154.016;154.036;154.026;0;T;True;3
1621219183000;11544357;154.016;154.036;154.026;0;T;True;3
1621219184000;11544358;154.016;154.036;154.026;0;T;True;3
1621219185000;11544359;154.016;154.036;154.026;0;T;True;3
1621219186000;11544360;154.016;154.036;154.026;0;T;True;3
1621219187000;11544363;154.01;154.03;154.02;2;T;True;3
1621219188000;11544365;154.011;154.031;154.021;1;T;True;3
1621219189000;11544366;154.011;154.031;154.021;0;T;True;3
1621219190000;11544367;154.011;154.031;154.021;0;T;True;3
1621219191000;11544369;154.01;154.03;154.02;1;T;True;3
1621219192000;11544371;154.009;154.029;154.019;1;T;True;3
1621219193000;11544372;154.009;154.029;154.019;0;T;True;3
1621219194000;11544373;154.009;154.029;154.019;0;T;True;3
1621219195000;11544374;154.009;154.029;154.019;0;T;True;3
1621219196000;11544377;154.009;154.029;154.019;2;T;True;3
1621219197000;11544380;154.006;154.026;154.016;2;T;True;3
1621219198000;11544382;154.005;154.025;154.015;1;T;True;3
1621219199000;11544383;154.005;154.025;154.015;0;T;True;3
1621219200000;11544384;154.005;154.025;154.015;0;T;True;3
1621219201000;11544385;154.005;154.025;154.015;0;T;True;3
1621219202000;11544386;154.005;154.025;154.015;0;T;True;3
1621219203000;11544388;154.006;154.026;154.016;1;T;True;3
1621219204000;11544390;154.008;154.028;154.018;1;T;True;3
1621219205000;11544393;154.008;154.028;154.018;2;T;True;3
1621219206000;11544396;154.011;154.031;154.021;2;T;True;3
1621219207000;11544398;154.013;154.033;154.023;1;T;True;3
1621219208000;11544399;154.013;154.033;154.023;0;T;True;3
1621219209000;11544400;154.013;154.033;154.023;0;T;True;3
1621219210000;11544401;154.013;154.033;154.023;0;T;True;3
1621219211000;11544402;154.013;154.033;154.023;0;T;True;3
1621219212000;11544403;154.013;154.033;154.023;0;T;True;3
1621219213000;11544404;154.013;154.033;154.023;0;T;True;3
1621219214000;11544405;154.013;154.033;154.023;0;T;True;3
1621219215000;11544406;154.013;154.033;154.023;0;T;True;3
1621219216000;11544407;154.013;154.033;154.023;0;T;True;3
1621219217000;11544408;154.013;154.033;154.023;0;T;True;3
1621219218000;11544409;154.013;154.033;154.023;0;T;True;3
1621219219000;11544411;154.011;154.031;154.021;1;T;True;3
1621219220000;11544412;154.011;154.031;154.021;0;T;True;3
1621219221000;11544415;154.011;154.031;154.021;2;T;True;3
1621219222000;11544416;154.011;154.031;154.021;0;T;True;3
1621219223000;11544418;154.012;154.032;154.022;1;T;True;3
1621219224000;11544419;154.012;154.032;154.022;0;T;True;3
1621219225000;11544421;154.015;154.035;154.025;1;T;True;3
1621219226000;11544424;154.011;154.031;154.021;2;T;True;3
1621219227000;11544426;154.013;154.033;154.023;1;T;True;3
1621219228000;11544427;154.013;154.033;154.023;0;T;True;3
1621219229000;11544428;154.013;154.033;154.023;0;T;True;3
1621219230000;11544431;154.017;154.037;154.027;2;T;True;3
1621219231000;11544432;154.017;154.037;154.027;0;T;True;3
1621219232000;11544433;154.017;154.037;154.027;0;T;True;3
1621219233000;11544435;154.016;154.036;154.026;1;T;True;3
1621219234000;11544436;154.016;154.036;154.026;0;T;True;3
1621219235000;11544438;154.017;154.037;154.027;1;T;True;3
1621219236000;11544439;154.017;154.037;154.027;0;T;True;3
1621219237000;11544440;154.017;154.037;154.027;0;T;True;3
1621219238000;11544441;154.017;154.037;154.027;0;T;True;3
1621219239000;11544442;154.017;154.037;154.027;0;T;True;3
1621219240000;11544443;154.017;154.037;154.027;0;T;True;3
1621219241000;11544444;154.017;154.037;154.027;0;T;True;3
1621219242000;11544445;154.017;154.037;154.027;0;T;True;3
1621219243000;11544447;154.016;154.036;154.026;1;T;True;3
1621219244000;11544448;154.016;154.036;154.026;0;T;True;3
1621219245000;11544449;154.016;154.036;154.026;0;T;True;3
1621219246000;11544452;154.013;154.033;154.023;2;T;True;3
1621219247000;11544453;154.013;154.033;154.023;0;T;True;3
1621219248000;11544455;154.015;154.035;154.025;1;T;True;3
1621219249000;11544456;154.015;154.035;154.025;0;T;True;3
1621219250000;11544457;154.015;154.035;154.025;0;T;True;3
1621219251000;11544458;154.015;154.035;154.025;0;T;True;3
1621219252000;11544460;154.014;154.034;154.024;1;T;True;3
1621219253000;11544461;154.014;154.034;154.024;0;T;True;3
1621219254000;11544462;154.014;154.034;154.024;0;T;True;3
1621219255000;11544463;154.014;154.034;154.024;0;T;True;3
1621219256000;11544464;154.014;154.034;154.024;0;T;True;3
1621219257000;11544465;154.014;154.034;154.024;0;T;True;3
1621219258000;11544466;154.014;154.034;154.024;0;T;True;3
1621219259000;11544467;154.014;154.034;154.024;0;T;True;3
1621219260000;11544468;154.014;154.034;154.024;0;T;True;3
1621219261000;11544469;154.014;154.034;154.024;0;T;True;3
1621219262000;11544470;154.014;154.034;154.024;0;T;True;3
1621219263000;11544471;154.014;154.034;154.024;0;T;True;3
1621219264000;11544473;154.015;154.035;154.025;1;T;True;3
1621219265000;11544474;154.015;154.035;154.025;0;T;True;3
1621219266000;11544475;154.015;154.035;154.025;0;T;True;3
1621219267000;11544476;154.015;154.035;154.025;0;T;True;3
1621219268000;11544477;154.015;154.035;154.025;0;T;True;3
1621219269000;11544480;154.019;154.039;154.029;2;T;True;3
1621219270000;11544481;154.019;154.039;154.029;0;T;True;3
1621219271000;11544482;154.019;154.039;154.029;0;T;True;3
1621219272000;11544483;154.019;154.039;154.029;0;T;True;3
1621219273000;11544484;154.019;154.039;154.029;0;T;True;3
1621219274000;11544485;154.019;154.039;154.029;0;T;True;3
1621219275000;11544486;154.019;154.039;154.029;0;T;True;3
1621219276000;11544487;154.019;154.039;154.029;0;T;True;3
1621219277000;11544488;154.019;154.039;154.029;0;T;True;3
1621219278000;11544489;154.019;154.039;154.029;0;T;True;3
1621219279000;11544490;154.019;154.039;154.029;0;T;True;3
1621219280000;11544491;154.019;154.039;154.029;0;T;True;3
1621219281000;11544492;154.019;154.039;154.029;0;T;True;3
1621219282000;11544493;154.019;154.039;154.029;0;T;True;3
1621219283000;11544494;154.019;154.039;154.029;0;T;True;3
1621219284000;11544495;154.019;154.039;154.029;0;T;True;3
1621219285000;11544496;154.019;154.039;154.029;0;T;True;3
1621219286000;11544497;154.019;154.039;154.029;0;T;True;3
1621219287000;11544498;154.019;154.039;154.029;0;T;True;3
1621219288000;11544499;154.019;154.039;154.029;0;T;True;3
1621219289000;11544500;154.019;154.039;154.029;0;T;True;3
1621219290000;11544503;154.019;154.039;154.029;2;T;True;3
1621219291000;11544504;154.019;154.039;154.029;0;T;True;3
1621219292000;11544506;154.018;154.038;154.028;1;T;True;3
1621219293000;11544507;154.018;154.038;154.028;0;T;True;3
1621219294000;11544508;154.018;154.038;154.028;0;T;True;3
1621219295000;11544509;154.018;154.038;154.028;0;T;True;3
1621219296000;11544510;154.018;154.038;154.028;0;T;True;3
1621219297000;11544511;154.018;154.038;154.028;0;T;True;3
1621219298000;11544512;154.018;154.038;154.028;0;T;True;3
1621219299000;11544513;154.018;154.038;154.028;0;T;True;3
1621219300000;11544514;154.018;154.038;154.028;0;T;True;3
1621219301000;11544515;154.018;154.038;154.028;0;T;True;3
1621219302000;11544516;154.018;154.038;154.028;0;T;True;3
1621219303000;11544521;154.025;154.045;154.035;4;T;True;3
1621219304000;11544522;154.025;154.045;154.035;0;T;True;3
1621219305000;11544524;154.024;154.044;154.034;1;T;True;3
1621219306000;11544528;154.023;154.043;154.033;3;T;True;3
1621219307000;11544529;154.023;154.043;154.033;0;T;True;3
1621219308000;11544530;154.023;154.043;154.033;0;T;True;3
1621219309000;11544531;154.023;154.043;154.033;0;T;True;3
1621219310000;11544532;154.023;154.043;154.033;0;T;True;3
1621219311000;11544534;154.021;154.041;154.031;1;T;True;3
1621219312000;11544535;154.021;154.041;154.031;0;T;True;3
1621219313000;11544536;154.021;154.041;154.031;0;T;True;3
1621219314000;11544537;154.021;154.041;154.031;0;T;True;3
1621219315000;11544539;154.022;154.042;154.032;1;T;True;3
1621219316000;11544541;154.024;154.044;154.034;1;T;True;3
1621219317000;11544542;154.024;154.044;154.034;0;T;True;3
1621219318000;11544543;154.024;154.044;154.034;0;T;True;3
1621219319000;11544547;154.023;154.043;154.033;3;T;True;3
1621219320000;11544550;154.023;154.043;154.033;2;T;True;3
1621219321000;11544551;154.023;154.043;154.033;0;T;True;3
1621219322000;11544552;154.023;154.043;154.033;0;T;True;3
1621219323000;11544553;154.023;154.043;154.033;0;T;True;3
1621219324000;11544554;154.023;154.043;154.033;0;T;True;3
1621219325000;11544557;154.021;154.041;154.031;2;T;True;3
1621219326000;11544562;154.015;154.035;154.025;4;T;True;3
1621219327000;11544564;154.017;154.037;154.027;1;T;True;3
1621219328000;11544565;154.017;154.037;154.027;0;T;True;3
1621219329000;11544566;154.017;154.037;154.027;0;T;True;3
1621219330000;11544567;154.017;154.037;154.027;0;T;True;3
1621219331000;11544568;154.017;154.037;154.027;0;T;True;3
1621219332000;11544570;154.019;154.039;154.029;1;T;True;3
1621219333000;11544571;154.019;154.039;154.029;0;T;True;3
1621219334000;11544572;154.019;154.039;154.029;0;T;True;3
1621219335000;11544573;154.019;154.039;154.029;0;T;True;3
1621219336000;11544574;154.019;154.039;154.029;0;T;True;3
1621219337000;11544575;154.019;154.039;154.029;0;T;True;3
1621219338000;11544576;154.019;154.039;154.029;0;T;True;3
1621219339000;11544577;154.019;154.039;154.029;0;T;True;3
1621219340000;11544578;154.019;154.039;154.029;0;T;True;3
1621219341000;11544579;154.019;154.039;154.029;0;T;True;3
1621219342000;11544580;154.019;154.039;154.029;0;T;True;3
1621219343000;11544581;154.019;154.039;154.029;0;T;True;3
1621219344000;11544582;154.019;154.039;154.029;0;T;True;3
1621219345000;11544583;154.019;154.039;154.029;0;T;True;3
1621219346000;11544584;154.019;154.039;154.029;0;T;True;3
1621219347000;11544585;154.019;154.039;154.029;0;T;True;3
1621219348000;11544586;154.019;154.039;154.029;0;T;True;3
1621219349000;11544587;154.019;154.039;154.029;0;T;True;3
1621219350000;11544588;154.019;154.039;154.029;0;T;True;3
1621219351000;11544589;154.019;154.039;154.029;0;T;True;3
1621219352000;11544590;154.019;154.039;154.029;0;T;True;3
1621219353000;11544591;154.019;154.039;154.029;0;T;True;3
1621219354000;11544592;154.019;154.039;154.029;0;T;True;3
1621219355000;11544595;154.021;154.041;154.031;2;T;True;3
1621219356000;11544596;154.021;154.041;154.031;0;T;True;3
1621219357000;11544597;154.021;154.041;154.031;0;T;True;3
1621219358000;11544598;154.021;154.041;154.031;0;T;True;3
1621219359000;11544600;154.024;154.044;154.034;1;T;True;3
1621219360000;11544601;154.024;154.044;154.034;0;T;True;3
1621219361000;11544604;154.024;154.044;154.034;2;T;True;3
1621219362000;11544605;154.024;154.044;154.034;0;T;True;3
1621219363000;11544607;154.023;154.043;154.033;1;T;True;3
1621219364000;11544608;154.023;154.043;154.033;0;T;True;3
1621219365000;11544610;154.022;154.042;154.032;1;T;True;3
1621219366000;11544611;154.022;154.042;154.032;0;T;True;3
1621219367000;11544612;154.022;154.042;154.032;0;T;True;3
1621219368000;11544613;154.022;154.042;154.032;0;T;True;3
1621219369000;11544614;154.022;154.042;154.032;0;T;True;3
1621219370000;11544615;154.022;154.042;154.032;0;T;True;3
1621219371000;11544616;154.022;154.042;154.032;0;T;True;3
1621219372000;11544617;154.022;154.042;154.032;0;T;True;3
1621219373000;11544618;154.022;154.042;154.032;0;T;True;3
1621219374000;11544619;154.022;154.042;154.032;0;T;True;3
1621219375000;11544620;154.022;154.042;154.032;0;T;True;3
1621219376000;11544621;154.022;154.042;154.032;0;T;True;3
1621219377000;11544622;154.022;154.042;154.032;0;T;True;3
1621219378000;11544623;154.022;154.042;154.032;0;T;True;3
1621219379000;11544624;154.022;154.042;154.032;0;T;True;3
1621219380000;11544625;154.022;154.042;154.032;0;T;True;3
1621219381000;11544627;154.021;154.041;154.031;1;T;True;3
1621219382000;11544629;154.02;154.04;154.03;1;T;True;3
1621219383000;11544630;154.02;154.04;154.03;0;T;True;3
1621219384000;11544631;154.02;154.04;154.03;0;T;True;3
1621219385000;11544632;154.02;154.04;154.03;0;T;True;3
1621219386000;11544634;154.021;154.041;154.031;1;T;True;3
1621219387000;11544635;154.021;154.041;154.031;0;T;True;3
1621219388000;11544636;154.021;154.041;154.031;0;T;True;3
1621219389000;11544637;154.021;154.041;154.031;0;T;True;3
1621219390000;11544638;154.021;154.041;154.031;0;T;True;3
1621219391000;11544639;154.021;154.041;154.031;0;T;True;3
1621219392000;11544640;154.021;154.041;154.031;0;T;True;3
1621219393000;11544641;154.021;154.041;154.031;0;T;True;3
1621219394000;11544642;154.021;154.041;154.031;0;T;True;3
1621219395000;11544644;154.023;154.043;154.033;1;T;True;3
1621219396000;11544645;154.023;154.043;154.033;0;T;True;3
1621219397000;11544646;154.023;154.043;154.033;0;T;True;3
1621219398000;11544647;154.023;154.043;154.033;0;T;True;3
1621219399000;11544651;154.023;154.043;154.033;3;T;True;3
1621219400000;11544653;154.021;154.041;154.031;1;T;True;3
1621219401000;11544654;154.021;154.041;154.031;0;T;True;3
1621219402000;11544655;154.021;154.041;154.031;0;T;True;3
1621219403000;11544656;154.021;154.041;154.031;0;T;True;3
1621219404000;11544657;154.021;154.041;154.031;0;T;True;3
1621219405000;11544658;154.021;154.041;154.031;0;T;True;3
1621219406000;11544659;154.021;154.041;154.031;0;T;True;3
1621219407000;11544660;154.021;154.041;154.031;0;T;True;3
1621219408000;11544662;154.02;154.04;154.03;1;T;True;3
1621219409000;11544664;154.021;154.041;154.031;1;T;True;3
1621219410000;11544665;154.021;154.041;154.031;0;T;True;3
1621219411000;11544666;154.021;154.041;154.031;0;T;True;3
1621219412000;11544667;154.021;154.041;154.031;0;T;True;3
1621219413000;11544669;154.023;154.043;154.033;1;T;True;3
1621219414000;11544670;154.023;154.043;154.033;0;T;True;3
1621219415000;11544671;154.023;154.043;154.033;0;T;True;3
1621219416000;11544672;154.023;154.043;154.033;0;T;True;3
1621219417000;11544673;154.023;154.043;154.033;0;T;True;3
1621219418000;11544674;154.023;154.043;154.033;0;T;True;3
1621219419000;11544675;154.023;154.043;154.033;0;T;True;3
1621219420000;11544677;154.022;154.042;154.032;1;T;True;3
1621219421000;11544678;154.022;154.042;154.032;0;T;True;3
1621219422000;11544679;154.022;154.042;154.032;0;T;True;3
1621219423000;11544681;154.023;154.043;154.033;1;T;True;3
1621219424000;11544682;154.023;154.043;154.033;0;T;True;3
1621219425000;11544683;154.023;154.043;154.033;0;T;True;3
1621219426000;11544684;154.023;154.043;154.033;0;T;True;3
1621219427000;11544686;154.022;154.042;154.032;1;T;True;3
1621219428000;11544687;154.022;154.042;154.032;0;T;True;3
1621219429000;11544688;154.022;154.042;154.032;0;T;True;3
1621219430000;11544690;154.021;154.041;154.031;1;T;True;3
1621219431000;11544691;154.021;154.041;154.031;0;T;True;3
1621219432000;11544692;154.021;154.041;154.031;0;T;True;3
1621219433000;11544694;154.022;154.042;154.032;1;T;True;3
1621219434000;11544695;154.022;154.042;154.032;0;T;True;3
1621219435000;11544696;154.022;154.042;154.032;0;T;True;3
1621219436000;11544697;154.022;154.042;154.032;0;T;True;3
1621219437000;11544698;154.022;154.042;154.032;0;T;True;3
1621219438000;11544700;154.023;154.043;154.033;1;T;True;3
1621219439000;11544701;154.023;154.043;154.033;0;T;True;3
1621219440000;11544702;154.023;154.043;154.033;0;T;True;3
1621219441000;11544704;154.025;154.045;154.035;1;T;True;3
1621219442000;11544705;154.025;154.045;154.035;0;T;True;3
1621219443000;11544709;154.028;154.048;154.038;3;T;True;3
1621219444000;11544711;154.029;154.049;154.039;1;T;True;3
1621219445000;11544713;154.03;154.05;154.04;1;T;True;3
1621219446000;11544714;154.03;154.05;154.04;0;T;True;3
1621219447000;11544715;154.03;154.05;154.04;0;T;True;3
1621219448000;11544716;154.03;154.05;154.04;0;T;True;3
1621219449000;11544720;154.026;154.046;154.036;3;T;True;3
1621219450000;11544722;154.027;154.047;154.037;1;T;True;3
1621219451000;11544723;154.027;154.047;154.037;0;T;True;3
1621219452000;11544725;154.023;154.043;154.033;1;T;True;3
1621219453000;11544728;154.027;154.047;154.037;2;T;True;3
1621219454000;11544729;154.027;154.047;154.037;0;T;True;3
1621219455000;11544730;154.027;154.047;154.037;0;T;True;3
1621219456000;11544731;154.027;154.047;154.037;0;T;True;3
1621219457000;11544732;154.027;154.047;154.037;0;T;True;3
1621219458000;11544734;154.03;154.05;154.04;1;T;True;3
1621219459000;11544735;154.03;154.05;154.04;0;T;True;3
1621219460000;11544736;154.03;154.05;154.04;0;T;True;3
1621219461000;11544737;154.03;154.05;154.04;0;T;True;3
1621219462000;11544738;154.03;154.05;154.04;0;T;True;3
1621219463000;11544739;154.03;154.05;154.04;0;T;True;3
1621219464000;11544740;154.03;154.05;154.04;0;T;True;3
1621219465000;11544741;154.03;154.05;154.04;0;T;True;3
1621219466000;11544742;154.03;154.05;154.04;0;T;True;3
1621219467000;11544743;154.03;154.05;154.04;0;T;True;3
1621219468000;11544744;154.03;154.05;154.04;0;T;True;3
1621219469000;11544745;154.03;154.05;154.04;0;T;True;3
1621219470000;11544746;154.03;154.05;154.04;0;T;True;3
1621219471000;11544747;154.03;154.05;154.04;0;T;True;3
1621219472000;11544748;154.03;154.05;154.04;0;T;True;3
1621219473000;11544749;154.03;154.05;154.04;0;T;True;3
1621219474000;11544750;154.03;154.05;154.04;0;T;True;3
1621219475000;11544751;154.03;154.05;154.04;0;T;True;3
1621219476000;11544752;154.03;154.05;154.04;0;T;True;3
1621219477000;11544753;154.03;154.05;154.04;0;T;True;3
1621219478000;11544754;154.03;154.05;154.04;0;T;True;3
1621219479000;11544755;154.03;154.05;154.04;0;T;True;3
1621219480000;11544757;154.029;154.049;154.039;1;T;True;3
1621219481000;11544758;154.029;154.049;154.039;0;T;True;3
1621219482000;11544759;154.029;154.049;154.039;0;T;True;3
1621219483000;11544760;154.029;154.049;154.039;0;T;True;3
1621219484000;11544762;154.028;154.048;154.038;1;T;True;3
1621219485000;11544765;154.023;154.043;154.033;2;T;True;3
1621219486000;11544766;154.023;154.043;154.033;0;T;True;3
1621219487000;11544767;154.023;154.043;154.033;0;T;True;3
1621219488000;11544768;154.023;154.043;154.033;0;T;True;3
1621219489000;11544769;154.023;154.043;154.033;0;T;True;3
1621219490000;11544770;154.023;154.043;154.033;0;T;True;3
1621219491000;11544771;154.023;154.043;154.033;0;T;True;3
1621219492000;11544772;154.023;154.043;154.033;0;T;True;3
1621219493000;11544773;154.023;154.043;154.033;0;T;True;3
1621219494000;11544774;154.023;154.043;154.033;0;T;True;3
1621219495000;11544775;154.023;154.043;154.033;0;T;True;3
1621219496000;11544776;154.023;154.043;154.033;0;T;True;3
1621219497000;11544777;154.023;154.043;154.033;0;T;True;3
1621219498000;11544778;154.023;154.043;154.033;0;T;True;3
1621219499000;11544780;154.024;154.044;154.034;1;T;True;3
1621219500000;11544781;154.024;154.044;154.034;0;T;True;3
1621219501000;11544782;154.024;154.044;154.034;0;T;True;3
1621219502000;11544783;154.024;154.044;154.034;0;T;True;3
1621219503000;11544784;154.024;154.044;154.034;0;T;True;3
1621219504000;11544785;154.024;154.044;154.034;0;T;True;3
1621219505000;11544786;154.024;154.044;154.034;0;T;True;3
1621219506000;11544788;154.025;154.045;154.035;1;T;True;3
1621219507000;11544789;154.025;154.045;154.035;0;T;True;3
1621219508000;11544790;154.025;154.045;154.035;0;T;True;3
1621219509000;11544792;154.026;154.046;154.036;1;T;True;3
1621219510000;11544793;154.026;154.046;154.036;0;T;True;3
1621219511000;11544794;154.026;154.046;154.036;0;T;True;3
1621219512000;11544795;154.026;154.046;154.036;0;T;True;3
1621219513000;11544797;154.025;154.045;154.035;1;T;True;3
1621219514000;11544798;154.025;154.045;154.035;0;T;True;3
1621219515000;11544799;154.025;154.045;154.035;0;T;True;3
1621219516000;11544800;154.025;154.045;154.035;0;T;True;3
1621219517000;11544801;154.025;154.045;154.035;0;T;True;3
1621219518000;11544802;154.025;154.045;154.035;0;T;True;3
1621219519000;11544803;154.025;154.045;154.035;0;T;True;3
1621219520000;11544804;154.025;154.045;154.035;0;T;True;3
1621219521000;11544805;154.025;154.045;154.035;0;T;True;3
1621219522000;11544806;154.025;154.045;154.035;0;T;True;3
1621219523000;11544807;154.025;154.045;154.035;0;T;True;3
1621219524000;11544808;154.025;154.045;154.035;0;T;True;3
1621219525000;11544811;154.025;154.045;154.035;2;T;True;3
1621219526000;11544812;154.025;154.045;154.035;0;T;True;3
1621219527000;11544813;154.025;154.045;154.035;0;T;True;3
1621219528000;11544814;154.025;154.045;154.035;0;T;True;3
1621219529000;11544815;154.025;154.045;154.035;0;T;True;3
1621219530000;11544816;154.025;154.045;154.035;0;T;True;3
1621219531000;11544818;154.024;154.044;154.034;1;T;True;3
1621219532000;11544820;154.025;154.045;154.035;1;T;True;3
1621219533000;11544821;154.025;154.045;154.035;0;T;True;3
1621219534000;11544822;154.025;154.045;154.035;0;T;True;3
1621219535000;11544823;154.025;154.045;154.035;0;T;True;3
1621219536000;11544824;154.025;154.045;154.035;0;T;True;3
1621219537000;11544825;154.025;154.045;154.035;0;T;True;3
1621219538000;11544826;154.025;154.045;154.035;0;T;True;3
1621219539000;11544827;154.025;154.045;154.035;0;T;True;3
1621219540000;11544828;154.025;154.045;154.035;0;T;True;3
1621219541000;11544829;154.025;154.045;154.035;0;T;True;3
1621219542000;11544830;154.025;154.045;154.035;0;T;True;3
1621219543000;11544831;154.025;154.045;154.035;0;T;True;3
1621219544000;11544832;154.025;154.045;154.035;0;T;True;3
1621219545000;11544833;154.025;154.045;154.035;0;T;True;3
1621219546000;11544834;154.025;154.045;154.035;0;T;True;3
1621219547000;11544835;154.025;154.045;154.035;0;T;True;3
1621219548000;11544836;154.025;154.045;154.035;0;T;True;3
1621219549000;11544837;154.025;154.045;154.035;0;T;True;3
1621219550000;11544838;154.025;154.045;154.035;0;T;True;3
1621219551000;11544839;154.025;154.045;154.035;0;T;True;3
1621219552000;11544840;154.025;154.045;154.035;0;T;True;3
1621219553000;11544841;154.025;154.045;154.035;0;T;True;3
1621219554000;11544842;154.025;154.045;154.035;0;T;True;3
1621219555000;11544843;154.025;154.045;154.035;0;T;True;3
1621219556000;11544844;154.025;154.045;154.035;0;T;True;3
1621219557000;11544845;154.025;154.045;154.035;0;T;True;3
1621219558000;11544846;154.025;154.045;154.035;0;T;True;3
1621219559000;11544847;154.025;154.045;154.035;0;T;True;3
1621219560000;11544848;154.025;154.045;154.035;0;T;True;3
1621219561000;11544850;154.024;154.044;154.034;1;T;True;3
1621219562000;11544851;154.024;154.044;154.034;0;T;True;3
1621219563000;11544853;154.025;154.045;154.035;1;T;True;3
1621219564000;11544854;154.025;154.045;154.035;0;T;True;3
1621219565000;11544855;154.025;154.045;154.035;0;T;True;3
1621219566000;11544856;154.025;154.045;154.035;0;T;True;3
1621219567000;11544862;154.017;154.037;154.027;5;T;True;3
1621219568000;11544863;154.017;154.037;154.027;0;T;True;3
1621219569000;11544864;154.017;154.037;154.027;0;T;True;3
1621219570000;11544865;154.017;154.037;154.027;0;T;True;3
1621219571000;11544866;154.017;154.037;154.027;0;T;True;3
1621219572000;11544867;154.017;154.037;154.027;0;T;True;3
1621219573000;11544868;154.017;154.037;154.027;0;T;True;3
1621219574000;11544870;154.016;154.036;154.026;1;T;True;3
1621219575000;11544871;154.016;154.036;154.026;0;T;True;3
1621219576000;11544872;154.016;154.036;154.026;0;T;True;3
1621219577000;11544874;154.017;154.037;154.027;1;T;True;3
1621219578000;11544876;154.019;154.039;154.029;1;T;True;3
1621219579000;11544877;154.019;154.039;154.029;0;T;True;3
1621219580000;11544878;154.019;154.039;154.029;0;T;True;3
1621219581000;11544879;154.019;154.039;154.029;0;T;True;3
1621219582000;11544880;154.019;154.039;154.029;0;T;True;3
1621219583000;11544881;154.019;154.039;154.029;0;T;True;3
1621219584000;11544882;154.019;154.039;154.029;0;T;True;3
1621219585000;11544883;154.019;154.039;154.029;0;T;True;3
1621219586000;11544884;154.019;154.039;154.029;0;T;True;3
1621219587000;11544885;154.019;154.039;154.029;0;T;True;3
1621219588000;11544886;154.019;154.039;154.029;0;T;True;3
1621219589000;11544887;154.019;154.039;154.029;0;T;True;3
1621219590000;11544888;154.019;154.039;154.029;0;T;True;3
1621219591000;11544889;154.019;154.039;154.029;0;T;True;3
1621219592000;11544890;154.019;154.039;154.029;0;T;True;3
1621219593000;11544891;154.019;154.039;154.029;0;T;True;3
1621219594000;11544892;154.019;154.039;154.029;0;T;True;3
1621219595000;11544893;154.019;154.039;154.029;0;T;True;3
1621219596000;11544894;154.019;154.039;154.029;0;T;True;3
1621219597000;11544895;154.019;154.039;154.029;0;T;True;3
1621219598000;11544896;154.019;154.039;154.029;0;T;True;3
1621219599000;11544897;154.019;154.039;154.029;0;T;True;3
1621219600000;11544898;154.019;154.039;154.029;0;T;True;3
1621219601000;11544899;154.019;154.039;154.029;0;T;True;3
1621219602000;11544902;154.023;154.043;154.033;2;T;True;3
1621219603000;11544903;154.023;154.043;154.033;0;T;True;3
1621219604000;11544904;154.023;154.043;154.033;0;T;True;3
1621219605000;11544905;154.023;154.043;154.033;0;T;True;3
1621219606000;11544907;154.022;154.042;154.032;1;T;True;3
1621219607000;11544909;154.021;154.041;154.031;1;T;True;3
1621219608000;11544911;154.023;154.043;154.033;1;T;True;3
1621219609000;11544912;154.023;154.043;154.033;0;T;True;3
1621219610000;11544913;154.023;154.043;154.033;0;T;True;3
1621219611000;11544914;154.023;154.043;154.033;0;T;True;3
1621219612000;11544915;154.023;154.043;154.033;0;T;True;3
1621219613000;11544916;154.023;154.043;154.033;0;T;True;3
1621219614000;11544917;154.023;154.043;154.033;0;T;True;3
1621219615000;11544918;154.023;154.043;154.033;0;T;True;3
1621219616000;11544920;154.021;154.041;154.031;1;T;True;3
1621219617000;11544921;154.021;154.041;154.031;0;T;True;3
1621219618000;11544923;154.019;154.039;154.029;1;T;True;3
1621219619000;11544926;154.012;154.032;154.022;2;T;True;3
1621219620000;11544927;154.012;154.032;154.022;0;T;True;3
1621219621000;11544928;154.012;154.032;154.022;0;T;True;3
1621219622000;11544933;154.003;154.023;154.013;4;T;True;3
1621219623000;11544934;154.003;154.023;154.013;0;T;True;3
1621219624000;11544935;154.003;154.023;154.013;0;T;True;3
1621219625000;11544936;154.003;154.023;154.013;0;T;True;3
1621219626000;11544937;154.003;154.023;154.013;0;T;True;3
1621219627000;11544939;154.001;154.021;154.011;1;T;True;3
1621219628000;11544940;154.001;154.021;154.011;0;T;True;3
1621219629000;11544941;154.001;154.021;154.011;0;T;True;3
1621219630000;11544942;154.001;154.021;154.011;0;T;True;3
1621219631000;11544943;154.001;154.021;154.011;0;T;True;3
1621219632000;11544945;154.002;154.022;154.012;1;T;True;3
1621219633000;11544946;154.002;154.022;154.012;0;T;True;3
1621219634000;11544947;154.002;154.022;154.012;0;T;True;3
1621219635000;11544948;154.002;154.022;154.012;0;T;True;3
1621219636000;11544949;154.002;154.022;154.012;0;T;True;3
1621219637000;11544951;154.003;154.023;154.013;1;T;True;3
1621219638000;11544952;154.003;154.023;154.013;0;T;True;3
1621219639000;11544953;154.003;154.023;154.013;0;T;True;3
1621219640000;11544955;154.004;154.024;154.014;1;T;True;3
1621219641000;11544956;154.004;154.024;154.014;0;T;True;3
1621219642000;11544957;154.004;154.024;154.014;0;T;True;3
1621219643000;11544958;154.004;154.024;154.014;0;T;True;3
1621219644000;11544959;154.004;154.024;154.014;0;T;True;3
1621219645000;11544960;154.004;154.024;154.014;0;T;True;3
1621219646000;11544961;154.004;154.024;154.014;0;T;True;3
1621219647000;11544962;154.004;154.024;154.014;0;T;True;3
1621219648000;11544963;154.004;154.024;154.014;0;T;True;3
1621219649000;11544964;154.004;154.024;154.014;0;T;True;3
1621219650000;11544965;154.004;154.024;154.014;0;T;True;3
1621219651000;11544966;154.004;154.024;154.014;0;T;True;3
1621219652000;11544972;154.0;154.02;154.01;5;T;True;3
1621219653000;11544974;153.999;154.019;154.009;1;T;True;3
1621219654000;11544976;154.001;154.021;154.011;1;T;True;3
1621219655000;11544977;154.001;154.021;154.011;0;T;True;3
1621219656000;11544978;154.001;154.021;154.011;0;T;True;3
1621219657000;11544979;154.001;154.021;154.011;0;T;True;3
1621219658000;11544980;154.001;154.021;154.011;0;T;True;3
1621219659000;11544981;154.001;154.021;154.011;0;T;True;3
1621219660000;11544982;154.001;154.021;154.011;0;T;True;3
1621219661000;11544983;154.001;154.021;154.011;0;T;True;3
1621219662000;11544984;154.001;154.021;154.011;0;T;True;3
1621219663000;11544989;153.991;154.011;154.001;4;T;True;3
1621219664000;11544991;153.993;154.013;154.003;1;T;True;3
1621219665000;11544992;153.993;154.013;154.003;0;T;True;3
1621219666000;11544993;153.993;154.013;154.003;0;T;True;3
1621219667000;11544994;153.993;154.013;154.003;0;T;True;3
1621219668000;11544997;153.991;154.011;154.001;2;T;True;3
1621219669000;11544998;153.991;154.011;154.001;0;T;True;3
1621219670000;11544999;153.991;154.011;154.001;0;T;True;3
1621219671000;11545004;153.993;154.013;154.003;4;T;True;3
1621219672000;11545007;153.993;154.013;154.003;2;T;True;3
1621219673000;11545008;153.993;154.013;154.003;0;T;True;3
1621219674000;11545012;153.997;154.017;154.007;3;T;True;3
1621219675000;11545013;153.997;154.017;154.007;0;T;True;3
1621219676000;11545015;153.996;154.016;154.006;1;T;True;3
1621219677000;11545016;153.996;154.016;154.006;0;T;True;3
1621219678000;11545017;153.996;154.016;154.006;0;T;True;3
1621219679000;11545019;153.997;154.017;154.007;1;T;True;3
1621219680000;11545020;153.997;154.017;154.007;0;T;True;3
1621219681000;11545021;153.997;154.017;154.007;0;T;True;3
1621219682000;11545022;153.997;154.017;154.007;0;T;True;3
1621219683000;11545023;153.997;154.017;154.007;0;T;True;3
1621219684000;11545024;153.997;154.017;154.007;0;T;True;3
1621219685000;11545025;153.997;154.017;154.007;0;T;True;3
1621219686000;11545026;153.997;154.017;154.007;0;T;True;3
1621219687000;11545027;153.997;154.017;154.007;0;T;True;3
1621219688000;11545028;153.997;154.017;154.007;0;T;True;3
1621219689000;11545029;153.997;154.017;154.007;0;T;True;3
1621219690000;11545030;153.997;154.017;154.007;0;T;True;3
1621219691000;11545031;153.997;154.017;154.007;0;T;True;3
1621219692000;11545032;153.997;154.017;154.007;0;T;True;3
1621219693000;11545033;153.997;154.017;154.007;0;T;True;3
1621219694000;11545034;153.997;154.017;154.007;0;T;True;3
1621219695000;11545035;153.997;154.017;154.007;0;T;True;3
1621219696000;11545036;153.997;154.017;154.007;0;T;True;3
1621219697000;11545037;153.997;154.017;154.007;0;T;True;3
1621219698000;11545038;153.997;154.017;154.007;0;T;True;3
1621219699000;11545039;153.997;154.017;154.007;0;T;True;3
1621219700000;11545040;153.997;154.017;154.007;0;T;True;3
1621219701000;11545041;153.997;154.017;154.007;0;T;True;3
1621219702000;11545042;153.997;154.017;154.007;0;T;True;3
1621219703000;11545043;153.997;154.017;154.007;0;T;True;3
1621219704000;11545044;153.997;154.017;154.007;0;T;True;3
1621219705000;11545047;153.997;154.017;154.007;2;T;True;3
1621219706000;11545048;153.997;154.017;154.007;0;T;True;3
1621219707000;11545049;153.997;154.017;154.007;0;T;True;3
1621219708000;11545050;153.997;154.017;154.007;0;T;True;3
1621219709000;11545051;153.997;154.017;154.007;0;T;True;3
1621219710000;11545052;153.997;154.017;154.007;0;T;True;3
1621219711000;11545053;153.997;154.017;154.007;0;T;True;3
1621219712000;11545054;153.997;154.017;154.007;0;T;True;3
1621219713000;11545055;153.997;154.017;154.007;0;T;True;3
1621219714000;11545056;153.997;154.017;154.007;0;T;True;3
1621219715000;11545057;153.997;154.017;154.007;0;T;True;3
1621219716000;11545058;153.997;154.017;154.007;0;T;True;3
1621219717000;11545059;153.997;154.017;154.007;0;T;True;3
1621219718000;11545060;153.997;154.017;154.007;0;T;True;3
1621219719000;11545066;153.994;154.014;154.004;5;T;True;3
1621219720000;11545069;153.992;154.012;154.002;2;T;True;3
1621219721000;11545071;153.991;154.011;154.001;1;T;True;3
1621219722000;11545072;153.991;154.011;154.001;0;T;True;3
1621219723000;11545073;153.991;154.011;154.001;0;T;True;3
1621219724000;11545074;153.991;154.011;154.001;0;T;True;3
1621219725000;11545076;153.992;154.012;154.002;1;T;True;3
1621219726000;11545077;153.992;154.012;154.002;0;T;True;3
1621219727000;11545078;153.992;154.012;154.002;0;T;True;3
1621219728000;11545079;153.992;154.012;154.002;0;T;True;3
1621219729000;11545080;153.992;154.012;154.002;0;T;True;3
1621219730000;11545081;153.992;154.012;154.002;0;T;True;3
1621219731000;11545082;153.992;154.012;154.002;0;T;True;3
1621219732000;11545083;153.992;154.012;154.002;0;T;True;3
1621219733000;11545084;153.992;154.012;154.002;0;T;True;3
1621219734000;11545089;153.988;154.008;153.998;4;T;True;3
1621219735000;11545090;153.988;154.008;153.998;0;T;True;3
1621219736000;11545091;153.988;154.008;153.998;0;T;True;3
1621219737000;11545095;153.989;154.009;153.999;3;T;True;3
1621219738000;11545097;153.987;154.007;153.997;1;T;True;3
1621219739000;11545098;153.987;154.007;153.997;0;T;True;3
1621219740000;11545102;153.981;154.001;153.991;3;T;True;3
1621219741000;11545106;153.984;154.004;153.994;3;T;True;3
1621219742000;11545109;153.987;154.007;153.997;2;T;True;3
1621219743000;11545110;153.987;154.007;153.997;0;T;True;3
1621219744000;11545111;153.987;154.007;153.997;0;T;True;3
1621219745000;11545112;153.987;154.007;153.997;0;T;True;3
1621219746000;11545113;153.987;154.007;153.997;0;T;True;3
1621219747000;11545116;153.991;154.011;154.001;2;T;True;3
1621219748000;11545117;153.991;154.011;154.001;0;T;True;3
1621219749000;11545118;153.991;154.011;154.001;0;T;True;3
1621219750000;11545119;153.991;154.011;154.001;0;T;True;3
1621219751000;11545121;153.99;154.01;154.0;1;T;True;3
1621219752000;11545122;153.99;154.01;154.0;0;T;True;3
1621219753000;11545123;153.99;154.01;154.0;0;T;True;3
1621219754000;11545124;153.99;154.01;154.0;0;T;True;3
1621219755000;11545125;153.99;154.01;154.0;0;T;True;3
1621219756000;11545126;153.99;154.01;154.0;0;T;True;3
1621219757000;11545127;153.99;154.01;154.0;0;T;True;3
1621219758000;11545129;153.987;154.007;153.997;1;T;True;3
1621219759000;11545130;153.987;154.007;153.997;0;T;True;3
1621219760000;11545131;153.987;154.007;153.997;0;T;True;3
1621219761000;11545132;153.987;154.007;153.997;0;T;True;3
1621219762000;11545134;153.986;154.006;153.996;1;T;True;3
1621219763000;11545135;153.986;154.006;153.996;0;T;True;3
1621219764000;11545136;153.986;154.006;153.996;0;T;True;3
1621219765000;11545138;153.987;154.007;153.997;1;T;True;3
1621219766000;11545139;153.987;154.007;153.997;0;T;True;3
1621219767000;11545141;153.989;154.009;153.999;1;T;True;3
1621219768000;11545142;153.989;154.009;153.999;0;T;True;3
1621219769000;11545143;153.989;154.009;153.999;0;T;True;3
1621219770000;11545144;153.989;154.009;153.999;0;T;True;3
1621219771000;11545145;153.989;154.009;153.999;0;T;True;3
1621219772000;11545146;153.989;154.009;153.999;0;T;True;3
1621219773000;11545147;153.989;154.009;153.999;0;T;True;3
1621219774000;11545149;153.99;154.01;154.0;1;T;True;3
1621219775000;11545150;153.99;154.01;154.0;0;T;True;3
1621219776000;11545151;153.99;154.01;154.0;0;T;True;3
1621219777000;11545152;153.99;154.01;154.0;0;T;True;3
1621219778000;11545153;153.99;154.01;154.0;0;T;True;3
1621219779000;11545154;153.99;154.01;154.0;0;T;True;3
1621219780000;11545155;153.99;154.01;154.0;0;T;True;3
1621219781000;11545156;153.99;154.01;154.0;0;T;True;3
1621219782000;11545157;153.99;154.01;154.0;0;T;True;3
1621219783000;11545158;153.99;154.01;154.0;0;T;True;3
1621219784000;11545159;153.99;154.01;154.0;0;T;True;3
1621219785000;11545160;153.99;154.01;154.0;0;T;True;3
1621219786000;11545161;153.99;154.01;154.0;0;T;True;3
1621219787000;11545162;153.99;154.01;154.0;0;T;True;3
1621219788000;11545163;153.99;154.01;154.0;0;T;True;3
1621219789000;11545164;153.99;154.01;154.0;0;T;True;3
1621219790000;11545165;153.99;154.01;154.0;0;T;True;3
1621219791000;11545166;153.99;154.01;154.0;0;T;True;3
1621219792000;11545167;153.99;154.01;154.0;0;T;True;3
1621219793000;11545168;153.99;154.01;154.0;0;T;True;3
1621219794000;11545170;153.991;154.011;154.001;1;T;True;3
1621219795000;11545171;153.991;154.011;154.001;0;T;True;3
1621219796000;11545172;153.991;154.011;154.001;0;T;True;3
1621219797000;11545173;153.991;154.011;154.001;0;T;True;3
1621219798000;11545174;153.991;154.011;154.001;0;T;True;3
1621219799000;11545175;153.991;154.011;154.001;0;T;True;3
1621219800000;11545176;153.991;154.011;154.001;0;T;True;3
1621219801000;11545177;153.991;154.011;154.001;0;T;True;3
1621219802000;11545178;153.991;154.011;154.001;0;T;True;3
1621219803000;11545179;153.991;154.011;154.001;0;T;True;3
1621219804000;11545180;153.991;154.011;154.001;0;T;True;3
1621219805000;11545181;153.991;154.011;154.001;0;T;True;3
1621219806000;11545182;153.991;154.011;154.001;0;T;True;3
1621219807000;11545183;153.991;154.011;154.001;0;T;True;3
1621219808000;11545185;153.992;154.012;154.002;1;T;True;3
1621219809000;11545186;153.992;154.012;154.002;0;T;True;3
1621219810000;11545187;153.992;154.012;154.002;0;T;True;3
1621219811000;11545189;153.993;154.013;154.003;1;T;True;3
1621219812000;11545190;153.993;154.013;154.003;0;T;True;3
1621219813000;11545191;153.993;154.013;154.003;0;T;True;3
1621219814000;11545192;153.993;154.013;154.003;0;T;True;3
1621219815000;11545193;153.993;154.013;154.003;0;T;True;3
1621219816000;11545194;153.993;154.013;154.003;0;T;True;3
1621219817000;11545195;153.993;154.013;154.003;0;T;True;3
1621219818000;11545196;153.993;154.013;154.003;0;T;True;3
1621219819000;11545197;153.993;154.013;154.003;0;T;True;3
1621219820000;11545198;153.993;154.013;154.003;0;T;True;3
1621219821000;11545199;153.993;154.013;154.003;0;T;True;3
1621219822000;11545201;153.991;154.011;154.001;1;T;True;3
1621219823000;11545202;153.991;154.011;154.001;0;T;True;3
1621219824000;11545203;153.991;154.011;154.001;0;T;True;3
1621219825000;11545204;153.991;154.011;154.001;0;T;True;3
1621219826000;11545205;153.991;154.011;154.001;0;T;True;3
1621219827000;11545206;153.991;154.011;154.001;0;T;True;3
1621219828000;11545207;153.991;154.011;154.001;0;T;True;3
1621219829000;11545208;153.991;154.011;154.001;0;T;True;3
1621219830000;11545209;153.991;154.011;154.001;0;T;True;3
1621219831000;11545210;153.991;154.011;154.001;0;T;True;3
1621219832000;11545211;153.991;154.011;154.001;0;T;True;3
1621219833000;11545212;153.991;154.011;154.001;0;T;True;3
1621219834000;11545213;153.991;154.011;154.001;0;T;True;3
1621219835000;11545214;153.991;154.011;154.001;0;T;True;3
1621219836000;11545215;153.991;154.011;154.001;0;T;True;3
1621219837000;11545216;153.991;154.011;154.001;0;T;True;3
1621219838000;11545217;153.991;154.011;154.001;0;T;True;3
1621219839000;11545218;153.991;154.011;154.001;0;T;True;3
1621219840000;11545219;153.991;154.011;154.001;0;T;True;3
1621219841000;11545220;153.991;154.011;154.001;0;T;True;3
1621219842000;11545221;153.991;154.011;154.001;0;T;True;3
1621219843000;11545222;153.991;154.011;154.001;0;T;True;3
1621219844000;11545223;153.991;154.011;154.001;0;T;True;3
1621219845000;11545224;153.991;154.011;154.001;0;T;True;3
1621219846000;11545225;153.991;154.011;154.001;0;T;True;3
1621219847000;11545226;153.991;154.011;154.001;0;T;True;3
1621219848000;11545227;153.991;154.011;154.001;0;T;True;3
1621219849000;11545228;153.991;154.011;154.001;0;T;True;3
1621219850000;11545229;153.991;154.011;154.001;0;T;True;3
1621219851000;11545230;153.991;154.011;154.001;0;T;True;3
1621219852000;11545231;153.991;154.011;154.001;0;T;True;3
1621219853000;11545232;153.991;154.011;154.001;0;T;True;3
1621219854000;11545233;153.991;154.011;154.001;0;T;True;3
1621219855000;11545234;153.991;154.011;154.001;0;T;True;3
1621219856000;11545235;153.991;154.011;154.001;0;T;True;3
1621219857000;11545240;154.001;154.021;154.011;4;T;True;3
1621219858000;11545241;154.001;154.021;154.011;0;T;True;3
1621219859000;11545242;154.001;154.021;154.011;0;T;True;3
1621219860000;11545243;154.001;154.021;154.011;0;T;True;3
1621219861000;11545244;154.001;154.021;154.011;0;T;True;3
1621219862000;11545245;154.001;154.021;154.011;0;T;True;3
1621219863000;11545246;154.001;154.021;154.011;0;T;True;3
1621219864000;11545247;154.001;154.021;154.011;0;T;True;3
1621219865000;11545248;154.001;154.021;154.011;0;T;True;3
1621219866000;11545249;154.001;154.021;154.011;0;T;True;3
1621219867000;11545251;153.999;154.019;154.009;1;T;True;3
1621219868000;11545252;153.999;154.019;154.009;0;T;True;3
1621219869000;11545253;153.999;154.019;154.009;0;T;True;3
1621219870000;11545254;153.999;154.019;154.009;0;T;True;3
1621219871000;11545255;153.999;154.019;154.009;0;T;True;3
1621219872000;11545256;153.999;154.019;154.009;0;T;True;3
1621219873000;11545257;153.999;154.019;154.009;0;T;True;3
1621219874000;11545258;153.999;154.019;154.009;0;T;True;3
1621219875000;11545259;153.999;154.019;154.009;0;T;True;3
1621219876000;11545260;153.999;154.019;154.009;0;T;True;3
1621219877000;11545262;153.998;154.018;154.008;1;T;True;3
1621219878000;11545265;153.998;154.018;154.008;2;T;True;3
1621219879000;11545266;153.998;154.018;154.008;0;T;True;3
1621219880000;11545268;153.999;154.019;154.009;1;T;True;3
1621219881000;11545269;153.999;154.019;154.009;0;T;True;3
1621219882000;11545271;153.998;154.018;154.008;1;T;True;3
1621219883000;11545272;153.998;154.018;154.008;0;T;True;3
1621219884000;11545273;153.998;154.018;154.008;0;T;True;3
1621219885000;11545275;153.999;154.019;154.009;1;T;True;3
1621219886000;11545276;153.999;154.019;154.009;0;T;True;3
1621219887000;11545277;153.999;154.019;154.009;0;T;True;3
1621219888000;11545278;153.999;154.019;154.009;0;T;True;3
1621219889000;11545280;154.001;154.021;154.011;1;T;True;3
1621219890000;11545281;154.001;154.021;154.011;0;T;True;3
1621219891000;11545282;154.001;154.021;154.011;0;T;True;3
1621219892000;11545283;154.001;154.021;154.011;0;T;True;3
1621219893000;11545285;153.999;154.019;154.009;1;T;True;3
1621219894000;11545286;153.999;154.019;154.009;0;T;True;3
1621219895000;11545287;153.999;154.019;154.009;0;T;True;3
1621219896000;11545288;153.999;154.019;154.009;0;T;True;3
1621219897000;11545291;154.003;154.023;154.013;2;T;True;3
1621219898000;11545298;154.021;154.041;154.031;6;T;True;3
1621219899000;11545300;154.022;154.042;154.032;1;T;True;3
1621219900000;11545301;154.022;154.042;154.032;0;T;True;3
1621219901000;11545308;154.022;154.042;154.032;6;T;True;3
1621219902000;11545310;154.021;154.041;154.031;1;T;True;3
1621219903000;11545313;154.033;154.053;154.043;2;T;True;3
1621219904000;11545314;154.033;154.053;154.043;0;T;True;3
1621219905000;11545315;154.033;154.053;154.043;0;T;True;3
1621219906000;11545317;154.031;154.051;154.041;1;T;True;3
1621219907000;11545318;154.031;154.051;154.041;0;T;True;3
1621219908000;11545319;154.031;154.051;154.041;0;T;True;3
1621219909000;11545321;154.033;154.053;154.043;1;T;True;3
1621219910000;11545322;154.033;154.053;154.043;0;T;True;3
1621219911000;11545324;154.032;154.052;154.042;1;T;True;3
1621219912000;11545325;154.032;154.052;154.042;0;T;True;3
1621219913000;11545326;154.032;154.052;154.042;0;T;True;3
1621219914000;11545327;154.032;154.052;154.042;0;T;True;3
1621219915000;11545328;154.032;154.052;154.042;0;T;True;3
1621219916000;11545329;154.032;154.052;154.042;0;T;True;3
1621219917000;11545330;154.032;154.052;154.042;0;T;True;3
1621219918000;11545331;154.032;154.052;154.042;0;T;True;3
1621219919000;11545332;154.032;154.052;154.042;0;T;True;3
1621219920000;11545333;154.032;154.052;154.042;0;T;True;3
1621219921000;11545334;154.032;154.052;154.042;0;T;True;3
1621219922000;11545337;154.032;154.052;154.042;2;T;True;3
1621219923000;11545338;154.032;154.052;154.042;0;T;True;3
1621219924000;11545339;154.032;154.052;154.042;0;T;True;3
1621219925000;11545340;154.032;154.052;154.042;0;T;True;3
1621219926000;11545342;154.031;154.051;154.041;1;T;True;3
1621219927000;11545343;154.031;154.051;154.041;0;T;True;3
1621219928000;11545344;154.031;154.051;154.041;0;T;True;3
1621219929000;11545345;154.031;154.051;154.041;0;T;True;3
1621219930000;11545346;154.031;154.051;154.041;0;T;True;3
1621219931000;11545347;154.031;154.051;154.041;0;T;True;3
1621219932000;11545348;154.031;154.051;154.041;0;T;True;3
1621219933000;11545349;154.031;154.051;154.041;0;T;True;3
1621219934000;11545350;154.031;154.051;154.041;0;T;True;3
1621219935000;11545351;154.031;154.051;154.041;0;T;True;3
1621219936000;11545352;154.031;154.051;154.041;0;T;True;3
1621219937000;11545353;154.031;154.051;154.041;0;T;True;3
1621219938000;11545354;154.031;154.051;154.041;0;T;True;3
1621219939000;11545355;154.031;154.051;154.041;0;T;True;3
1621219940000;11545356;154.031;154.051;154.041;0;T;True;3
1621219941000;11545357;154.031;154.051;154.041;0;T;True;3
1621219942000;11545358;154.031;154.051;154.041;0;T;True;3
1621219943000;11545359;154.031;154.051;154.041;0;T;True;3
1621219944000;11545360;154.031;154.051;154.041;0;T;True;3
1621219945000;11545361;154.031;154.051;154.041;0;T;True;3
1621219946000;11545363;154.033;154.053;154.043;1;T;True;3
1621219947000;11545364;154.033;154.053;154.043;0;T;True;3
1621219948000;11545365;154.033;154.053;154.043;0;T;True;3
1621219949000;11545366;154.033;154.053;154.043;0;T;True;3
1621219950000;11545367;154.033;154.053;154.043;0;T;True;3
1621219951000;11545369;154.029;154.049;154.039;1;T;True;3
1621219952000;11545370;154.029;154.049;154.039;0;T;True;3
1621219953000;11545372;154.03;154.05;154.04;1;T;True;3
1621219954000;11545373;154.03;154.05;154.04;0;T;True;3
1621219955000;11545374;154.03;154.05;154.04;0;T;True;3
1621219956000;11545378;154.039;154.059;154.049;3;T;True;3
1621219957000;11545379;154.039;154.059;154.049;0;T;True;3
1621219958000;11545380;154.039;154.059;154.049;0;T;True;3
1621219959000;11545381;154.039;154.059;154.049;0;T;True;3
1621219960000;11545385;154.039;154.059;154.049;3;T;True;3
1621219961000;11545386;154.039;154.059;154.049;0;T;True;3
1621219962000;11545389;154.037;154.057;154.047;2;T;True;3
1621219963000;11545391;154.039;154.059;154.049;1;T;True;3
1621219964000;11545392;154.039;154.059;154.049;0;T;True;3
1621219965000;11545393;154.039;154.059;154.049;0;T;True;3
1621219966000;11545394;154.039;154.059;154.049;0;T;True;3
1621219967000;11545395;154.039;154.059;154.049;0;T;True;3
1621219968000;11545396;154.039;154.059;154.049;0;T;True;3
1621219969000;11545397;154.039;154.059;154.049;0;T;True;3
1621219970000;11545398;154.039;154.059;154.049;0;T;True;3
1621219971000;11545399;154.039;154.059;154.049;0;T;True;3
1621219972000;11545400;154.039;154.059;154.049;0;T;True;3
1621219973000;11545401;154.039;154.059;154.049;0;T;True;3
1621219974000;11545402;154.039;154.059;154.049;0;T;True;3
1621219975000;11545403;154.039;154.059;154.049;0;T;True;3
1621219976000;11545404;154.039;154.059;154.049;0;T;True;3
1621219977000;11545405;154.039;154.059;154.049;0;T;True;3
1621219978000;11545406;154.039;154.059;154.049;0;T;True;3
1621219979000;11545407;154.039;154.059;154.049;0;T;True;3
1621219980000;11545408;154.039;154.059;154.049;0;T;True;3
1621219981000;11545409;154.039;154.059;154.049;0;T;True;3
1621219982000;11545410;154.039;154.059;154.049;0;T;True;3
1621219983000;11545413;154.037;154.057;154.047;2;T;True;3
1621219984000;11545415;154.035;154.055;154.045;1;T;True;3
1621219985000;11545416;154.035;154.055;154.045;0;T;True;3
1621219986000;11545417;154.035;154.055;154.045;0;T;True;3
1621219987000;11545420;154.037;154.057;154.047;2;T;True;3
1621219988000;11545421;154.037;154.057;154.047;0;T;True;3
1621219989000;11545423;154.036;154.056;154.046;1;T;True;3
1621219990000;11545425;154.035;154.055;154.045;1;T;True;3
1621219991000;11545426;154.035;154.055;154.045;0;T;True;3
1621219992000;11545427;154.035;154.055;154.045;0;T;True;3
1621219993000;11545428;154.035;154.055;154.045;0;T;True;3
1621219994000;11545430;154.037;154.057;154.047;1;T;True;3
1621219995000;11545431;154.037;154.057;154.047;0;T;True;3
1621219996000;11545433;154.04;154.06;154.05;1;T;True;3
1621219997000;11545436;154.042;154.062;154.052;2;T;True;3
1621219998000;11545438;154.044;154.064;154.054;1;T;True;3
1621219999000;11545439;154.044;154.064;154.054;0;T;True;3
1621220000000;11545440;154.044;154.064;154.054;0;T;True;3
1621220001000;11545442;154.043;154.063;154.053;1;T;True;3
1621220002000;11545445;154.045;154.065;154.055;2;T;True;3
1621220003000;11545446;154.045;154.065;154.055;0;T;True;3
1621220004000;11545447;154.045;154.065;154.055;0;T;True;3
1621220005000;11545448;154.045;154.065;154.055;0;T;True;3
1621220006000;11545449;154.045;154.065;154.055;0;T;True;3
1621220007000;11545453;154.041;154.061;154.051;3;T;True;3
1621220008000;11545454;154.041;154.061;154.051;0;T;True;3
1621220009000;11545455;154.041;154.061;154.051;0;T;True;3
1621220010000;11545457;154.043;154.063;154.053;1;T;True;3
1621220011000;11545458;154.043;154.063;154.053;0;T;True;3
1621220012000;11545461;154.043;154.063;154.053;2;T;True;3
1621220013000;11545464;154.041;154.061;154.051;2;T;True;3
1621220014000;11545465;154.041;154.061;154.051;0;T;True;3
1621220015000;11545467;154.042;154.062;154.052;1;T;True;3
1621220016000;11545471;154.036;154.056;154.046;3;T;True;3
1621220017000;11545473;154.035;154.055;154.045;1;T;True;3
1621220018000;11545474;154.035;154.055;154.045;0;T;True;3
1621220019000;11545475;154.035;154.055;154.045;0;T;True;3
1621220020000;11545476;154.035;154.055;154.045;0;T;True;3
1621220021000;11545477;154.035;154.055;154.045;0;T;True;3
1621220022000;11545479;154.034;154.054;154.044;1;T;True;3
1621220023000;11545480;154.034;154.054;154.044;0;T;True;3
1621220024000;11545482;154.035;154.055;154.045;1;T;True;3
1621220025000;11545483;154.035;154.055;154.045;0;T;True;3
1621220026000;11545484;154.035;154.055;154.045;0;T;True;3
1621220027000;11545485;154.035;154.055;154.045;0;T;True;3
1621220028000;11545486;154.035;154.055;154.045;0;T;True;3
1621220029000;11545489;154.033;154.053;154.043;2;T;True;3
1621220030000;11545490;154.033;154.053;154.043;0;T;True;3
1621220031000;11545491;154.033;154.053;154.043;0;T;True;3
1621220032000;11545492;154.033;154.053;154.043;0;T;True;3
1621220033000;11545493;154.033;154.053;154.043;0;T;True;3
1621220034000;11545494;154.033;154.053;154.043;0;T;True;3
1621220035000;11545495;154.033;154.053;154.043;0;T;True;3
1621220036000;11545496;154.033;154.053;154.043;0;T;True;3
1621220037000;11545497;154.033;154.053;154.043;0;T;True;3
1621220038000;11545498;154.033;154.053;154.043;0;T;True;3
1621220039000;11545499;154.033;154.053;154.043;0;T;True;3
1621220040000;11545500;154.033;154.053;154.043;0;T;True;3
1621220041000;11545501;154.033;154.053;154.043;0;T;True;3
1621220042000;11545502;154.033;154.053;154.043;0;T;True;3
1621220043000;11545505;154.029;154.049;154.039;2;T;True;3
1621220044000;11545508;154.026;154.046;154.036;2;T;True;3
1621220045000;11545509;154.026;154.046;154.036;0;T;True;3
1621220046000;11545510;154.026;154.046;154.036;0;T;True;3
1621220047000;11545511;154.026;154.046;154.036;0;T;True;3
1621220048000;11545512;154.026;154.046;154.036;0;T;True;3
1621220049000;11545513;154.026;154.046;154.036;0;T;True;3
1621220050000;11545514;154.026;154.046;154.036;0;T;True;3
1621220051000;11545515;154.026;154.046;154.036;0;T;True;3
1621220052000;11545516;154.026;154.046;154.036;0;T;True;3
1621220053000;11545517;154.026;154.046;154.036;0;T;True;3
1621220054000;11545518;154.026;154.046;154.036;0;T;True;3
1621220055000;11545519;154.026;154.046;154.036;0;T;True;3
1621220056000;11545520;154.026;154.046;154.036;0;T;True;3
1621220057000;11545521;154.026;154.046;154.036;0;T;True;3
1621220058000;11545523;154.025;154.045;154.035;1;T;True;3
1621220059000;11545526;154.023;154.043;154.033;2;T;True;3
1621220060000;11545527;154.023;154.043;154.033;0;T;True;3
1621220061000;11545528;154.023;154.043;154.033;0;T;True;3
1621220062000;11545529;154.023;154.043;154.033;0;T;True;3
1621220063000;11545530;154.023;154.043;154.033;0;T;True;3
1621220064000;11545534;154.021;154.041;154.031;3;T;True;3
1621220065000;11545536;154.019;154.039;154.029;1;T;True;3
1621220066000;11545537;154.019;154.039;154.029;0;T;True;3
1621220067000;11545539;154.018;154.038;154.028;1;T;True;3
1621220068000;11545540;154.018;154.038;154.028;0;T;True;3
1621220069000;11545541;154.018;154.038;154.028;0;T;True;3
1621220070000;11545542;154.018;154.038;154.028;0;T;True;3
1621220071000;11545544;154.019;154.039;154.029;1;T;True;3
1621220072000;11545547;154.021;154.041;154.031;2;T;True;3
1621220073000;11545548;154.021;154.041;154.031;0;T;True;3
1621220074000;11545549;154.021;154.041;154.031;0;T;True;3
1621220075000;11545550;154.021;154.041;154.031;0;T;True;3
1621220076000;11545551;154.021;154.041;154.031;0;T;True;3
1621220077000;11545552;154.021;154.041;154.031;0;T;True;3
1621220078000;11545553;154.021;154.041;154.031;0;T;True;3
1621220079000;11545554;154.021;154.041;154.031;0;T;True;3
1621220080000;11545555;154.021;154.041;154.031;0;T;True;3
1621220081000;11545557;154.019;154.039;154.029;1;T;True;3
1621220082000;11545558;154.019;154.039;154.029;0;T;True;3
1621220083000;11545559;154.019;154.039;154.029;0;T;True;3
1621220084000;11545560;154.019;154.039;154.029;0;T;True;3
1621220085000;11545561;154.019;154.039;154.029;0;T;True;3
1621220086000;11545562;154.019;154.039;154.029;0;T;True;3
1621220087000;11545563;154.019;154.039;154.029;0;T;True;3
1621220088000;11545564;154.019;154.039;154.029;0;T;True;3
1621220089000;11545566;154.017;154.037;154.027;1;T;True;3
1621220090000;11545567;154.017;154.037;154.027;0;T;True;3
1621220091000;11545568;154.017;154.037;154.027;0;T;True;3
1621220092000;11545569;154.017;154.037;154.027;0;T;True;3
1621220093000;11545570;154.017;154.037;154.027;0;T;True;3
1621220094000;11545571;154.017;154.037;154.027;0;T;True;3
1621220095000;11545573;154.015;154.035;154.025;1;T;True;3
1621220096000;11545576;154.011;154.031;154.021;2;T;True;3
1621220097000;11545577;154.011;154.031;154.021;0;T;True;3
1621220098000;11545578;154.011;154.031;154.021;0;T;True;3
1621220099000;11545579;154.011;154.031;154.021;0;T;True;3
1621220100000;11545580;154.011;154.031;154.021;0;T;True;3
1621220101000;11545581;154.011;154.031;154.021;0;T;True;3
1621220102000;11545582;154.011;154.031;154.021;0;T;True;3
1621220103000;11545584;154.013;154.033;154.023;1;T;True;3
1621220104000;11545587;154.011;154.031;154.021;2;T;True;3
1621220105000;11545588;154.011;154.031;154.021;0;T;True;3
1621220106000;11545590;154.009;154.029;154.019;1;T;True;3
1621220107000;11545591;154.009;154.029;154.019;0;T;True;3
1621220108000;11545594;154.009;154.029;154.019;2;T;True;3
1621220109000;11545595;154.009;154.029;154.019;0;T;True;3
1621220110000;11545599;154.009;154.029;154.019;3;T;True;3
1621220111000;11545601;154.008;154.028;154.018;1;T;True;3
1621220112000;11545605;154.005;154.025;154.015;3;T;True;3
1621220113000;11545608;154.007;154.027;154.017;2;T;True;3
1621220114000;11545610;154.009;154.029;154.019;1;T;True;3
1621220115000;11545611;154.009;154.029;154.019;0;T;True;3
1621220116000;11545612;154.009;154.029;154.019;0;T;True;3
1621220117000;11545613;154.009;154.029;154.019;0;T;True;3
1621220118000;11545614;154.009;154.029;154.019;0;T;True;3
1621220119000;11545615;154.009;154.029;154.019;0;T;True;3
1621220120000;11545616;154.009;154.029;154.019;0;T;True;3
1621220121000;11545617;154.009;154.029;154.019;0;T;True;3
1621220122000;11545619;154.008;154.028;154.018;1;T;True;3
1621220123000;11545621;154.009;154.029;154.019;1;T;True;3
1621220124000;11545622;154.009;154.029;154.019;0;T;True;3
1621220125000;11545623;154.009;154.029;154.019;0;T;True;3
1621220126000;11545624;154.009;154.029;154.019;0;T;True;3
1621220127000;11545625;154.009;154.029;154.019;0;T;True;3
1621220128000;11545626;154.009;154.029;154.019;0;T;True;3
1621220129000;11545627;154.009;154.029;154.019;0;T;True;3
1621220130000;11545628;154.009;154.029;154.019;0;T;True;3
1621220131000;11545629;154.009;154.029;154.019;0;T;True;3
1621220132000;11545630;154.009;154.029;154.019;0;T;True;3
1621220133000;11545631;154.009;154.029;154.019;0;T;True;3
1621220134000;11545632;154.009;154.029;154.019;0;T;True;3
1621220135000;11545633;154.009;154.029;154.019;0;T;True;3
1621220136000;11545634;154.009;154.029;154.019;0;T;True;3
1621220137000;11545635;154.009;154.029;154.019;0;T;True;3
1621220138000;11545636;154.009;154.029;154.019;0;T;True;3
1621220139000;11545637;154.009;154.029;154.019;0;T;True;3
1621220140000;11545638;154.009;154.029;154.019;0;T;True;3
1621220141000;11545639;154.009;154.029;154.019;0;T;True;3
1621220142000;11545640;154.009;154.029;154.019;0;T;True;3
1621220143000;11545641;154.009;154.029;154.019;0;T;True;3
1621220144000;11545642;154.009;154.029;154.019;0;T;True;3
1621220145000;11545643;154.009;154.029;154.019;0;T;True;3
1621220146000;11545644;154.009;154.029;154.019;0;T;True;3
1621220147000;11545645;154.009;154.029;154.019;0;T;True;3
1621220148000;11545646;154.009;154.029;154.019;0;T;True;3
1621220149000;11545647;154.009;154.029;154.019;0;T;True;3
1621220150000;11545649;154.014;154.034;154.024;1;T;True;3
1621220151000;11545651;154.013;154.033;154.023;1;T;True;3
1621220152000;11545652;154.013;154.033;154.023;0;T;True;3
1621220153000;11545653;154.013;154.033;154.023;0;T;True;3
1621220154000;11545654;154.013;154.033;154.023;0;T;True;3
1621220155000;11545655;154.013;154.033;154.023;0;T;True;3
1621220156000;11545657;154.014;154.034;154.024;1;T;True;3
1621220157000;11545660;154.018;154.038;154.028;2;T;True;3
1621220158000;11545662;154.017;154.037;154.027;1;T;True;3
1621220159000;11545667;154.017;154.037;154.027;4;T;True;3
1621220160000;11545668;154.017;154.037;154.027;0;T;True;3
1621220161000;11545669;154.017;154.037;154.027;0;T;True;3
1621220162000;11545670;154.017;154.037;154.027;0;T;True;3
1621220163000;11545671;154.017;154.037;154.027;0;T;True;3
1621220164000;11545673;154.016;154.036;154.026;1;T;True;3
1621220165000;11545675;154.015;154.035;154.025;1;T;True;3
1621220166000;11545676;154.015;154.035;154.025;0;T;True;3
1621220167000;11545677;154.015;154.035;154.025;0;T;True;3
1621220168000;11545678;154.015;154.035;154.025;0;T;True;3
1621220169000;11545680;154.013;154.033;154.023;1;T;True;3
1621220170000;11545681;154.013;154.033;154.023;0;T;True;3
1621220171000;11545682;154.013;154.033;154.023;0;T;True;3
1621220172000;11545683;154.013;154.033;154.023;0;T;True;3
1621220173000;11545685;154.012;154.032;154.022;1;T;True;3
1621220174000;11545686;154.012;154.032;154.022;0;T;True;3
1621220175000;11545687;154.012;154.032;154.022;0;T;True;3
1621220176000;11545688;154.012;154.032;154.022;0;T;True;3
1621220177000;11545689;154.012;154.032;154.022;0;T;True;3
1621220178000;11545690;154.012;154.032;154.022;0;T;True;3
1621220179000;11545691;154.012;154.032;154.022;0;T;True;3
1621220180000;11545692;154.012;154.032;154.022;0;T;True;3
1621220181000;11545693;154.012;154.032;154.022;0;T;True;3
1621220182000;11545697;154.005;154.025;154.015;3;T;True;3
1621220183000;11545699;154.006;154.026;154.016;1;T;True;3
1621220184000;11545700;154.006;154.026;154.016;0;T;True;3
1621220185000;11545701;154.006;154.026;154.016;0;T;True;3
1621220186000;11545703;154.005;154.025;154.015;1;T;True;3
1621220187000;11545704;154.005;154.025;154.015;0;T;True;3
1621220188000;11545705;154.005;154.025;154.015;0;T;True;3
1621220189000;11545706;154.005;154.025;154.015;0;T;True;3
1621220190000;11545708;154.006;154.026;154.016;1;T;True;3
