ts;n;bid;ask;value;volume;phase;round;active_id
1621254462000;11602805;153.813;153.833;153.823;0;T;True;3
1621254463000;11602806;153.813;153.833;153.823;0;T;True;3
1621254464000;11602808;153.815;153.835;153.825;1;T;True;3
1621254465000;11602811;153.817;153.837;153.827;2;T;True;3
1621254466000;11602813;153.819;153.839;153.829;1;T;True;3
1621254467000;11602814;153.819;153.839;153.829;0;T;True;3
1621254468000;11602815;153.819;153.839;153.829;0;T;True;3
1621254469000;11602816;153.819;153.839;153.829;0;T;True;3
1621254470000;11602818;153.822;153.842;153.832;1;T;True;3
1621254471000;11602820;153.827;153.847;153.837;1;T;True;3
1621254472000;11602823;153.824;153.844;153.834;2;T;True;3
1621254473000;11602826;153.823;153.843;153.833;2;T;True;3
1621254474000;11602828;153.821;153.841;153.831;1;T;True;3
1621254475000;11602829;153.821;153.841;153.831;0;T;True;3
1621254476000;11602830;153.821;153.841;153.831;0;T;True;3
1621254477000;11602832;153.82;153.84;153.83;1;T;True;3
1621254478000;11602834;153.821;153.841;153.831;1;T;True;3
1621254479000;11602835;153.821;153.841;153.831;0;T;True;3
1621254480000;11602841;153.835;153.855;153.845;5;T;True;3
1621254481000;11602843;153.836;153.856;153.846;1;T;True;3
1621254482000;11602844;153.836;153.856;153.846;0;T;True;3
1621254483000;11602845;153.836;153.856;153.846;0;T;True;3
1621254484000;11602847;153.837;153.857;153.847;1;T;True;3
1621254485000;11602848;153.837;153.857;153.847;0;T;True;3
1621254486000;11602850;153.836;153.856;153.846;1;T;True;3
1621254487000;11602853;153.833;153.853;153.843;2;T;True;3
1621254488000;11602856;153.831;153.851;153.841;2;T;True;3
1621254489000;11602859;153.831;153.851;153.841;2;T;True;3
1621254490000;11602863;153.833;153.853;153.843;3;T;True;3
1621254491000;11602865;153.832;153.852;153.842;1;T;True;3
1621254492000;11602868;153.829;153.849;153.839;2;T;True;3
1621254493000;11602870;153.831;153.851;153.841;1;T;True;3
1621254494000;11602871;153.831;153.851;153.841;0;T;True;3
1621254495000;11602873;153.825;153.845;153.835;1;T;True;3
1621254496000;11602875;153.824;153.844;153.834;1;T;True;3
1621254497000;11602876;153.824;153.844;153.834;0;T;True;3
1621254498000;11602880;153.828;153.848;153.838;3;T;True;3
1621254499000;11602883;153.828;153.848;153.838;2;T;True;3
1621254500000;11602892;153.844;153.864;153.854;8;T;True;3
1621254501000;11602893;153.844;153.864;153.854;0;T;True;3
1621254502000;11602895;153.843;153.863;153.853;1;T;True;3
1621254503000;11602897;153.846;153.866;153.856;1;T;True;3
1621254504000;11602901;153.848;153.868;153.858;3;T;True;3
1621254505000;11602903;153.847;153.867;153.857;1;T;True;3
1621254506000;11602904;153.847;153.867;153.857;0;T;True;3
1621254507000;11602908;153.851;153.871;153.861;3;T;True;3
1621254508000;11602909;153.851;153.871;153.861;0;T;True;3
1621254509000;11602911;153.853;153.873;153.863;1;T;True;3
1621254510000;11602912;153.853;153.873;153.863;0;T;True;3
1621254511000;11602913;153.853;153.873;153.863;0;T;True;3
1621254512000;11602914;153.853;153.873;153.863;0;T;True;3
1621254513000;11602918;153.863;153.883;153.873;3;T;True;3
1621254514000;11602921;153.863;153.883;153.873;2;T;True;3
1621254515000;11602924;153.863;153.883;153.873;2;T;True;3
1621254516000;11602927;153.863;153.883;153.873;2;T;True;3
1621254517000;11602928;153.863;153.883;153.873;0;T;True;3
1621254518000;11602931;153.862;153.882;153.872;2;T;True;3
1621254519000;11602933;153.863;153.883;153.873;1;T;True;3
1621254520000;11602934;153.863;153.883;153.873;0;T;True;3
1621254521000;11602939;153.861;153.881;153.871;4;T;True;3
1621254522000;11602943;153.863;153.883;153.873;3;T;True;3
1621254523000;11602945;153.865;153.885;153.875;1;T;True;3
1621254524000;11602946;153.865;153.885;153.875;0;T;True;3
1621254525000;11602951;153.855;153.875;153.865;4;T;True;3
1621254526000;11602952;153.855;153.875;153.865;0;T;True;3
1621254527000;11602953;153.855;153.875;153.865;0;T;True;3
1621254528000;11602954;153.855;153.875;153.865;0;T;True;3
1621254529000;11602955;153.855;153.875;153.865;0;T;True;3
1621254530000;11602957;153.857;153.877;153.867;1;T;True;3
1621254531000;11602958;153.857;153.877;153.867;0;T;True;3
1621254532000;11602959;153.857;153.877;153.867;0;T;True;3
1621254533000;11602962;153.861;153.881;153.871;2;T;True;3
1621254534000;11602965;153.861;153.881;153.871;2;T;True;3
1621254535000;11602967;153.86;153.88;153.87;1;T;True;3
1621254536000;11602971;153.855;153.875;153.865;3;T;True;3
1621254537000;11602972;153.855;153.875;153.865;0;T;True;3
1621254538000;11602976;153.863;153.883;153.873;3;T;True;3
1621254539000;11602977;153.863;153.883;153.873;0;T;True;3
1621254540000;11602980;153.871;153.891;153.881;2;T;True;3
1621254541000;11602985;153.861;153.881;153.871;4;T;True;3
1621254542000;11602986;153.861;153.881;153.871;0;T;True;3
1621254543000;11602987;153.861;153.881;153.871;0;T;True;3
1621254544000;11602988;153.861;153.881;153.871;0;T;True;3
1621254545000;11602991;153.857;153.877;153.867;2;T;True;3
1621254546000;11602992;153.857;153.877;153.867;0;T;True;3
1621254547000;11602995;153.857;153.877;153.867;2;T;True;3
1621254548000;11602996;153.857;153.877;153.867;0;T;True;3
1621254549000;11602998;153.855;153.875;153.865;1;T;True;3
1621254550000;11602999;153.855;153.875;153.865;0;T;True;3
1621254551000;11603001;153.857;153.877;153.867;1;T;True;3
1621254552000;11603002;153.857;153.877;153.867;0;T;True;3
1621254553000;11603005;153.858;153.878;153.868;2;T;True;3
1621254554000;11603007;153.857;153.877;153.867;1;T;True;3
1621254555000;11603008;153.857;153.877;153.867;0;T;True;3
1621254556000;11603009;153.857;153.877;153.867;0;T;True;3
1621254557000;11603010;153.857;153.877;153.867;0;T;True;3
1621254558000;11603011;153.857;153.877;153.867;0;T;True;3
1621254559000;11603012;153.857;153.877;153.867;0;T;True;3
1621254560000;11603014;153.855;153.875;153.865;1;T;True;3
1621254561000;11603018;153.857;153.877;153.867;3;T;True;3
1621254562000;11603024;153.865;153.885;153.875;5;T;True;3
1621254563000;11603036;153.871;153.891;153.881;11;T;True;3
1621254564000;11603040;153.876;153.896;153.886;3;T;True;3
1621254565000;11603043;153.873;153.893;153.883;2;T;True;3
1621254566000;11603045;153.871;153.891;153.881;1;T;True;3
1621254567000;11603048;153.869;153.889;153.879;2;T;True;3
1621254568000;11603052;153.864;153.884;153.874;3;T;True;3
1621254569000;11603053;153.864;153.884;153.874;0;T;True;3
1621254570000;11603055;153.863;153.883;153.873;1;T;True;3
1621254571000;11603058;153.858;153.878;153.868;2;T;True;3
1621254572000;11603059;153.858;153.878;153.868;0;T;True;3
1621254573000;11603060;153.858;153.878;153.868;0;T;True;3
1621254574000;11603061;153.858;153.878;153.868;0;T;True;3
1621254575000;11603063;153.859;153.879;153.869;1;T;True;3
1621254576000;11603066;153.853;153.873;153.863;2;T;True;3
1621254577000;11603067;153.853;153.873;153.863;0;T;True;3
1621254578000;11603068;153.853;153.873;153.863;0;T;True;3
1621254579000;11603069;153.853;153.873;153.863;0;T;True;3
1621254580000;11603070;153.853;153.873;153.863;0;T;True;3
1621254581000;11603072;153.851;153.871;153.861;1;T;True;3
1621254582000;11603073;153.851;153.871;153.861;0;T;True;3
1621254583000;11603075;153.856;153.876;153.866;1;T;True;3
1621254584000;11603076;153.856;153.876;153.866;0;T;True;3
1621254585000;11603078;153.857;153.877;153.867;1;T;True;3
1621254586000;11603079;153.857;153.877;153.867;0;T;True;3
1621254587000;11603080;153.857;153.877;153.867;0;T;True;3
1621254588000;11603081;153.857;153.877;153.867;0;T;True;3
1621254589000;11603085;153.855;153.875;153.865;3;T;True;3
1621254590000;11603089;153.849;153.869;153.859;3;T;True;3
1621254591000;11603090;153.849;153.869;153.859;0;T;True;3
1621254592000;11603091;153.849;153.869;153.859;0;T;True;3
1621254593000;11603092;153.849;153.869;153.859;0;T;True;3
1621254594000;11603094;153.851;153.871;153.861;1;T;True;3
1621254595000;11603095;153.851;153.871;153.861;0;T;True;3
1621254596000;11603097;153.855;153.875;153.865;1;T;True;3
1621254597000;11603098;153.855;153.875;153.865;0;T;True;3
1621254598000;11603100;153.857;153.877;153.867;1;T;True;3
1621254599000;11603101;153.857;153.877;153.867;0;T;True;3
1621254600000;11603104;153.854;153.874;153.864;2;T;True;3
1621254601000;11603114;153.861;153.881;153.871;9;T;True;3
1621254602000;11603122;153.867;153.887;153.877;7;T;True;3
1621254603000;11603126;153.859;153.879;153.869;3;T;True;3
1621254604000;11603128;153.861;153.881;153.871;1;T;True;3
1621254605000;11603131;153.861;153.881;153.871;2;T;True;3
1621254606000;11603132;153.861;153.881;153.871;0;T;True;3
1621254607000;11603133;153.861;153.881;153.871;0;T;True;3
1621254608000;11603134;153.861;153.881;153.871;0;T;True;3
1621254609000;11603135;153.861;153.881;153.871;0;T;True;3
1621254610000;11603138;153.855;153.875;153.865;2;T;True;3
1621254611000;11603139;153.855;153.875;153.865;0;T;True;3
1621254612000;11603141;153.856;153.876;153.866;1;T;True;3
1621254613000;11603143;153.855;153.875;153.865;1;T;True;3
1621254614000;11603145;153.854;153.874;153.864;1;T;True;3
1621254615000;11603150;153.849;153.869;153.859;4;T;True;3
1621254616000;11603154;153.847;153.867;153.857;3;T;True;3
1621254617000;11603158;153.854;153.874;153.864;3;T;True;3
1621254618000;11603162;153.85;153.87;153.86;3;T;True;3
1621254619000;11603168;153.855;153.875;153.865;5;T;True;3
1621254620000;11603173;153.851;153.871;153.861;4;T;True;3
1621254621000;11603174;153.851;153.871;153.861;0;T;True;3
1621254622000;11603175;153.851;153.871;153.861;0;T;True;3
1621254623000;11603176;153.851;153.871;153.861;0;T;True;3
1621254624000;11603179;153.85;153.87;153.86;2;T;True;3
1621254625000;11603183;153.843;153.863;153.853;3;T;True;3
1621254626000;11603184;153.843;153.863;153.853;0;T;True;3
1621254627000;11603185;153.843;153.863;153.853;0;T;True;3
1621254628000;11603186;153.843;153.863;153.853;0;T;True;3
1621254629000;11603188;153.845;153.865;153.855;1;T;True;3
1621254630000;11603189;153.845;153.865;153.855;0;T;True;3
1621254631000;11603190;153.845;153.865;153.855;0;T;True;3
1621254632000;11603192;153.843;153.863;153.853;1;T;True;3
1621254633000;11603194;153.845;153.865;153.855;1;T;True;3
1621254634000;11603195;153.845;153.865;153.855;0;T;True;3
1621254635000;11603197;153.843;153.863;153.853;1;T;True;3
1621254636000;11603198;153.843;153.863;153.853;0;T;True;3
1621254637000;11603202;153.839;153.859;153.849;3;T;True;3
1621254638000;11603203;153.839;153.859;153.849;0;T;True;3
1621254639000;11603204;153.839;153.859;153.849;0;T;True;3
1621254640000;11603205;153.839;153.859;153.849;0;T;True;3
1621254641000;11603206;153.839;153.859;153.849;0;T;True;3
1621254642000;11603207;153.839;153.859;153.849;0;T;True;3
1621254643000;11603210;153.837;153.857;153.847;2;T;True;3
1621254644000;11603212;153.835;153.855;153.845;1;T;True;3
1621254645000;11603214;153.837;153.857;153.847;1;T;True;3
1621254646000;11603217;153.84;153.86;153.85;2;T;True;3
1621254647000;11603222;153.84;153.86;153.85;4;T;True;3
1621254648000;11603224;153.841;153.861;153.851;1;T;True;3
1621254649000;11603225;153.841;153.861;153.851;0;T;True;3
1621254650000;11603226;153.841;153.861;153.851;0;T;True;3
1621254651000;11603229;153.843;153.863;153.853;2;T;True;3
1621254652000;11603234;153.838;153.858;153.848;4;T;True;3
1621254653000;11603236;153.837;153.857;153.847;1;T;True;3
1621254654000;11603239;153.839;153.859;153.849;2;T;True;3
1621254655000;11603244;153.839;153.859;153.849;4;T;True;3
1621254656000;11603247;153.839;153.859;153.849;2;T;True;3
1621254657000;11603248;153.839;153.859;153.849;0;T;True;3
1621254658000;11603252;153.835;153.855;153.845;3;T;True;3
1621254659000;11603253;153.835;153.855;153.845;0;T;True;3
1621254660000;11603254;153.835;153.855;153.845;0;T;True;3
1621254661000;11603262;153.829;153.849;153.839;7;T;True;3
1621254662000;11603264;153.825;153.845;153.835;1;T;True;3
1621254663000;11603265;153.825;153.845;153.835;0;T;True;3
1621254664000;11603266;153.825;153.845;153.835;0;T;True;3
1621254665000;11603275;153.83;153.85;153.84;8;T;True;3
1621254666000;11603277;153.829;153.849;153.839;1;T;True;3
1621254667000;11603278;153.829;153.849;153.839;0;T;True;3
1621254668000;11603281;153.829;153.849;153.839;2;T;True;3
1621254669000;11603284;153.829;153.849;153.839;2;T;True;3
1621254670000;11603285;153.829;153.849;153.839;0;T;True;3
1621254671000;11603291;153.83;153.85;153.84;5;T;True;3
1621254672000;11603292;153.83;153.85;153.84;0;T;True;3
1621254673000;11603295;153.829;153.849;153.839;2;T;True;3
1621254674000;11603296;153.829;153.849;153.839;0;T;True;3
1621254675000;11603297;153.829;153.849;153.839;0;T;True;3
1621254676000;11603298;153.829;153.849;153.839;0;T;True;3
1621254677000;11603300;153.83;153.85;153.84;1;T;True;3
1621254678000;11603302;153.831;153.851;153.841;1;T;True;3
1621254679000;11603303;153.831;153.851;153.841;0;T;True;3
1621254680000;11603305;153.833;153.853;153.843;1;T;True;3
1621254681000;11603308;153.833;153.853;153.843;2;T;True;3
1621254682000;11603310;153.839;153.859;153.849;1;T;True;3
1621254683000;11603312;153.838;153.858;153.848;1;T;True;3
1621254684000;11603318;153.836;153.856;153.846;5;T;True;3
1621254685000;11603320;153.835;153.855;153.845;1;T;True;3
1621254686000;11603322;153.837;153.857;153.847;1;T;True;3
1621254687000;11603323;153.837;153.857;153.847;0;T;True;3
1621254688000;11603324;153.837;153.857;153.847;0;T;True;3
1621254689000;11603327;153.839;153.859;153.849;2;T;True;3
1621254690000;11603328;153.839;153.859;153.849;0;T;True;3
1621254691000;11603332;153.849;153.869;153.859;3;T;True;3
1621254692000;11603334;153.847;153.867;153.857;1;T;True;3
1621254693000;11603335;153.847;153.867;153.857;0;T;True;3
1621254694000;11603336;153.847;153.867;153.857;0;T;True;3
1621254695000;11603338;153.848;153.868;153.858;1;T;True;3
1621254696000;11603340;153.847;153.867;153.857;1;T;True;3
1621254697000;11603341;153.847;153.867;153.857;0;T;True;3
1621254698000;11603343;153.845;153.865;153.855;1;T;True;3
1621254699000;11603344;153.845;153.865;153.855;0;T;True;3
1621254700000;11603347;153.842;153.862;153.852;2;T;True;3
1621254701000;11603349;153.841;153.861;153.851;1;T;True;3
1621254702000;11603353;153.845;153.865;153.855;3;T;True;3
1621254703000;11603356;153.847;153.867;153.857;2;T;True;3
1621254704000;11603359;153.849;153.869;153.859;2;T;True;3
1621254705000;11603360;153.849;153.869;153.859;0;T;True;3
1621254706000;11603361;153.849;153.869;153.859;0;T;True;3
1621254707000;11603362;153.849;153.869;153.859;0;T;True;3
1621254708000;11603366;153.845;153.865;153.855;3;T;True;3
1621254709000;11603368;153.843;153.863;153.853;1;T;True;3
1621254710000;11603369;153.843;153.863;153.853;0;T;True;3
1621254711000;11603370;153.843;153.863;153.853;0;T;True;3
1621254712000;11603373;153.849;153.869;153.859;2;T;True;3
1621254713000;11603375;153.847;153.867;153.857;1;T;True;3
1621254714000;11603376;153.847;153.867;153.857;0;T;True;3
1621254715000;11603377;153.847;153.867;153.857;0;T;True;3
1621254716000;11603378;153.847;153.867;153.857;0;T;True;3
1621254717000;11603382;153.857;153.877;153.867;3;T;True;3
1621254718000;11603383;153.857;153.877;153.867;0;T;True;3
1621254719000;11603384;153.857;153.877;153.867;0;T;True;3
1621254720000;11603385;153.857;153.877;153.867;0;T;True;3
1621254721000;11603389;153.856;153.876;153.866;3;T;True;3
1621254722000;11603395;153.861;153.881;153.871;5;T;True;3
1621254723000;11603397;153.863;153.883;153.873;1;T;True;3
1621254724000;11603400;153.864;153.884;153.874;2;T;True;3
1621254725000;11603401;153.864;153.884;153.874;0;T;True;3
1621254726000;11603403;153.863;153.883;153.873;1;T;True;3
1621254727000;11603404;153.863;153.883;153.873;0;T;True;3
1621254728000;11603405;153.863;153.883;153.873;0;T;True;3
1621254729000;11603406;153.863;153.883;153.873;0;T;True;3
1621254730000;11603410;153.862;153.882;153.872;3;T;True;3
1621254731000;11603411;153.862;153.882;153.872;0;T;True;3
1621254732000;11603412;153.862;153.882;153.872;0;T;True;3
1621254733000;11603414;153.86;153.88;153.87;1;T;True;3
1621254734000;11603415;153.86;153.88;153.87;0;T;True;3
1621254735000;11603416;153.86;153.88;153.87;0;T;True;3
1621254736000;11603417;153.86;153.88;153.87;0;T;True;3
1621254737000;11603419;153.861;153.881;153.871;1;T;True;3
1621254738000;11603420;153.861;153.881;153.871;0;T;True;3
1621254739000;11603421;153.861;153.881;153.871;0;T;True;3
1621254740000;11603422;153.861;153.881;153.871;0;T;True;3
1621254741000;11603429;153.868;153.888;153.878;6;T;True;3
1621254742000;11603431;153.867;153.887;153.877;1;T;True;3
1621254743000;11603436;153.875;153.895;153.885;4;T;True;3
1621254744000;11603437;153.875;153.895;153.885;0;T;True;3
1621254745000;11603438;153.875;153.895;153.885;0;T;True;3
1621254746000;11603439;153.875;153.895;153.885;0;T;True;3
1621254747000;11603447;153.873;153.893;153.883;7;T;True;3
1621254748000;11603449;153.875;153.895;153.885;1;T;True;3
1621254749000;11603450;153.875;153.895;153.885;0;T;True;3
1621254750000;11603452;153.873;153.893;153.883;1;T;True;3
1621254751000;11603453;153.873;153.893;153.883;0;T;True;3
1621254752000;11603454;153.873;153.893;153.883;0;T;True;3
1621254753000;11603458;153.877;153.897;153.887;3;T;True;3
1621254754000;11603462;153.879;153.899;153.889;3;T;True;3
1621254755000;11603465;153.876;153.896;153.886;2;T;True;3
1621254756000;11603467;153.875;153.895;153.885;1;T;True;3
1621254757000;11603468;153.875;153.895;153.885;0;T;True;3
1621254758000;11603469;153.875;153.895;153.885;0;T;True;3
1621254759000;11603471;153.867;153.887;153.877;1;T;True;3
1621254760000;11603474;153.865;153.885;153.875;2;T;True;3
1621254761000;11603478;153.871;153.891;153.881;3;T;True;3
1621254762000;11603480;153.87;153.89;153.88;1;T;True;3
1621254763000;11603483;153.867;153.887;153.877;2;T;True;3
1621254764000;11603485;153.866;153.886;153.876;1;T;True;3
1621254765000;11603488;153.861;153.881;153.871;2;T;True;3
1621254766000;11603491;153.862;153.882;153.872;2;T;True;3
1621254767000;11603497;153.865;153.885;153.875;5;T;True;3
1621254768000;11603501;153.86;153.88;153.87;3;T;True;3
1621254769000;11603503;153.859;153.879;153.869;1;T;True;3
1621254770000;11603504;153.859;153.879;153.869;0;T;True;3
1621254771000;11603505;153.859;153.879;153.869;0;T;True;3
1621254772000;11603506;153.859;153.879;153.869;0;T;True;3
1621254773000;11603507;153.859;153.879;153.869;0;T;True;3
1621254774000;11603508;153.859;153.879;153.869;0;T;True;3
1621254775000;11603509;153.859;153.879;153.869;0;T;True;3
1621254776000;11603510;153.859;153.879;153.869;0;T;True;3
1621254777000;11603511;153.859;153.879;153.869;0;T;True;3
1621254778000;11603514;153.863;153.883;153.873;2;T;True;3
1621254779000;11603516;153.864;153.884;153.874;1;T;True;3
1621254780000;11603517;153.864;153.884;153.874;0;T;True;3
1621254781000;11603523;153.865;153.885;153.875;5;T;True;3
1621254782000;11603526;153.862;153.882;153.872;2;T;True;3
1621254783000;11603528;153.861;153.881;153.871;1;T;True;3
1621254784000;11603530;153.862;153.882;153.872;1;T;True;3
1621254785000;11603531;153.862;153.882;153.872;0;T;True;3
1621254786000;11603532;153.862;153.882;153.872;0;T;True;3
1621254787000;11603533;153.862;153.882;153.872;0;T;True;3
1621254788000;11603535;153.861;153.881;153.871;1;T;True;3
1621254789000;11603539;153.863;153.883;153.873;3;T;True;3
1621254790000;11603540;153.863;153.883;153.873;0;T;True;3
1621254791000;11603541;153.863;153.883;153.873;0;T;True;3
1621254792000;11603542;153.863;153.883;153.873;0;T;True;3
1621254793000;11603543;153.863;153.883;153.873;0;T;True;3
1621254794000;11603544;153.863;153.883;153.873;0;T;True;3
1621254795000;11603547;153.863;153.883;153.873;2;T;True;3
1621254796000;11603551;153.862;153.882;153.872;3;T;True;3
1621254797000;11603556;153.858;153.878;153.868;4;T;True;3
1621254798000;11603557;153.858;153.878;153.868;0;T;True;3
1621254799000;11603560;153.855;153.875;153.865;2;T;True;3
1621254800000;11603563;153.857;153.877;153.867;2;T;True;3
1621254801000;11603564;153.857;153.877;153.867;0;T;True;3
1621254802000;11603566;153.856;153.876;153.866;1;T;True;3
1621254803000;11603571;153.861;153.881;153.871;4;T;True;3
1621254804000;11603573;153.863;153.883;153.873;1;T;True;3
1621254805000;11603574;153.863;153.883;153.873;0;T;True;3
1621254806000;11603576;153.862;153.882;153.872;1;T;True;3
1621254807000;11603580;153.863;153.883;153.873;3;T;True;3
1621254808000;11603582;153.861;153.881;153.871;1;T;True;3
1621254809000;11603588;153.864;153.884;153.874;5;T;True;3
1621254810000;11603590;153.863;153.883;153.873;1;T;True;3
1621254811000;11603596;153.865;153.885;153.875;5;T;True;3
1621254812000;11603597;153.865;153.885;153.875;0;T;True;3
1621254813000;11603598;153.865;153.885;153.875;0;T;True;3
1621254814000;11603603;153.865;153.885;153.875;4;T;True;3
1621254815000;11603606;153.865;153.885;153.875;2;T;True;3
1621254816000;11603608;153.864;153.884;153.874;1;T;True;3
1621254817000;11603613;153.867;153.887;153.877;4;T;True;3
1621254818000;11603614;153.867;153.887;153.877;0;T;True;3
1621254819000;11603616;153.865;153.885;153.875;1;T;True;3
1621254820000;11603617;153.865;153.885;153.875;0;T;True;3
1621254821000;11603622;153.867;153.887;153.877;4;T;True;3
1621254822000;11603624;153.865;153.885;153.875;1;T;True;3
1621254823000;11603625;153.865;153.885;153.875;0;T;True;3
1621254824000;11603627;153.866;153.886;153.876;1;T;True;3
1621254825000;11603628;153.866;153.886;153.876;0;T;True;3
1621254826000;11603630;153.867;153.887;153.877;1;T;True;3
1621254827000;11603633;153.867;153.887;153.877;2;T;True;3
1621254828000;11603636;153.874;153.894;153.884;2;T;True;3
1621254829000;11603638;153.877;153.897;153.887;1;T;True;3
1621254830000;11603639;153.877;153.897;153.887;0;T;True;3
1621254831000;11603640;153.877;153.897;153.887;0;T;True;3
1621254832000;11603641;153.877;153.897;153.887;0;T;True;3
1621254833000;11603642;153.877;153.897;153.887;0;T;True;3
1621254834000;11603643;153.877;153.897;153.887;0;T;True;3
1621254835000;11603644;153.877;153.897;153.887;0;T;True;3
1621254836000;11603645;153.877;153.897;153.887;0;T;True;3
1621254837000;11603647;153.876;153.896;153.886;1;T;True;3
1621254838000;11603650;153.869;153.889;153.879;2;T;True;3
1621254839000;11603653;153.865;153.885;153.875;2;T;True;3
1621254840000;11603654;153.865;153.885;153.875;0;T;True;3
1621254841000;11603657;153.866;153.886;153.876;2;T;True;3
1621254842000;11603659;153.865;153.885;153.875;1;T;True;3
1621254843000;11603661;153.863;153.883;153.873;1;T;True;3
1621254844000;11603668;153.877;153.897;153.887;6;T;True;3
1621254845000;11603669;153.877;153.897;153.887;0;T;True;3
1621254846000;11603670;153.877;153.897;153.887;0;T;True;3
1621254847000;11603672;153.878;153.898;153.888;1;T;True;3
1621254848000;11603674;153.879;153.899;153.889;1;T;True;3
1621254849000;11603676;153.88;153.9;153.89;1;T;True;3
1621254850000;11603678;153.885;153.905;153.895;1;T;True;3
1621254851000;11603679;153.885;153.905;153.895;0;T;True;3
1621254852000;11603681;153.881;153.901;153.891;1;T;True;3
1621254853000;11603682;153.881;153.901;153.891;0;T;True;3
1621254854000;11603683;153.881;153.901;153.891;0;T;True;3
1621254855000;11603685;153.883;153.903;153.893;1;T;True;3
1621254856000;11603686;153.883;153.903;153.893;0;T;True;3
1621254857000;11603687;153.883;153.903;153.893;0;T;True;3
1621254858000;11603690;153.884;153.904;153.894;2;T;True;3
1621254859000;11603691;153.884;153.904;153.894;0;T;True;3
1621254860000;11603692;153.884;153.904;153.894;0;T;True;3
1621254861000;11603693;153.884;153.904;153.894;0;T;True;3
1621254862000;11603694;153.884;153.904;153.894;0;T;True;3
1621254863000;11603695;153.884;153.904;153.894;0;T;True;3
1621254864000;11603698;153.885;153.905;153.895;2;T;True;3
1621254865000;11603699;153.885;153.905;153.895;0;T;True;3
1621254866000;11603700;153.885;153.905;153.895;0;T;True;3
1621254867000;11603701;153.885;153.905;153.895;0;T;True;3
1621254868000;11603702;153.885;153.905;153.895;0;T;True;3
1621254869000;11603703;153.885;153.905;153.895;0;T;True;3
1621254870000;11603706;153.885;153.905;153.895;2;T;True;3
1621254871000;11603707;153.885;153.905;153.895;0;T;True;3
1621254872000;11603708;153.885;153.905;153.895;0;T;True;3
1621254873000;11603709;153.885;153.905;153.895;0;T;True;3
1621254874000;11603710;153.885;153.905;153.895;0;T;True;3
1621254875000;11603711;153.885;153.905;153.895;0;T;True;3
1621254876000;11603716;153.881;153.901;153.891;4;T;True;3
1621254877000;11603717;153.881;153.901;153.891;0;T;True;3
1621254878000;11603718;153.881;153.901;153.891;0;T;True;3
1621254879000;11603719;153.881;153.901;153.891;0;T;True;3
1621254880000;11603722;153.883;153.903;153.893;2;T;True;3
1621254881000;11603723;153.883;153.903;153.893;0;T;True;3
1621254882000;11603724;153.883;153.903;153.893;0;T;True;3
1621254883000;11603725;153.883;153.903;153.893;0;T;True;3
1621254884000;11603726;153.883;153.903;153.893;0;T;True;3
1621254885000;11603727;153.883;153.903;153.893;0;T;True;3
1621254886000;11603729;153.885;153.905;153.895;1;T;True;3
1621254887000;11603730;153.885;153.905;153.895;0;T;True;3
1621254888000;11603731;153.885;153.905;153.895;0;T;True;3
1621254889000;11603732;153.885;153.905;153.895;0;T;True;3
1621254890000;11603733;153.885;153.905;153.895;0;T;True;3
1621254891000;11603734;153.885;153.905;153.895;0;T;True;3
1621254892000;11603736;153.887;153.907;153.897;1;T;True;3
1621254893000;11603737;153.887;153.907;153.897;0;T;True;3
1621254894000;11603738;153.887;153.907;153.897;0;T;True;3
1621254895000;11603739;153.887;153.907;153.897;0;T;True;3
1621254896000;11603740;153.887;153.907;153.897;0;T;True;3
1621254897000;11603741;153.887;153.907;153.897;0;T;True;3
1621254898000;11603742;153.887;153.907;153.897;0;T;True;3
1621254899000;11603743;153.887;153.907;153.897;0;T;True;3
1621254900000;11603747;153.891;153.911;153.901;3;T;True;3
1621254901000;11603753;153.897;153.917;153.907;5;T;True;3
1621254902000;11603754;153.897;153.917;153.907;0;T;True;3
1621254903000;11603756;153.899;153.919;153.909;1;T;True;3
1621254904000;11603758;153.895;153.915;153.905;1;T;True;3
1621254905000;11603759;153.895;153.915;153.905;0;T;True;3
1621254906000;11603760;153.895;153.915;153.905;0;T;True;3
1621254907000;11603764;153.895;153.915;153.905;3;T;True;3
1621254908000;11603767;153.895;153.915;153.905;2;T;True;3
1621254909000;11603769;153.894;153.914;153.904;1;T;True;3
1621254910000;11603770;153.894;153.914;153.904;0;T;True;3
1621254911000;11603771;153.894;153.914;153.904;0;T;True;3
1621254912000;11603772;153.894;153.914;153.904;0;T;True;3
1621254913000;11603773;153.894;153.914;153.904;0;T;True;3
1621254914000;11603775;153.895;153.915;153.905;1;T;True;3
1621254915000;11603776;153.895;153.915;153.905;0;T;True;3
1621254916000;11603777;153.895;153.915;153.905;0;T;True;3
1621254917000;11603779;153.897;153.917;153.907;1;T;True;3
1621254918000;11603780;153.897;153.917;153.907;0;T;True;3
1621254919000;11603783;153.897;153.917;153.907;2;T;True;3
1621254920000;11603785;153.899;153.919;153.909;1;T;True;3
1621254921000;11603786;153.899;153.919;153.909;0;T;True;3
1621254922000;11603787;153.899;153.919;153.909;0;T;True;3
1621254923000;11603789;153.897;153.917;153.907;1;T;True;3
1621254924000;11603790;153.897;153.917;153.907;0;T;True;3
1621254925000;11603792;153.896;153.916;153.906;1;T;True;3
1621254926000;11603795;153.896;153.916;153.906;2;T;True;3
1621254927000;11603796;153.896;153.916;153.906;0;T;True;3
1621254928000;11603797;153.896;153.916;153.906;0;T;True;3
1621254929000;11603799;153.895;153.915;153.905;1;T;True;3
1621254930000;11603801;153.889;153.909;153.899;1;T;True;3
1621254931000;11603806;153.885;153.905;153.895;4;T;True;3
1621254932000;11603807;153.885;153.905;153.895;0;T;True;3
1621254933000;11603809;153.883;153.903;153.893;1;T;True;3
1621254934000;11603811;153.879;153.899;153.889;1;T;True;3
1621254935000;11603812;153.879;153.899;153.889;0;T;True;3
1621254936000;11603813;153.879;153.899;153.889;0;T;True;3
1621254937000;11603815;153.88;153.9;153.89;1;T;True;3
1621254938000;11603818;153.883;153.903;153.893;2;T;True;3
1621254939000;11603819;153.883;153.903;153.893;0;T;True;3
1621254940000;11603820;153.883;153.903;153.893;0;T;True;3
1621254941000;11603821;153.883;153.903;153.893;0;T;True;3
1621254942000;11603830;153.893;153.913;153.903;8;T;True;3
1621254943000;11603838;153.882;153.902;153.892;7;T;True;3
1621254944000;11603841;153.877;153.897;153.887;2;T;True;3
1621254945000;11603844;153.875;153.895;153.885;2;T;True;3
1621254946000;11603846;153.873;153.893;153.883;1;T;True;3
1621254947000;11603849;153.879;153.899;153.889;2;T;True;3
1621254948000;11603853;153.881;153.901;153.891;3;T;True;3
1621254949000;11603856;153.878;153.898;153.888;2;T;True;3
1621254950000;11603859;153.875;153.895;153.885;2;T;True;3
1621254951000;11603866;153.887;153.907;153.897;6;T;True;3
1621254952000;11603867;153.887;153.907;153.897;0;T;True;3
1621254953000;11603868;153.887;153.907;153.897;0;T;True;3
1621254954000;11603871;153.878;153.898;153.888;2;T;True;3
1621254955000;11603873;153.876;153.896;153.886;1;T;True;3
1621254956000;11603875;153.877;153.897;153.887;1;T;True;3
1621254957000;11603876;153.877;153.897;153.887;0;T;True;3
1621254958000;11603877;153.877;153.897;153.887;0;T;True;3
1621254959000;11603878;153.877;153.897;153.887;0;T;True;3
1621254960000;11603882;153.88;153.9;153.89;3;T;True;3
1621254961000;11603884;153.879;153.899;153.889;1;T;True;3
1621254962000;11603885;153.879;153.899;153.889;0;T;True;3
1621254963000;11603886;153.879;153.899;153.889;0;T;True;3
1621254964000;11603890;153.881;153.901;153.891;3;T;True;3
1621254965000;11603892;153.885;153.905;153.895;1;T;True;3
1621254966000;11603897;153.887;153.907;153.897;4;T;True;3
1621254967000;11603899;153.886;153.906;153.896;1;T;True;3
1621254968000;11603902;153.887;153.907;153.897;2;T;True;3
1621254969000;11603903;153.887;153.907;153.897;0;T;True;3
1621254970000;11603904;153.887;153.907;153.897;0;T;True;3
1621254971000;11603906;153.891;153.911;153.901;1;T;True;3
1621254972000;11603907;153.891;153.911;153.901;0;T;True;3
1621254973000;11603908;153.891;153.911;153.901;0;T;True;3
1621254974000;11603909;153.891;153.911;153.901;0;T;True;3
1621254975000;11603913;153.897;153.917;153.907;3;T;True;3
1621254976000;11603918;153.884;153.904;153.894;4;T;True;3
1621254977000;11603923;153.885;153.905;153.895;4;T;True;3
1621254978000;11603927;153.905;153.925;153.915;3;T;True;3
1621254979000;11603931;153.906;153.926;153.916;3;T;True;3
1621254980000;11603933;153.907;153.927;153.917;1;T;True;3
1621254981000;11603935;153.905;153.925;153.915;1;T;True;3
1621254982000;11603936;153.905;153.925;153.915;0;T;True;3
1621254983000;11603938;153.907;153.927;153.917;1;T;True;3
1621254984000;11603939;153.907;153.927;153.917;0;T;True;3
1621254985000;11603940;153.907;153.927;153.917;0;T;True;3
1621254986000;11603943;153.905;153.925;153.915;2;T;True;3
1621254987000;11603944;153.905;153.925;153.915;0;T;True;3
1621254988000;11603947;153.904;153.924;153.914;2;T;True;3
1621254989000;11603949;153.905;153.925;153.915;1;T;True;3
1621254990000;11603954;153.903;153.923;153.913;4;T;True;3
1621254991000;11603955;153.903;153.923;153.913;0;T;True;3
1621254992000;11603959;153.907;153.927;153.917;3;T;True;3
1621254993000;11603960;153.907;153.927;153.917;0;T;True;3
1621254994000;11603963;153.909;153.929;153.919;2;T;True;3
1621254995000;11603966;153.911;153.931;153.921;2;T;True;3
1621254996000;11603971;153.909;153.929;153.919;4;T;True;3
1621254997000;11603972;153.909;153.929;153.919;0;T;True;3
1621254998000;11603973;153.909;153.929;153.919;0;T;True;3
1621254999000;11603974;153.909;153.929;153.919;0;T;True;3
1621255000000;11603979;153.916;153.936;153.926;4;T;True;3
1621255001000;11603984;153.911;153.931;153.921;4;T;True;3
1621255002000;11603987;153.912;153.932;153.922;2;T;True;3
1621255003000;11603989;153.913;153.933;153.923;1;T;True;3
1621255004000;11603993;153.912;153.932;153.922;3;T;True;3
1621255005000;11604001;153.907;153.927;153.917;7;T;True;3
1621255006000;11604002;153.907;153.927;153.917;0;T;True;3
1621255007000;11604007;153.905;153.925;153.915;4;T;True;3
1621255008000;11604008;153.905;153.925;153.915;0;T;True;3
1621255009000;11604013;153.905;153.925;153.915;4;T;True;3
1621255010000;11604014;153.905;153.925;153.915;0;T;True;3
1621255011000;11604015;153.905;153.925;153.915;0;T;True;3
1621255012000;11604018;153.905;153.925;153.915;2;T;True;3
1621255013000;11604019;153.905;153.925;153.915;0;T;True;3
1621255014000;11604026;153.907;153.927;153.917;6;T;True;3
1621255015000;11604030;153.909;153.929;153.919;3;T;True;3
1621255016000;11604034;153.907;153.927;153.917;3;T;True;3
1621255017000;11604038;153.908;153.928;153.918;3;T;True;3
1621255018000;11604042;153.909;153.929;153.919;3;T;True;3
1621255019000;11604043;153.909;153.929;153.919;0;T;True;3
1621255020000;11604044;153.909;153.929;153.919;0;T;True;3
1621255021000;11604045;153.909;153.929;153.919;0;T;True;3
1621255022000;11604048;153.913;153.933;153.923;2;T;True;3
1621255023000;11604052;153.907;153.927;153.917;3;T;True;3
1621255024000;11604053;153.907;153.927;153.917;0;T;True;3
1621255025000;11604055;153.911;153.931;153.921;1;T;True;3
1621255026000;11604056;153.911;153.931;153.921;0;T;True;3
1621255027000;11604057;153.911;153.931;153.921;0;T;True;3
1621255028000;11604059;153.915;153.935;153.925;1;T;True;3
1621255029000;11604060;153.915;153.935;153.925;0;T;True;3
1621255030000;11604061;153.915;153.935;153.925;0;T;True;3
1621255031000;11604064;153.92;153.94;153.93;2;T;True;3
1621255032000;11604067;153.921;153.941;153.931;2;T;True;3
1621255033000;11604068;153.921;153.941;153.931;0;T;True;3
1621255034000;11604071;153.925;153.945;153.935;2;T;True;3
1621255035000;11604074;153.925;153.945;153.935;2;T;True;3
1621255036000;11604078;153.929;153.949;153.939;3;T;True;3
1621255037000;11604081;153.929;153.949;153.939;2;T;True;3
1621255038000;11604083;153.932;153.952;153.942;1;T;True;3
1621255039000;11604084;153.932;153.952;153.942;0;T;True;3
1621255040000;11604086;153.931;153.951;153.941;1;T;True;3
1621255041000;11604088;153.93;153.95;153.94;1;T;True;3
1621255042000;11604092;153.937;153.957;153.947;3;T;True;3
1621255043000;11604093;153.937;153.957;153.947;0;T;True;3
1621255044000;11604094;153.937;153.957;153.947;0;T;True;3
1621255045000;11604096;153.938;153.958;153.948;1;T;True;3
1621255046000;11604097;153.938;153.958;153.948;0;T;True;3
1621255047000;11604098;153.938;153.958;153.948;0;T;True;3
1621255048000;11604099;153.938;153.958;153.948;0;T;True;3
1621255049000;11604104;153.939;153.959;153.949;4;T;True;3
1621255050000;11604105;153.939;153.959;153.949;0;T;True;3
1621255051000;11604106;153.939;153.959;153.949;0;T;True;3
1621255052000;11604107;153.939;153.959;153.949;0;T;True;3
1621255053000;11604108;153.939;153.959;153.949;0;T;True;3
1621255054000;11604109;153.939;153.959;153.949;0;T;True;3
1621255055000;11604116;153.933;153.953;153.943;6;T;True;3
1621255056000;11604119;153.935;153.955;153.945;2;T;True;3
1621255057000;11604122;153.934;153.954;153.944;2;T;True;3
1621255058000;11604124;153.935;153.955;153.945;1;T;True;3
1621255059000;11604126;153.936;153.956;153.946;1;T;True;3
1621255060000;11604128;153.937;153.957;153.947;1;T;True;3
1621255061000;11604129;153.937;153.957;153.947;0;T;True;3
1621255062000;11604132;153.937;153.957;153.947;2;T;True;3
1621255063000;11604133;153.937;153.957;153.947;0;T;True;3
1621255064000;11604134;153.937;153.957;153.947;0;T;True;3
1621255065000;11604136;153.936;153.956;153.946;1;T;True;3
1621255066000;11604138;153.937;153.957;153.947;1;T;True;3
1621255067000;11604139;153.937;153.957;153.947;0;T;True;3
1621255068000;11604140;153.937;153.957;153.947;0;T;True;3
1621255069000;11604141;153.937;153.957;153.947;0;T;True;3
1621255070000;11604144;153.94;153.96;153.95;2;T;True;3
1621255071000;11604145;153.94;153.96;153.95;0;T;True;3
1621255072000;11604147;153.939;153.959;153.949;1;T;True;3
1621255073000;11604148;153.939;153.959;153.949;0;T;True;3
1621255074000;11604149;153.939;153.959;153.949;0;T;True;3
1621255075000;11604151;153.94;153.96;153.95;1;T;True;3
1621255076000;11604157;153.931;153.951;153.941;5;T;True;3
1621255077000;11604162;153.929;153.949;153.939;4;T;True;3
1621255078000;11604165;153.929;153.949;153.939;2;T;True;3
1621255079000;11604167;153.931;153.951;153.941;1;T;True;3
1621255080000;11604168;153.931;153.951;153.941;0;T;True;3
1621255081000;11604172;153.938;153.958;153.948;3;T;True;3
1621255082000;11604173;153.938;153.958;153.948;0;T;True;3
1621255083000;11604176;153.935;153.955;153.945;2;T;True;3
1621255084000;11604177;153.935;153.955;153.945;0;T;True;3
1621255085000;11604178;153.935;153.955;153.945;0;T;True;3
1621255086000;11604181;153.937;153.957;153.947;2;T;True;3
1621255087000;11604182;153.937;153.957;153.947;0;T;True;3
1621255088000;11604184;153.938;153.958;153.948;1;T;True;3
1621255089000;11604186;153.935;153.955;153.945;1;T;True;3
1621255090000;11604191;153.929;153.949;153.939;4;T;True;3
1621255091000;11604196;153.925;153.945;153.935;4;T;True;3
1621255092000;11604201;153.925;153.945;153.935;4;T;True;3
1621255093000;11604205;153.931;153.951;153.941;3;T;True;3
1621255094000;11604206;153.931;153.951;153.941;0;T;True;3
1621255095000;11604207;153.931;153.951;153.941;0;T;True;3
1621255096000;11604208;153.931;153.951;153.941;0;T;True;3
1621255097000;11604210;153.929;153.949;153.939;1;T;True;3
1621255098000;11604211;153.929;153.949;153.939;0;T;True;3
1621255099000;11604213;153.927;153.947;153.937;1;T;True;3
1621255100000;11604218;153.925;153.945;153.935;4;T;True;3
1621255101000;11604222;153.922;153.942;153.932;3;T;True;3
1621255102000;11604225;153.922;153.942;153.932;2;T;True;3
1621255103000;11604230;153.924;153.944;153.934;4;T;True;3
1621255104000;11604233;153.927;153.947;153.937;2;T;True;3
1621255105000;11604240;153.923;153.943;153.933;6;T;True;3
1621255106000;11604242;153.921;153.941;153.931;1;T;True;3
1621255107000;11604243;153.921;153.941;153.931;0;T;True;3
1621255108000;11604244;153.921;153.941;153.931;0;T;True;3
1621255109000;11604245;153.921;153.941;153.931;0;T;True;3
1621255110000;11604246;153.921;153.941;153.931;0;T;True;3
1621255111000;11604247;153.921;153.941;153.931;0;T;True;3
1621255112000;11604251;153.923;153.943;153.933;3;T;True;3
1621255113000;11604255;153.92;153.94;153.93;3;T;True;3
1621255114000;11604258;153.92;153.94;153.93;2;T;True;3
1621255115000;11604263;153.926;153.946;153.936;4;T;True;3
1621255116000;11604265;153.927;153.947;153.937;1;T;True;3
1621255117000;11604266;153.927;153.947;153.937;0;T;True;3
1621255118000;11604267;153.927;153.947;153.937;0;T;True;3
1621255119000;11604269;153.929;153.949;153.939;1;T;True;3
1621255120000;11604272;153.924;153.944;153.934;2;T;True;3
1621255121000;11604273;153.924;153.944;153.934;0;T;True;3
1621255122000;11604274;153.924;153.944;153.934;0;T;True;3
1621255123000;11604277;153.925;153.945;153.935;2;T;True;3
1621255124000;11604279;153.923;153.943;153.933;1;T;True;3
1621255125000;11604280;153.923;153.943;153.933;0;T;True;3
1621255126000;11604283;153.921;153.941;153.931;2;T;True;3
1621255127000;11604286;153.924;153.944;153.934;2;T;True;3
1621255128000;11604287;153.924;153.944;153.934;0;T;True;3
1621255129000;11604289;153.925;153.945;153.935;1;T;True;3
1621255130000;11604290;153.925;153.945;153.935;0;T;True;3
1621255131000;11604291;153.925;153.945;153.935;0;T;True;3
1621255132000;11604292;153.925;153.945;153.935;0;T;True;3
1621255133000;11604294;153.927;153.947;153.937;1;T;True;3
1621255134000;11604295;153.927;153.947;153.937;0;T;True;3
1621255135000;11604297;153.925;153.945;153.935;1;T;True;3
1621255136000;11604298;153.925;153.945;153.935;0;T;True;3
1621255137000;11604300;153.923;153.943;153.933;1;T;True;3
1621255138000;11604302;153.922;153.942;153.932;1;T;True;3
1621255139000;11604303;153.922;153.942;153.932;0;T;True;3
1621255140000;11604304;153.922;153.942;153.932;0;T;True;3
1621255141000;11604306;153.921;153.941;153.931;1;T;True;3
1621255142000;11604310;153.917;153.937;153.927;3;T;True;3
1621255143000;11604311;153.917;153.937;153.927;0;T;True;3
1621255144000;11604312;153.917;153.937;153.927;0;T;True;3
1621255145000;11604315;153.911;153.931;153.921;2;T;True;3
1621255146000;11604316;153.911;153.931;153.921;0;T;True;3
1621255147000;11604318;153.913;153.933;153.923;1;T;True;3
1621255148000;11604320;153.912;153.932;153.922;1;T;True;3
1621255149000;11604321;153.912;153.932;153.922;0;T;True;3
1621255150000;11604322;153.912;153.932;153.922;0;T;True;3
1621255151000;11604323;153.912;153.932;153.922;0;T;True;3
1621255152000;11604326;153.914;153.934;153.924;2;T;True;3
1621255153000;11604327;153.914;153.934;153.924;0;T;True;3
1621255154000;11604329;153.913;153.933;153.923;1;T;True;3
1621255155000;11604330;153.913;153.933;153.923;0;T;True;3
1621255156000;11604331;153.913;153.933;153.923;0;T;True;3
1621255157000;11604332;153.913;153.933;153.923;0;T;True;3
1621255158000;11604333;153.913;153.933;153.923;0;T;True;3
1621255159000;11604334;153.913;153.933;153.923;0;T;True;3
1621255160000;11604335;153.913;153.933;153.923;0;T;True;3
1621255161000;11604336;153.913;153.933;153.923;0;T;True;3
1621255162000;11604337;153.913;153.933;153.923;0;T;True;3
1621255163000;11604339;153.914;153.934;153.924;1;T;True;3
1621255164000;11604340;153.914;153.934;153.924;0;T;True;3
1621255165000;11604344;153.916;153.936;153.926;3;T;True;3
1621255166000;11604345;153.916;153.936;153.926;0;T;True;3
1621255167000;11604346;153.916;153.936;153.926;0;T;True;3
1621255168000;11604347;153.916;153.936;153.926;0;T;True;3
1621255169000;11604349;153.917;153.937;153.927;1;T;True;3
1621255170000;11604350;153.917;153.937;153.927;0;T;True;3
1621255171000;11604351;153.917;153.937;153.927;0;T;True;3
1621255172000;11604352;153.917;153.937;153.927;0;T;True;3
1621255173000;11604353;153.917;153.937;153.927;0;T;True;3
1621255174000;11604354;153.917;153.937;153.927;0;T;True;3
1621255175000;11604355;153.917;153.937;153.927;0;T;True;3
1621255176000;11604357;153.915;153.935;153.925;1;T;True;3
1621255177000;11604360;153.91;153.93;153.92;2;T;True;3
1621255178000;11604362;153.909;153.929;153.919;1;T;True;3
1621255179000;11604364;153.908;153.928;153.918;1;T;True;3
1621255180000;11604366;153.907;153.927;153.917;1;T;True;3
1621255181000;11604367;153.907;153.927;153.917;0;T;True;3
1621255182000;11604369;153.908;153.928;153.918;1;T;True;3
1621255183000;11604370;153.908;153.928;153.918;0;T;True;3
1621255184000;11604371;153.908;153.928;153.918;0;T;True;3
1621255185000;11604372;153.908;153.928;153.918;0;T;True;3
1621255186000;11604377;153.912;153.932;153.922;4;T;True;3
1621255187000;11604379;153.911;153.931;153.921;1;T;True;3
1621255188000;11604380;153.911;153.931;153.921;0;T;True;3
1621255189000;11604382;153.91;153.93;153.92;1;T;True;3
1621255190000;11604383;153.91;153.93;153.92;0;T;True;3
1621255191000;11604384;153.91;153.93;153.92;0;T;True;3
1621255192000;11604385;153.91;153.93;153.92;0;T;True;3
1621255193000;11604386;153.91;153.93;153.92;0;T;True;3
1621255194000;11604387;153.91;153.93;153.92;0;T;True;3
1621255195000;11604388;153.91;153.93;153.92;0;T;True;3
1621255196000;11604391;153.907;153.927;153.917;2;T;True;3
1621255197000;11604392;153.907;153.927;153.917;0;T;True;3
1621255198000;11604393;153.907;153.927;153.917;0;T;True;3
1621255199000;11604394;153.907;153.927;153.917;0;T;True;3
1621255200000;11604396;153.908;153.928;153.918;1;T;True;3
1621255201000;11604403;153.918;153.938;153.928;6;T;True;3
1621255202000;11604404;153.918;153.938;153.928;0;T;True;3
1621255203000;11604407;153.918;153.938;153.928;2;T;True;3
1621255204000;11604409;153.919;153.939;153.929;1;T;True;3
1621255205000;11604410;153.919;153.939;153.929;0;T;True;3
1621255206000;11604411;153.919;153.939;153.929;0;T;True;3
1621255207000;11604412;153.919;153.939;153.929;0;T;True;3
1621255208000;11604413;153.919;153.939;153.929;0;T;True;3
1621255209000;11604414;153.919;153.939;153.929;0;T;True;3
1621255210000;11604415;153.919;153.939;153.929;0;T;True;3
1621255211000;11604417;153.918;153.938;153.928;1;T;True;3
1621255212000;11604418;153.918;153.938;153.928;0;T;True;3
1621255213000;11604420;153.917;153.937;153.927;1;T;True;3
1621255214000;11604421;153.917;153.937;153.927;0;T;True;3
1621255215000;11604423;153.919;153.939;153.929;1;T;True;3
1621255216000;11604424;153.919;153.939;153.929;0;T;True;3
1621255217000;11604425;153.919;153.939;153.929;0;T;True;3
1621255218000;11604427;153.921;153.941;153.931;1;T;True;3
1621255219000;11604428;153.921;153.941;153.931;0;T;True;3
1621255220000;11604430;153.919;153.939;153.929;1;T;True;3
1621255221000;11604431;153.919;153.939;153.929;0;T;True;3
1621255222000;11604433;153.92;153.94;153.93;1;T;True;3
1621255223000;11604435;153.919;153.939;153.929;1;T;True;3
1621255224000;11604436;153.919;153.939;153.929;0;T;True;3
1621255225000;11604438;153.923;153.943;153.933;1;T;True;3
1621255226000;11604439;153.923;153.943;153.933;0;T;True;3
1621255227000;11604441;153.922;153.942;153.932;1;T;True;3
1621255228000;11604443;153.923;153.943;153.933;1;T;True;3
1621255229000;11604444;153.923;153.943;153.933;0;T;True;3
1621255230000;11604445;153.923;153.943;153.933;0;T;True;3
1621255231000;11604449;153.93;153.95;153.94;3;T;True;3
1621255232000;11604451;153.931;153.951;153.941;1;T;True;3
1621255233000;11604454;153.929;153.949;153.939;2;T;True;3
1621255234000;11604458;153.925;153.945;153.935;3;T;True;3
1621255235000;11604461;153.929;153.949;153.939;2;T;True;3
1621255236000;11604462;153.929;153.949;153.939;0;T;True;3
1621255237000;11604463;153.929;153.949;153.939;0;T;True;3
1621255238000;11604465;153.927;153.947;153.937;1;T;True;3
1621255239000;11604466;153.927;153.947;153.937;0;T;True;3
1621255240000;11604467;153.927;153.947;153.937;0;T;True;3
1621255241000;11604468;153.927;153.947;153.937;0;T;True;3
1621255242000;11604469;153.927;153.947;153.937;0;T;True;3
1621255243000;11604470;153.927;153.947;153.937;0;T;True;3
1621255244000;11604475;153.93;153.95;153.94;4;T;True;3
1621255245000;11604480;153.933;153.953;153.943;4;T;True;3
1621255246000;11604484;153.937;153.957;153.947;3;T;True;3
1621255247000;11604486;153.938;153.958;153.948;1;T;True;3
1621255248000;11604487;153.938;153.958;153.948;0;T;True;3
1621255249000;11604488;153.938;153.958;153.948;0;T;True;3
1621255250000;11604490;153.937;153.957;153.947;1;T;True;3
1621255251000;11604495;153.945;153.965;153.955;4;T;True;3
1621255252000;11604496;153.945;153.965;153.955;0;T;True;3
1621255253000;11604497;153.945;153.965;153.955;0;T;True;3
1621255254000;11604498;153.945;153.965;153.955;0;T;True;3
1621255255000;11604500;153.947;153.967;153.957;1;T;True;3
1621255256000;11604501;153.947;153.967;153.957;0;T;True;3
1621255257000;11604502;153.947;153.967;153.957;0;T;True;3
1621255258000;11604503;153.947;153.967;153.957;0;T;True;3
1621255259000;11604504;153.947;153.967;153.957;0;T;True;3
1621255260000;11604505;153.947;153.967;153.957;0;T;True;3
1621255261000;11604506;153.947;153.967;153.957;0;T;True;3
1621255262000;11604509;153.941;153.961;153.951;2;T;True;3
1621255263000;11604514;153.938;153.958;153.948;4;T;True;3
1621255264000;11604516;153.939;153.959;153.949;1;T;True;3
1621255265000;11604519;153.938;153.958;153.948;2;T;True;3
1621255266000;11604520;153.938;153.958;153.948;0;T;True;3
1621255267000;11604522;153.939;153.959;153.949;1;T;True;3
1621255268000;11604524;153.938;153.958;153.948;1;T;True;3
1621255269000;11604525;153.938;153.958;153.948;0;T;True;3
1621255270000;11604526;153.938;153.958;153.948;0;T;True;3
1621255271000;11604529;153.938;153.958;153.948;2;T;True;3
1621255272000;11604531;153.937;153.957;153.947;1;T;True;3
1621255273000;11604532;153.937;153.957;153.947;0;T;True;3
1621255274000;11604533;153.937;153.957;153.947;0;T;True;3
1621255275000;11604534;153.937;153.957;153.947;0;T;True;3
1621255276000;11604535;153.937;153.957;153.947;0;T;True;3
1621255277000;11604536;153.937;153.957;153.947;0;T;True;3
1621255278000;11604537;153.937;153.957;153.947;0;T;True;3
1621255279000;11604538;153.937;153.957;153.947;0;T;True;3
1621255280000;11604539;153.937;153.957;153.947;0;T;True;3
1621255281000;11604540;153.937;153.957;153.947;0;T;True;3
1621255282000;11604541;153.937;153.957;153.947;0;T;True;3
1621255283000;11604543;153.936;153.956;153.946;1;T;True;3
1621255284000;11604545;153.929;153.949;153.939;1;T;True;3
1621255285000;11604547;153.93;153.95;153.94;1;T;True;3
1621255286000;11604548;153.93;153.95;153.94;0;T;True;3
1621255287000;11604551;153.931;153.951;153.941;2;T;True;3
1621255288000;11604552;153.931;153.951;153.941;0;T;True;3
1621255289000;11604553;153.931;153.951;153.941;0;T;True;3
1621255290000;11604554;153.931;153.951;153.941;0;T;True;3
1621255291000;11604555;153.931;153.951;153.941;0;T;True;3
1621255292000;11604557;153.93;153.95;153.94;1;T;True;3
1621255293000;11604560;153.929;153.949;153.939;2;T;True;3
1621255294000;11604563;153.929;153.949;153.939;2;T;True;3
1621255295000;11604564;153.929;153.949;153.939;0;T;True;3
1621255296000;11604565;153.929;153.949;153.939;0;T;True;3
1621255297000;11604566;153.929;153.949;153.939;0;T;True;3
1621255298000;11604567;153.929;153.949;153.939;0;T;True;3
1621255299000;11604568;153.929;153.949;153.939;0;T;True;3
1621255300000;11604572;153.932;153.952;153.942;3;T;True;3
1621255301000;11604573;153.932;153.952;153.942;0;T;True;3
1621255302000;11604574;153.932;153.952;153.942;0;T;True;3
1621255303000;11604579;153.933;153.953;153.943;4;T;True;3
1621255304000;11604580;153.933;153.953;153.943;0;T;True;3
1621255305000;11604581;153.933;153.953;153.943;0;T;True;3
1621255306000;11604584;153.939;153.959;153.949;2;T;True;3
1621255307000;11604590;153.937;153.957;153.947;5;T;True;3
1621255308000;11604591;153.937;153.957;153.947;0;T;True;3
1621255309000;11604595;153.935;153.955;153.945;3;T;True;3
1621255310000;11604596;153.935;153.955;153.945;0;T;True;3
1621255311000;11604600;153.937;153.957;153.947;3;T;True;3
1621255312000;11604602;153.936;153.956;153.946;1;T;True;3
1621255313000;11604603;153.936;153.956;153.946;0;T;True;3
1621255314000;11604606;153.933;153.953;153.943;2;T;True;3
1621255315000;11604615;153.941;153.961;153.951;8;T;True;3
1621255316000;11604616;153.941;153.961;153.951;0;T;True;3
1621255317000;11604617;153.941;153.961;153.951;0;T;True;3
1621255318000;11604623;153.945;153.965;153.955;5;T;True;3
1621255319000;11604625;153.941;153.961;153.951;1;T;True;3
1621255320000;11604627;153.943;153.963;153.953;1;T;True;3
1621255321000;11604628;153.943;153.963;153.953;0;T;True;3
1621255322000;11604630;153.941;153.961;153.951;1;T;True;3
1621255323000;11604632;153.94;153.96;153.95;1;T;True;3
1621255324000;11604633;153.94;153.96;153.95;0;T;True;3
1621255325000;11604635;153.938;153.958;153.948;1;T;True;3
1621255326000;11604636;153.938;153.958;153.948;0;T;True;3
1621255327000;11604639;153.941;153.961;153.951;2;T;True;3
1621255328000;11604640;153.941;153.961;153.951;0;T;True;3
1621255329000;11604641;153.941;153.961;153.951;0;T;True;3
1621255330000;11604642;153.941;153.961;153.951;0;T;True;3
1621255331000;11604643;153.941;153.961;153.951;0;T;True;3
1621255332000;11604645;153.94;153.96;153.95;1;T;True;3
1621255333000;11604646;153.94;153.96;153.95;0;T;True;3
1621255334000;11604647;153.94;153.96;153.95;0;T;True;3
1621255335000;11604648;153.94;153.96;153.95;0;T;True;3
1621255336000;11604649;153.94;153.96;153.95;0;T;True;3
1621255337000;11604652;153.941;153.961;153.951;2;T;True;3
1621255338000;11604653;153.941;153.961;153.951;0;T;True;3
1621255339000;11604656;153.938;153.958;153.948;2;T;True;3
1621255340000;11604659;153.942;153.962;153.952;2;T;True;3
1621255341000;11604660;153.942;153.962;153.952;0;T;True;3
1621255342000;11604664;153.948;153.968;153.958;3;T;True;3
1621255343000;11604665;153.948;153.968;153.958;0;T;True;3
1621255344000;11604666;153.948;153.968;153.958;0;T;True;3
1621255345000;11604668;153.949;153.969;153.959;1;T;True;3
1621255346000;11604669;153.949;153.969;153.959;0;T;True;3
1621255347000;11604670;153.949;153.969;153.959;0;T;True;3
1621255348000;11604671;153.949;153.969;153.959;0;T;True;3
1621255349000;11604672;153.949;153.969;153.959;0;T;True;3
1621255350000;11604673;153.949;153.969;153.959;0;T;True;3
1621255351000;11604674;153.949;153.969;153.959;0;T;True;3
1621255352000;11604676;153.948;153.968;153.958;1;T;True;3
1621255353000;11604678;153.949;153.969;153.959;1;T;True;3
1621255354000;11604679;153.949;153.969;153.959;0;T;True;3
1621255355000;11604680;153.949;153.969;153.959;0;T;True;3
1621255356000;11604681;153.949;153.969;153.959;0;T;True;3
1621255357000;11604682;153.949;153.969;153.959;0;T;True;3
1621255358000;11604683;153.949;153.969;153.959;0;T;True;3
1621255359000;11604684;153.949;153.969;153.959;0;T;True;3
1621255360000;11604688;153.951;153.971;153.961;3;T;True;3
1621255361000;11604689;153.951;153.971;153.961;0;T;True;3
1621255362000;11604694;153.95;153.97;153.96;4;T;True;3
1621255363000;11604698;153.953;153.973;153.963;3;T;True;3
1621255364000;11604702;153.953;153.973;153.963;3;T;True;3
1621255365000;11604705;153.953;153.973;153.963;2;T;True;3
1621255366000;11604706;153.953;153.973;153.963;0;T;True;3
1621255367000;11604707;153.953;153.973;153.963;0;T;True;3
1621255368000;11604710;153.953;153.973;153.963;2;T;True;3
1621255369000;11604711;153.953;153.973;153.963;0;T;True;3
1621255370000;11604713;153.954;153.974;153.964;1;T;True;3
1621255371000;11604714;153.954;153.974;153.964;0;T;True;3
1621255372000;11604718;153.958;153.978;153.968;3;T;True;3
1621255373000;11604720;153.957;153.977;153.967;1;T;True;3
1621255374000;11604721;153.957;153.977;153.967;0;T;True;3
1621255375000;11604722;153.957;153.977;153.967;0;T;True;3
1621255376000;11604724;153.956;153.976;153.966;1;T;True;3
1621255377000;11604726;153.955;153.975;153.965;1;T;True;3
1621255378000;11604728;153.957;153.977;153.967;1;T;True;3
1621255379000;11604729;153.957;153.977;153.967;0;T;True;3
1621255380000;11604730;153.957;153.977;153.967;0;T;True;3
1621255381000;11604734;153.947;153.967;153.957;3;T;True;3
1621255382000;11604736;153.949;153.969;153.959;1;T;True;3
1621255383000;11604740;153.95;153.97;153.96;3;T;True;3
1621255384000;11604741;153.95;153.97;153.96;0;T;True;3
1621255385000;11604743;153.951;153.971;153.961;1;T;True;3
1621255386000;11604744;153.951;153.971;153.961;0;T;True;3
1621255387000;11604745;153.951;153.971;153.961;0;T;True;3
1621255388000;11604746;153.951;153.971;153.961;0;T;True;3
1621255389000;11604747;153.951;153.971;153.961;0;T;True;3
1621255390000;11604748;153.951;153.971;153.961;0;T;True;3
1621255391000;11604749;153.951;153.971;153.961;0;T;True;3
1621255392000;11604753;153.959;153.979;153.969;3;T;True;3
1621255393000;11604754;153.959;153.979;153.969;0;T;True;3
1621255394000;11604755;153.959;153.979;153.969;0;T;True;3
1621255395000;11604756;153.959;153.979;153.969;0;T;True;3
1621255396000;11604758;153.957;153.977;153.967;1;T;True;3
1621255397000;11604759;153.957;153.977;153.967;0;T;True;3
1621255398000;11604760;153.957;153.977;153.967;0;T;True;3
1621255399000;11604762;153.956;153.976;153.966;1;T;True;3
1621255400000;11604763;153.956;153.976;153.966;0;T;True;3
1621255401000;11604767;153.949;153.969;153.959;3;T;True;3
1621255402000;11604768;153.949;153.969;153.959;0;T;True;3
1621255403000;11604769;153.949;153.969;153.959;0;T;True;3
1621255404000;11604770;153.949;153.969;153.959;0;T;True;3
1621255405000;11604773;153.957;153.977;153.967;2;T;True;3
1621255406000;11604774;153.957;153.977;153.967;0;T;True;3
1621255407000;11604777;153.952;153.972;153.962;2;T;True;3
1621255408000;11604779;153.951;153.971;153.961;1;T;True;3
1621255409000;11604782;153.953;153.973;153.963;2;T;True;3
1621255410000;11604783;153.953;153.973;153.963;0;T;True;3
1621255411000;11604784;153.953;153.973;153.963;0;T;True;3
1621255412000;11604785;153.953;153.973;153.963;0;T;True;3
1621255413000;11604786;153.953;153.973;153.963;0;T;True;3
1621255414000;11604788;153.955;153.975;153.965;1;T;True;3
1621255415000;11604789;153.955;153.975;153.965;0;T;True;3
1621255416000;11604790;153.955;153.975;153.965;0;T;True;3
1621255417000;11604791;153.955;153.975;153.965;0;T;True;3
1621255418000;11604792;153.955;153.975;153.965;0;T;True;3
1621255419000;11604795;153.957;153.977;153.967;2;T;True;3
1621255420000;11604799;153.958;153.978;153.968;3;T;True;3
1621255421000;11604803;153.955;153.975;153.965;3;T;True;3
1621255422000;11604805;153.954;153.974;153.964;1;T;True;3
1621255423000;11604806;153.954;153.974;153.964;0;T;True;3
1621255424000;11604809;153.954;153.974;153.964;2;T;True;3
1621255425000;11604813;153.955;153.975;153.965;3;T;True;3
1621255426000;11604816;153.949;153.969;153.959;2;T;True;3
1621255427000;11604818;153.95;153.97;153.96;1;T;True;3
1621255428000;11604820;153.949;153.969;153.959;1;T;True;3
1621255429000;11604823;153.953;153.973;153.963;2;T;True;3
1621255430000;11604824;153.953;153.973;153.963;0;T;True;3
1621255431000;11604825;153.953;153.973;153.963;0;T;True;3
1621255432000;11604826;153.953;153.973;153.963;0;T;True;3
1621255433000;11604830;153.949;153.969;153.959;3;T;True;3
1621255434000;11604832;153.948;153.968;153.958;1;T;True;3
1621255435000;11604833;153.948;153.968;153.958;0;T;True;3
1621255436000;11604835;153.949;153.969;153.959;1;T;True;3
1621255437000;11604837;153.95;153.97;153.96;1;T;True;3
1621255438000;11604839;153.951;153.971;153.961;1;T;True;3
1621255439000;11604840;153.951;153.971;153.961;0;T;True;3
1621255440000;11604844;153.955;153.975;153.965;3;T;True;3
1621255441000;11604847;153.957;153.977;153.967;2;T;True;3
1621255442000;11604850;153.959;153.979;153.969;2;T;True;3
1621255443000;11604852;153.96;153.98;153.97;1;T;True;3
1621255444000;11604854;153.961;153.981;153.971;1;T;True;3
1621255445000;11604855;153.961;153.981;153.971;0;T;True;3
1621255446000;11604856;153.961;153.981;153.971;0;T;True;3
1621255447000;11604862;153.963;153.983;153.973;5;T;True;3
1621255448000;11604863;153.963;153.983;153.973;0;T;True;3
1621255449000;11604867;153.963;153.983;153.973;3;T;True;3
1621255450000;11604870;153.961;153.981;153.971;2;T;True;3
1621255451000;11604872;153.96;153.98;153.97;1;T;True;3
1621255452000;11604874;153.959;153.979;153.969;1;T;True;3
1621255453000;11604878;153.958;153.978;153.968;3;T;True;3
1621255454000;11604880;153.957;153.977;153.967;1;T;True;3
1621255455000;11604882;153.955;153.975;153.965;1;T;True;3
1621255456000;11604883;153.955;153.975;153.965;0;T;True;3
1621255457000;11604888;153.956;153.976;153.966;4;T;True;3
1621255458000;11604889;153.956;153.976;153.966;0;T;True;3
1621255459000;11604890;153.956;153.976;153.966;0;T;True;3
1621255460000;11604891;153.956;153.976;153.966;0;T;True;3
1621255461000;11604893;153.957;153.977;153.967;1;T;True;3
1621255462000;11604895;153.958;153.978;153.968;1;T;True;3
1621255463000;11604896;153.958;153.978;153.968;0;T;True;3
1621255464000;11604897;153.958;153.978;153.968;0;T;True;3
1621255465000;11604898;153.958;153.978;153.968;0;T;True;3
1621255466000;11604899;153.958;153.978;153.968;0;T;True;3
1621255467000;11604903;153.966;153.986;153.976;3;T;True;3
1621255468000;11604905;153.964;153.984;153.974;1;T;True;3
1621255469000;11604906;153.964;153.984;153.974;0;T;True;3
1621255470000;11604907;153.964;153.984;153.974;0;T;True;3
1621255471000;11604909;153.963;153.983;153.973;1;T;True;3
1621255472000;11604912;153.965;153.985;153.975;2;T;True;3
1621255473000;11604917;153.973;153.993;153.983;4;T;True;3
1621255474000;11604919;153.975;153.995;153.985;1;T;True;3
1621255475000;11604920;153.975;153.995;153.985;0;T;True;3
1621255476000;11604921;153.975;153.995;153.985;0;T;True;3
1621255477000;11604924;153.973;153.993;153.983;2;T;True;3
1621255478000;11604925;153.973;153.993;153.983;0;T;True;3
1621255479000;11604930;153.969;153.989;153.979;4;T;True;3
1621255480000;11604931;153.969;153.989;153.979;0;T;True;3
1621255481000;11604932;153.969;153.989;153.979;0;T;True;3
1621255482000;11604933;153.969;153.989;153.979;0;T;True;3
1621255483000;11604938;153.974;153.994;153.984;4;T;True;3
1621255484000;11604944;153.973;153.993;153.983;5;T;True;3
1621255485000;11604945;153.973;153.993;153.983;0;T;True;3
1621255486000;11604947;153.974;153.994;153.984;1;T;True;3
1621255487000;11604949;153.973;153.993;153.983;1;T;True;3
1621255488000;11604950;153.973;153.993;153.983;0;T;True;3
1621255489000;11604951;153.973;153.993;153.983;0;T;True;3
1621255490000;11604952;153.973;153.993;153.983;0;T;True;3
1621255491000;11604954;153.975;153.995;153.985;1;T;True;3
1621255492000;11604958;153.968;153.988;153.978;3;T;True;3
1621255493000;11604960;153.969;153.989;153.979;1;T;True;3
1621255494000;11604961;153.969;153.989;153.979;0;T;True;3
1621255495000;11604965;153.963;153.983;153.973;3;T;True;3
1621255496000;11604966;153.963;153.983;153.973;0;T;True;3
1621255497000;11604967;153.963;153.983;153.973;0;T;True;3
1621255498000;11604968;153.963;153.983;153.973;0;T;True;3
1621255499000;11604969;153.963;153.983;153.973;0;T;True;3
1621255500000;11604970;153.963;153.983;153.973;0;T;True;3
1621255501000;11604980;153.948;153.968;153.958;9;T;True;3
1621255502000;11604982;153.947;153.967;153.957;1;T;True;3
1621255503000;11604983;153.947;153.967;153.957;0;T;True;3
1621255504000;11604984;153.947;153.967;153.957;0;T;True;3
1621255505000;11604987;153.951;153.971;153.961;2;T;True;3
1621255506000;11604988;153.951;153.971;153.961;0;T;True;3
1621255507000;11604989;153.951;153.971;153.961;0;T;True;3
1621255508000;11604990;153.951;153.971;153.961;0;T;True;3
1621255509000;11604993;153.953;153.973;153.963;2;T;True;3
1621255510000;11604998;153.942;153.962;153.952;4;T;True;3
1621255511000;11605001;153.943;153.963;153.953;2;T;True;3
1621255512000;11605004;153.94;153.96;153.95;2;T;True;3
1621255513000;11605006;153.939;153.959;153.949;1;T;True;3
1621255514000;11605007;153.939;153.959;153.949;0;T;True;3
1621255515000;11605008;153.939;153.959;153.949;0;T;True;3
1621255516000;11605009;153.939;153.959;153.949;0;T;True;3
1621255517000;11605012;153.942;153.962;153.952;2;T;True;3
1621255518000;11605014;153.941;153.961;153.951;1;T;True;3
1621255519000;11605015;153.941;153.961;153.951;0;T;True;3
1621255520000;11605016;153.941;153.961;153.951;0;T;True;3
1621255521000;11605017;153.941;153.961;153.951;0;T;True;3
1621255522000;11605018;153.941;153.961;153.951;0;T;True;3
1621255523000;11605019;153.941;153.961;153.951;0;T;True;3
1621255524000;11605020;153.941;153.961;153.951;0;T;True;3
1621255525000;11605021;153.941;153.961;153.951;0;T;True;3
1621255526000;11605022;153.941;153.961;153.951;0;T;True;3
1621255527000;11605023;153.941;153.961;153.951;0;T;True;3
1621255528000;11605024;153.941;153.961;153.951;0;T;True;3
1621255529000;11605025;153.941;153.961;153.951;0;T;True;3
1621255530000;11605026;153.941;153.961;153.951;0;T;True;3
1621255531000;11605027;153.941;153.961;153.951;0;T;True;3
1621255532000;11605031;153.946;153.966;153.956;3;T;True;3
1621255533000;11605034;153.948;153.968;153.958;2;T;True;3
1621255534000;11605036;153.949;153.969;153.959;1;T;True;3
1621255535000;11605038;153.95;153.97;153.96;1;T;True;3
1621255536000;11605040;153.951;153.971;153.961;1;T;True;3
1621255537000;11605041;153.951;153.971;153.961;0;T;True;3
1621255538000;11605042;153.951;153.971;153.961;0;T;True;3
1621255539000;11605043;153.951;153.971;153.961;0;T;True;3
1621255540000;11605044;153.951;153.971;153.961;0;T;True;3
1621255541000;11605045;153.951;153.971;153.961;0;T;True;3
1621255542000;11605046;153.951;153.971;153.961;0;T;True;3
1621255543000;11605049;153.947;153.967;153.957;2;T;True;3
1621255544000;11605051;153.945;153.965;153.955;1;T;True;3
1621255545000;11605052;153.945;153.965;153.955;0;T;True;3
1621255546000;11605054;153.944;153.964;153.954;1;T;True;3
1621255547000;11605055;153.944;153.964;153.954;0;T;True;3
1621255548000;11605056;153.944;153.964;153.954;0;T;True;3
1621255549000;11605057;153.944;153.964;153.954;0;T;True;3
1621255550000;11605058;153.944;153.964;153.954;0;T;True;3
1621255551000;11605059;153.944;153.964;153.954;0;T;True;3
1621255552000;11605060;153.944;153.964;153.954;0;T;True;3
1621255553000;11605061;153.944;153.964;153.954;0;T;True;3
1621255554000;11605062;153.944;153.964;153.954;0;T;True;3
1621255555000;11605063;153.944;153.964;153.954;0;T;True;3
1621255556000;11605064;153.944;153.964;153.954;0;T;True;3
1621255557000;11605066;153.943;153.963;153.953;1;T;True;3
1621255558000;11605067;153.943;153.963;153.953;0;T;True;3
1621255559000;11605069;153.942;153.962;153.952;1;T;True;3
1621255560000;11605070;153.942;153.962;153.952;0;T;True;3
1621255561000;11605075;153.939;153.959;153.949;4;T;True;3
1621255562000;11605076;153.939;153.959;153.949;0;T;True;3
1621255563000;11605081;153.937;153.957;153.947;4;T;True;3
1621255564000;11605084;153.938;153.958;153.948;2;T;True;3
1621255565000;11605087;153.938;153.958;153.948;2;T;True;3
1621255566000;11605088;153.938;153.958;153.948;0;T;True;3
1621255567000;11605090;153.937;153.957;153.947;1;T;True;3
1621255568000;11605091;153.937;153.957;153.947;0;T;True;3
1621255569000;11605093;153.941;153.961;153.951;1;T;True;3
1621255570000;11605094;153.941;153.961;153.951;0;T;True;3
1621255571000;11605095;153.941;153.961;153.951;0;T;True;3
1621255572000;11605097;153.939;153.959;153.949;1;T;True;3
1621255573000;11605098;153.939;153.959;153.949;0;T;True;3
1621255574000;11605103;153.931;153.951;153.941;4;T;True;3
1621255575000;11605106;153.935;153.955;153.945;2;T;True;3
1621255576000;11605107;153.935;153.955;153.945;0;T;True;3
1621255577000;11605111;153.932;153.952;153.942;3;T;True;3
1621255578000;11605112;153.932;153.952;153.942;0;T;True;3
1621255579000;11605113;153.932;153.952;153.942;0;T;True;3
1621255580000;11605114;153.932;153.952;153.942;0;T;True;3
1621255581000;11605115;153.932;153.952;153.942;0;T;True;3
1621255582000;11605118;153.925;153.945;153.935;2;T;True;3
1621255583000;11605124;153.926;153.946;153.936;5;T;True;3
1621255584000;11605129;153.928;153.948;153.938;4;T;True;3
1621255585000;11605132;153.929;153.949;153.939;2;T;True;3
1621255586000;11605133;153.929;153.949;153.939;0;T;True;3
1621255587000;11605134;153.929;153.949;153.939;0;T;True;3
1621255588000;11605135;153.929;153.949;153.939;0;T;True;3
1621255589000;11605136;153.929;153.949;153.939;0;T;True;3
1621255590000;11605139;153.929;153.949;153.939;2;T;True;3
1621255591000;11605141;153.928;153.948;153.938;1;T;True;3
1621255592000;11605145;153.931;153.951;153.941;3;T;True;3
1621255593000;11605148;153.928;153.948;153.938;2;T;True;3
1621255594000;11605151;153.926;153.946;153.936;2;T;True;3
1621255595000;11605154;153.925;153.945;153.935;2;T;True;3
1621255596000;11605156;153.927;153.947;153.937;1;T;True;3
1621255597000;11605159;153.927;153.947;153.937;2;T;True;3
1621255598000;11605160;153.927;153.947;153.937;0;T;True;3
1621255599000;11605161;153.927;153.947;153.937;0;T;True;3
1621255600000;11605164;153.931;153.951;153.941;2;T;True;3
1621255601000;11605169;153.925;153.945;153.935;4;T;True;3
1621255602000;11605170;153.925;153.945;153.935;0;T;True;3
1621255603000;11605171;153.925;153.945;153.935;0;T;True;3
1621255604000;11605172;153.925;153.945;153.935;0;T;True;3
1621255605000;11605173;153.925;153.945;153.935;0;T;True;3
1621255606000;11605174;153.925;153.945;153.935;0;T;True;3
1621255607000;11605175;153.925;153.945;153.935;0;T;True;3
1621255608000;11605178;153.927;153.947;153.937;2;T;True;3
1621255609000;11605181;153.931;153.951;153.941;2;T;True;3
1621255610000;11605184;153.931;153.951;153.941;2;T;True;3
1621255611000;11605190;153.93;153.95;153.94;5;T;True;3
1621255612000;11605194;153.934;153.954;153.944;3;T;True;3
1621255613000;11605197;153.931;153.951;153.941;2;T;True;3
1621255614000;11605200;153.929;153.949;153.939;2;T;True;3
1621255615000;11605201;153.929;153.949;153.939;0;T;True;3
1621255616000;11605202;153.929;153.949;153.939;0;T;True;3
1621255617000;11605206;153.929;153.949;153.939;3;T;True;3
1621255618000;11605207;153.929;153.949;153.939;0;T;True;3
1621255619000;11605209;153.928;153.948;153.938;1;T;True;3
1621255620000;11605210;153.928;153.948;153.938;0;T;True;3
1621255621000;11605211;153.928;153.948;153.938;0;T;True;3
1621255622000;11605213;153.927;153.947;153.937;1;T;True;3
1621255623000;11605215;153.928;153.948;153.938;1;T;True;3
1621255624000;11605216;153.928;153.948;153.938;0;T;True;3
1621255625000;11605219;153.925;153.945;153.935;2;T;True;3
1621255626000;11605220;153.925;153.945;153.935;0;T;True;3
1621255627000;11605221;153.925;153.945;153.935;0;T;True;3
1621255628000;11605224;153.919;153.939;153.929;2;T;True;3
1621255629000;11605226;153.923;153.943;153.933;1;T;True;3
1621255630000;11605230;153.922;153.942;153.932;3;T;True;3
1621255631000;11605232;153.921;153.941;153.931;1;T;True;3
1621255632000;11605233;153.921;153.941;153.931;0;T;True;3
1621255633000;11605235;153.92;153.94;153.93;1;T;True;3
1621255634000;11605236;153.92;153.94;153.93;0;T;True;3
1621255635000;11605237;153.92;153.94;153.93;0;T;True;3
1621255636000;11605240;153.925;153.945;153.935;2;T;True;3
1621255637000;11605242;153.927;153.947;153.937;1;T;True;3
1621255638000;11605243;153.927;153.947;153.937;0;T;True;3
1621255639000;11605246;153.929;153.949;153.939;2;T;True;3
1621255640000;11605248;153.928;153.948;153.938;1;T;True;3
1621255641000;11605249;153.928;153.948;153.938;0;T;True;3
1621255642000;11605253;153.924;153.944;153.934;3;T;True;3
1621255643000;11605255;153.923;153.943;153.933;1;T;True;3
1621255644000;11605256;153.923;153.943;153.933;0;T;True;3
1621255645000;11605257;153.923;153.943;153.933;0;T;True;3
1621255646000;11605258;153.923;153.943;153.933;0;T;True;3
1621255647000;11605259;153.923;153.943;153.933;0;T;True;3
1621255648000;11605263;153.92;153.94;153.93;3;T;True;3
1621255649000;11605264;153.92;153.94;153.93;0;T;True;3
1621255650000;11605265;153.92;153.94;153.93;0;T;True;3
1621255651000;11605270;153.915;153.935;153.925;4;T;True;3
1621255652000;11605271;153.915;153.935;153.925;0;T;True;3
1621255653000;11605272;153.915;153.935;153.925;0;T;True;3
1621255654000;11605273;153.915;153.935;153.925;0;T;True;3
1621255655000;11605274;153.915;153.935;153.925;0;T;True;3
1621255656000;11605275;153.915;153.935;153.925;0;T;True;3
1621255657000;11605277;153.916;153.936;153.926;1;T;True;3
1621255658000;11605282;153.923;153.943;153.933;4;T;True;3
1621255659000;11605283;153.923;153.943;153.933;0;T;True;3
1621255660000;11605284;153.923;153.943;153.933;0;T;True;3
1621255661000;11605286;153.925;153.945;153.935;1;T;True;3
1621255662000;11605287;153.925;153.945;153.935;0;T;True;3
1621255663000;11605288;153.925;153.945;153.935;0;T;True;3
1621255664000;11605289;153.925;153.945;153.935;0;T;True;3
1621255665000;11605290;153.925;153.945;153.935;0;T;True;3
1621255666000;11605293;153.923;153.943;153.933;2;T;True;3
1621255667000;11605294;153.923;153.943;153.933;0;T;True;3
1621255668000;11605299;153.926;153.946;153.936;4;T;True;3
1621255669000;11605300;153.926;153.946;153.936;0;T;True;3
1621255670000;11605307;153.923;153.943;153.933;6;T;True;3
1621255671000;11605308;153.923;153.943;153.933;0;T;True;3
1621255672000;11605309;153.923;153.943;153.933;0;T;True;3
1621255673000;11605311;153.924;153.944;153.934;1;T;True;3
1621255674000;11605312;153.924;153.944;153.934;0;T;True;3
1621255675000;11605314;153.923;153.943;153.933;1;T;True;3
1621255676000;11605315;153.923;153.943;153.933;0;T;True;3
1621255677000;11605317;153.921;153.941;153.931;1;T;True;3
1621255678000;11605321;153.915;153.935;153.925;3;T;True;3
1621255679000;11605322;153.915;153.935;153.925;0;T;True;3
1621255680000;11605323;153.915;153.935;153.925;0;T;True;3
1621255681000;11605324;153.915;153.935;153.925;0;T;True;3
1621255682000;11605325;153.915;153.935;153.925;0;T;True;3
1621255683000;11605326;153.915;153.935;153.925;0;T;True;3
1621255684000;11605327;153.915;153.935;153.925;0;T;True;3
1621255685000;11605328;153.915;153.935;153.925;0;T;True;3
1621255686000;11605329;153.915;153.935;153.925;0;T;True;3
1621255687000;11605332;153.915;153.935;153.925;2;T;True;3
1621255688000;11605335;153.917;153.937;153.927;2;T;True;3
1621255689000;11605337;153.921;153.941;153.931;1;T;True;3
1621255690000;11605338;153.921;153.941;153.931;0;T;True;3
1621255691000;11605339;153.921;153.941;153.931;0;T;True;3
1621255692000;11605342;153.927;153.947;153.937;2;T;True;3
1621255693000;11605343;153.927;153.947;153.937;0;T;True;3
1621255694000;11605346;153.927;153.947;153.937;2;T;True;3
1621255695000;11605350;153.924;153.944;153.934;3;T;True;3
1621255696000;11605351;153.924;153.944;153.934;0;T;True;3
1621255697000;11605354;153.925;153.945;153.935;2;T;True;3
1621255698000;11605355;153.925;153.945;153.935;0;T;True;3
1621255699000;11605358;153.925;153.945;153.935;2;T;True;3
1621255700000;11605359;153.925;153.945;153.935;0;T;True;3
1621255701000;11605360;153.925;153.945;153.935;0;T;True;3
1621255702000;11605361;153.925;153.945;153.935;0;T;True;3
1621255703000;11605362;153.925;153.945;153.935;0;T;True;3
1621255704000;11605363;153.925;153.945;153.935;0;T;True;3
1621255705000;11605364;153.925;153.945;153.935;0;T;True;3
1621255706000;11605365;153.925;153.945;153.935;0;T;True;3
1621255707000;11605366;153.925;153.945;153.935;0;T;True;3
1621255708000;11605367;153.925;153.945;153.935;0;T;True;3
1621255709000;11605368;153.925;153.945;153.935;0;T;True;3
1621255710000;11605376;153.931;153.951;153.941;7;T;True;3
1621255711000;11605378;153.929;153.949;153.939;1;T;True;3
1621255712000;11605380;153.931;153.951;153.941;1;T;True;3
1621255713000;11605385;153.934;153.954;153.944;4;T;True;3
1621255714000;11605387;153.933;153.953;153.943;1;T;True;3
1621255715000;11605389;153.936;153.956;153.946;1;T;True;3
1621255716000;11605391;153.935;153.955;153.945;1;T;True;3
1621255717000;11605395;153.939;153.959;153.949;3;T;True;3
1621255718000;11605402;153.941;153.961;153.951;6;T;True;3
1621255719000;11605405;153.943;153.963;153.953;2;T;True;3
1621255720000;11605408;153.941;153.961;153.951;2;T;True;3
1621255721000;11605410;153.942;153.962;153.952;1;T;True;3
1621255722000;11605411;153.942;153.962;153.952;0;T;True;3
1621255723000;11605417;153.941;153.961;153.951;5;T;True;3
1621255724000;11605421;153.945;153.965;153.955;3;T;True;3
1621255725000;11605424;153.947;153.967;153.957;2;T;True;3
1621255726000;11605425;153.947;153.967;153.957;0;T;True;3
1621255727000;11605426;153.947;153.967;153.957;0;T;True;3
1621255728000;11605427;153.947;153.967;153.957;0;T;True;3
1621255729000;11605430;153.949;153.969;153.959;2;T;True;3
1621255730000;11605431;153.949;153.969;153.959;0;T;True;3
1621255731000;11605433;153.947;153.967;153.957;1;T;True;3
1621255732000;11605434;153.947;153.967;153.957;0;T;True;3
1621255733000;11605435;153.947;153.967;153.957;0;T;True;3
1621255734000;11605436;153.947;153.967;153.957;0;T;True;3
1621255735000;11605437;153.947;153.967;153.957;0;T;True;3
1621255736000;11605440;153.947;153.967;153.957;2;T;True;3
1621255737000;11605443;153.947;153.967;153.957;2;T;True;3
1621255738000;11605448;153.944;153.964;153.954;4;T;True;3
1621255739000;11605454;153.942;153.962;153.952;5;T;True;3
1621255740000;11605456;153.943;153.963;153.953;1;T;True;3
1621255741000;11605458;153.941;153.961;153.951;1;T;True;3
1621255742000;11605459;153.941;153.961;153.951;0;T;True;3
1621255743000;11605463;153.939;153.959;153.949;3;T;True;3
1621255744000;11605465;153.937;153.957;153.947;1;T;True;3
1621255745000;11605466;153.937;153.957;153.947;0;T;True;3
1621255746000;11605467;153.937;153.957;153.947;0;T;True;3
1621255747000;11605469;153.935;153.955;153.945;1;T;True;3
1621255748000;11605472;153.939;153.959;153.949;2;T;True;3
1621255749000;11605475;153.939;153.959;153.949;2;T;True;3
1621255750000;11605476;153.939;153.959;153.949;0;T;True;3
1621255751000;11605477;153.939;153.959;153.949;0;T;True;3
1621255752000;11605481;153.942;153.962;153.952;3;T;True;3
1621255753000;11605482;153.942;153.962;153.952;0;T;True;3
1621255754000;11605485;153.939;153.959;153.949;2;T;True;3
1621255755000;11605486;153.939;153.959;153.949;0;T;True;3
1621255756000;11605489;153.933;153.953;153.943;2;T;True;3
1621255757000;11605491;153.935;153.955;153.945;1;T;True;3
1621255758000;11605495;153.933;153.953;153.943;3;T;True;3
1621255759000;11605498;153.931;153.951;153.941;2;T;True;3
1621255760000;11605501;153.929;153.949;153.939;2;T;True;3
1621255761000;11605502;153.929;153.949;153.939;0;T;True;3
1621255762000;11605506;153.928;153.948;153.938;3;T;True;3
1621255763000;11605508;153.929;153.949;153.939;1;T;True;3
1621255764000;11605509;153.929;153.949;153.939;0;T;True;3
1621255765000;11605512;153.933;153.953;153.943;2;T;True;3
1621255766000;11605513;153.933;153.953;153.943;0;T;True;3
1621255767000;11605516;153.931;153.951;153.941;2;T;True;3
1621255768000;11605518;153.932;153.952;153.942;1;T;True;3
1621255769000;11605519;153.932;153.952;153.942;0;T;True;3
1621255770000;11605523;153.931;153.951;153.941;3;T;True;3
1621255771000;11605526;153.931;153.951;153.941;2;T;True;3
1621255772000;11605529;153.933;153.953;153.943;2;T;True;3
1621255773000;11605530;153.933;153.953;153.943;0;T;True;3
1621255774000;11605532;153.931;153.951;153.941;1;T;True;3
1621255775000;11605533;153.931;153.951;153.941;0;T;True;3
1621255776000;11605537;153.932;153.952;153.942;3;T;True;3
1621255777000;11605538;153.932;153.952;153.942;0;T;True;3
1621255778000;11605539;153.932;153.952;153.942;0;T;True;3
1621255779000;11605540;153.932;153.952;153.942;0;T;True;3
1621255780000;11605541;153.932;153.952;153.942;0;T;True;3
1621255781000;11605543;153.931;153.951;153.941;1;T;True;3
1621255782000;11605544;153.931;153.951;153.941;0;T;True;3
1621255783000;11605545;153.931;153.951;153.941;0;T;True;3
1621255784000;11605551;153.93;153.95;153.94;5;T;True;3
1621255785000;11605553;153.929;153.949;153.939;1;T;True;3
1621255786000;11605554;153.929;153.949;153.939;0;T;True;3
1621255787000;11605555;153.929;153.949;153.939;0;T;True;3
1621255788000;11605556;153.929;153.949;153.939;0;T;True;3
1621255789000;11605558;153.927;153.947;153.937;1;T;True;3
1621255790000;11605559;153.927;153.947;153.937;0;T;True;3
1621255791000;11605563;153.929;153.949;153.939;3;T;True;3
1621255792000;11605564;153.929;153.949;153.939;0;T;True;3
1621255793000;11605566;153.931;153.951;153.941;1;T;True;3
1621255794000;11605568;153.932;153.952;153.942;1;T;True;3
1621255795000;11605574;153.938;153.958;153.948;5;T;True;3
1621255796000;11605579;153.935;153.955;153.945;4;T;True;3
1621255797000;11605581;153.936;153.956;153.946;1;T;True;3
1621255798000;11605587;153.935;153.955;153.945;5;T;True;3
1621255799000;11605589;153.937;153.957;153.947;1;T;True;3
1621255800000;11605590;153.937;153.957;153.947;0;T;True;3
1621255801000;11605597;153.937;153.957;153.947;6;T;True;3
1621255802000;11605598;153.937;153.957;153.947;0;T;True;3
1621255803000;11605604;153.936;153.956;153.946;5;T;True;3
1621255804000;11605608;153.937;153.957;153.947;3;T;True;3
1621255805000;11605611;153.939;153.959;153.949;2;T;True;3
1621255806000;11605612;153.939;153.959;153.949;0;T;True;3
1621255807000;11605613;153.939;153.959;153.949;0;T;True;3
1621255808000;11605614;153.939;153.959;153.949;0;T;True;3
1621255809000;11605615;153.939;153.959;153.949;0;T;True;3
1621255810000;11605616;153.939;153.959;153.949;0;T;True;3
1621255811000;11605617;153.939;153.959;153.949;0;T;True;3
1621255812000;11605618;153.939;153.959;153.949;0;T;True;3
1621255813000;11605619;153.939;153.959;153.949;0;T;True;3
1621255814000;11605620;153.939;153.959;153.949;0;T;True;3
1621255815000;11605621;153.939;153.959;153.949;0;T;True;3
1621255816000;11605622;153.939;153.959;153.949;0;T;True;3
1621255817000;11605623;153.939;153.959;153.949;0;T;True;3
1621255818000;11605624;153.939;153.959;153.949;0;T;True;3
1621255819000;11605625;153.939;153.959;153.949;0;T;True;3
1621255820000;11605628;153.935;153.955;153.945;2;T;True;3
1621255821000;11605629;153.935;153.955;153.945;0;T;True;3
1621255822000;11605632;153.935;153.955;153.945;2;T;True;3
1621255823000;11605633;153.935;153.955;153.945;0;T;True;3
1621255824000;11605634;153.935;153.955;153.945;0;T;True;3
1621255825000;11605635;153.935;153.955;153.945;0;T;True;3
1621255826000;11605636;153.935;153.955;153.945;0;T;True;3
1621255827000;11605637;153.935;153.955;153.945;0;T;True;3
1621255828000;11605638;153.935;153.955;153.945;0;T;True;3
1621255829000;11605639;153.935;153.955;153.945;0;T;True;3
1621255830000;11605642;153.938;153.958;153.948;2;T;True;3
1621255831000;11605643;153.938;153.958;153.948;0;T;True;3
1621255832000;11605648;153.939;153.959;153.949;4;T;True;3
1621255833000;11605649;153.939;153.959;153.949;0;T;True;3
1621255834000;11605650;153.939;153.959;153.949;0;T;True;3
1621255835000;11605654;153.945;153.965;153.955;3;T;True;3
1621255836000;11605657;153.947;153.967;153.957;2;T;True;3
1621255837000;11605660;153.942;153.962;153.952;2;T;True;3
1621255838000;11605661;153.942;153.962;153.952;0;T;True;3
1621255839000;11605663;153.943;153.963;153.953;1;T;True;3
1621255840000;11605665;153.945;153.965;153.955;1;T;True;3
1621255841000;11605669;153.943;153.963;153.953;3;T;True;3
1621255842000;11605670;153.943;153.963;153.953;0;T;True;3
1621255843000;11605675;153.951;153.971;153.961;4;T;True;3
1621255844000;11605676;153.951;153.971;153.961;0;T;True;3
1621255845000;11605677;153.951;153.971;153.961;0;T;True;3
1621255846000;11605678;153.951;153.971;153.961;0;T;True;3
1621255847000;11605679;153.951;153.971;153.961;0;T;True;3
1621255848000;11605680;153.951;153.971;153.961;0;T;True;3
1621255849000;11605682;153.955;153.975;153.965;1;T;True;3
1621255850000;11605687;153.963;153.983;153.973;4;T;True;3
1621255851000;11605689;153.961;153.981;153.971;1;T;True;3
1621255852000;11605690;153.961;153.981;153.971;0;T;True;3
1621255853000;11605692;153.963;153.983;153.973;1;T;True;3
1621255854000;11605695;153.965;153.985;153.975;2;T;True;3
1621255855000;11605696;153.965;153.985;153.975;0;T;True;3
1621255856000;11605697;153.965;153.985;153.975;0;T;True;3
1621255857000;11605702;153.961;153.981;153.971;4;T;True;3
1621255858000;11605704;153.96;153.98;153.97;1;T;True;3
1621255859000;11605705;153.96;153.98;153.97;0;T;True;3
1621255860000;11605707;153.959;153.979;153.969;1;T;True;3
1621255861000;11605708;153.959;153.979;153.969;0;T;True;3
1621255862000;11605709;153.959;153.979;153.969;0;T;True;3
1621255863000;11605713;153.963;153.983;153.973;3;T;True;3
1621255864000;11605718;153.961;153.981;153.971;4;T;True;3
1621255865000;11605720;153.96;153.98;153.97;1;T;True;3
1621255866000;11605721;153.96;153.98;153.97;0;T;True;3
1621255867000;11605723;153.958;153.978;153.968;1;T;True;3
1621255868000;11605724;153.958;153.978;153.968;0;T;True;3
1621255869000;11605725;153.958;153.978;153.968;0;T;True;3
1621255870000;11605727;153.959;153.979;153.969;1;T;True;3
1621255871000;11605728;153.959;153.979;153.969;0;T;True;3
1621255872000;11605730;153.961;153.981;153.971;1;T;True;3
1621255873000;11605731;153.961;153.981;153.971;0;T;True;3
1621255874000;11605732;153.961;153.981;153.971;0;T;True;3
1621255875000;11605733;153.961;153.981;153.971;0;T;True;3
1621255876000;11605734;153.961;153.981;153.971;0;T;True;3
1621255877000;11605738;153.957;153.977;153.967;3;T;True;3
1621255878000;11605739;153.957;153.977;153.967;0;T;True;3
1621255879000;11605742;153.957;153.977;153.967;2;T;True;3
1621255880000;11605743;153.957;153.977;153.967;0;T;True;3
1621255881000;11605746;153.958;153.978;153.968;2;T;True;3
1621255882000;11605747;153.958;153.978;153.968;0;T;True;3
1621255883000;11605749;153.957;153.977;153.967;1;T;True;3
1621255884000;11605754;153.959;153.979;153.969;4;T;True;3
1621255885000;11605758;153.962;153.982;153.972;3;T;True;3
1621255886000;11605759;153.962;153.982;153.972;0;T;True;3
1621255887000;11605760;153.962;153.982;153.972;0;T;True;3
1621255888000;11605767;153.97;153.99;153.98;6;T;True;3
1621255889000;11605769;153.969;153.989;153.979;1;T;True;3
1621255890000;11605774;153.969;153.989;153.979;4;T;True;3
1621255891000;11605775;153.969;153.989;153.979;0;T;True;3
1621255892000;11605776;153.969;153.989;153.979;0;T;True;3
1621255893000;11605777;153.969;153.989;153.979;0;T;True;3
1621255894000;11605778;153.969;153.989;153.979;0;T;True;3
1621255895000;11605780;153.971;153.991;153.981;1;T;True;3
1621255896000;11605781;153.971;153.991;153.981;0;T;True;3
1621255897000;11605782;153.971;153.991;153.981;0;T;True;3
1621255898000;11605783;153.971;153.991;153.981;0;T;True;3
1621255899000;11605784;153.971;153.991;153.981;0;T;True;3
1621255900000;11605785;153.971;153.991;153.981;0;T;True;3
1621255901000;11605786;153.971;153.991;153.981;0;T;True;3
1621255902000;11605787;153.971;153.991;153.981;0;T;True;3
1621255903000;11605788;153.971;153.991;153.981;0;T;True;3
1621255904000;11605789;153.971;153.991;153.981;0;T;True;3
1621255905000;11605791;153.973;153.993;153.983;1;T;True;3
1621255906000;11605793;153.966;153.986;153.976;1;T;True;3
1621255907000;11605795;153.965;153.985;153.975;1;T;True;3
1621255908000;11605796;153.965;153.985;153.975;0;T;True;3
1621255909000;11605797;153.965;153.985;153.975;0;T;True;3
1621255910000;11605798;153.965;153.985;153.975;0;T;True;3
1621255911000;11605800;153.964;153.984;153.974;1;T;True;3
1621255912000;11605805;153.963;153.983;153.973;4;T;True;3
1621255913000;11605806;153.963;153.983;153.973;0;T;True;3
1621255914000;11605808;153.966;153.986;153.976;1;T;True;3
1621255915000;11605811;153.964;153.984;153.974;2;T;True;3
1621255916000;11605815;153.965;153.985;153.975;3;T;True;3
1621255917000;11605816;153.965;153.985;153.975;0;T;True;3
1621255918000;11605818;153.963;153.983;153.973;1;T;True;3
1621255919000;11605819;153.963;153.983;153.973;0;T;True;3
1621255920000;11605820;153.963;153.983;153.973;0;T;True;3
1621255921000;11605821;153.963;153.983;153.973;0;T;True;3
1621255922000;11605824;153.963;153.983;153.973;2;T;True;3
1621255923000;11605825;153.963;153.983;153.973;0;T;True;3
1621255924000;11605826;153.963;153.983;153.973;0;T;True;3
1621255925000;11605827;153.963;153.983;153.973;0;T;True;3
1621255926000;11605828;153.963;153.983;153.973;0;T;True;3
1621255927000;11605829;153.963;153.983;153.973;0;T;True;3
1621255928000;11605830;153.963;153.983;153.973;0;T;True;3
1621255929000;11605835;153.969;153.989;153.979;4;T;True;3
1621255930000;11605836;153.969;153.989;153.979;0;T;True;3
1621255931000;11605837;153.969;153.989;153.979;0;T;True;3
1621255932000;11605841;153.963;153.983;153.973;3;T;True;3
1621255933000;11605842;153.963;153.983;153.973;0;T;True;3
1621255934000;11605843;153.963;153.983;153.973;0;T;True;3
1621255935000;11605848;153.955;153.975;153.965;4;T;True;3
1621255936000;11605849;153.955;153.975;153.965;0;T;True;3
1621255937000;11605852;153.957;153.977;153.967;2;T;True;3
1621255938000;11605857;153.959;153.979;153.969;4;T;True;3
1621255939000;11605859;153.957;153.977;153.967;1;T;True;3
1621255940000;11605860;153.957;153.977;153.967;0;T;True;3
1621255941000;11605861;153.957;153.977;153.967;0;T;True;3
1621255942000;11605862;153.957;153.977;153.967;0;T;True;3
1621255943000;11605863;153.957;153.977;153.967;0;T;True;3
1621255944000;11605864;153.957;153.977;153.967;0;T;True;3
1621255945000;11605865;153.957;153.977;153.967;0;T;True;3
1621255946000;11605866;153.957;153.977;153.967;0;T;True;3
1621255947000;11605867;153.957;153.977;153.967;0;T;True;3
1621255948000;11605868;153.957;153.977;153.967;0;T;True;3
1621255949000;11605869;153.957;153.977;153.967;0;T;True;3
1621255950000;11605875;153.959;153.979;153.969;5;T;True;3
1621255951000;11605876;153.959;153.979;153.969;0;T;True;3
1621255952000;11605877;153.959;153.979;153.969;0;T;True;3
1621255953000;11605880;153.955;153.975;153.965;2;T;True;3
1621255954000;11605881;153.955;153.975;153.965;0;T;True;3
1621255955000;11605882;153.955;153.975;153.965;0;T;True;3
1621255956000;11605883;153.955;153.975;153.965;0;T;True;3
1621255957000;11605884;153.955;153.975;153.965;0;T;True;3
1621255958000;11605885;153.955;153.975;153.965;0;T;True;3
1621255959000;11605887;153.957;153.977;153.967;1;T;True;3
1621255960000;11605891;153.955;153.975;153.965;3;T;True;3
1621255961000;11605896;153.965;153.985;153.975;4;T;True;3
1621255962000;11605898;153.964;153.984;153.974;1;T;True;3
1621255963000;11605901;153.967;153.987;153.977;2;T;True;3
1621255964000;11605905;153.967;153.987;153.977;3;T;True;3
1621255965000;11605910;153.965;153.985;153.975;4;T;True;3
1621255966000;11605911;153.965;153.985;153.975;0;T;True;3
1621255967000;11605914;153.968;153.988;153.978;2;T;True;3
1621255968000;11605916;153.969;153.989;153.979;1;T;True;3
1621255969000;11605917;153.969;153.989;153.979;0;T;True;3
1621255970000;11605918;153.969;153.989;153.979;0;T;True;3
1621255971000;11605920;153.967;153.987;153.977;1;T;True;3
1621255972000;11605921;153.967;153.987;153.977;0;T;True;3
1621255973000;11605922;153.967;153.987;153.977;0;T;True;3
1621255974000;11605923;153.967;153.987;153.977;0;T;True;3
1621255975000;11605924;153.967;153.987;153.977;0;T;True;3
1621255976000;11605927;153.967;153.987;153.977;2;T;True;3
1621255977000;11605929;153.969;153.989;153.979;1;T;True;3
1621255978000;11605930;153.969;153.989;153.979;0;T;True;3
1621255979000;11605932;153.967;153.987;153.977;1;T;True;3
1621255980000;11605933;153.967;153.987;153.977;0;T;True;3
1621255981000;11605934;153.967;153.987;153.977;0;T;True;3
1621255982000;11605935;153.967;153.987;153.977;0;T;True;3
1621255983000;11605937;153.966;153.986;153.976;1;T;True;3
1621255984000;11605940;153.965;153.985;153.975;2;T;True;3
1621255985000;11605942;153.967;153.987;153.977;1;T;True;3
1621255986000;11605945;153.968;153.988;153.978;2;T;True;3
1621255987000;11605946;153.968;153.988;153.978;0;T;True;3
1621255988000;11605949;153.964;153.984;153.974;2;T;True;3
1621255989000;11605951;153.965;153.985;153.975;1;T;True;3
1621255990000;11605952;153.965;153.985;153.975;0;T;True;3
1621255991000;11605954;153.964;153.984;153.974;1;T;True;3
1621255992000;11605955;153.964;153.984;153.974;0;T;True;3
1621255993000;11605957;153.965;153.985;153.975;1;T;True;3
1621255994000;11605960;153.957;153.977;153.967;2;T;True;3
1621255995000;11605962;153.958;153.978;153.968;1;T;True;3
1621255996000;11605963;153.958;153.978;153.968;0;T;True;3
1621255997000;11605966;153.956;153.976;153.966;2;T;True;3
1621255998000;11605968;153.957;153.977;153.967;1;T;True;3
1621255999000;11605969;153.957;153.977;153.967;0;T;True;3
1621256000000;11605970;153.957;153.977;153.967;0;T;True;3
1621256001000;11605974;153.96;153.98;153.97;3;T;True;3
1621256002000;11605976;153.959;153.979;153.969;1;T;True;3
1621256003000;11605977;153.959;153.979;153.969;0;T;True;3
1621256004000;11605978;153.959;153.979;153.969;0;T;True;3
1621256005000;11605979;153.959;153.979;153.969;0;T;True;3
1621256006000;11605981;153.96;153.98;153.97;1;T;True;3
1621256007000;11605982;153.96;153.98;153.97;0;T;True;3
1621256008000;11605983;153.96;153.98;153.97;0;T;True;3
1621256009000;11605984;153.96;153.98;153.97;0;T;True;3
1621256010000;11605985;153.96;153.98;153.97;0;T;True;3
1621256011000;11605988;153.961;153.981;153.971;2;T;True;3
1621256012000;11605989;153.961;153.981;153.971;0;T;True;3
1621256013000;11605990;153.961;153.981;153.971;0;T;True;3
1621256014000;11605994;153.963;153.983;153.973;3;T;True;3
1621256015000;11605995;153.963;153.983;153.973;0;T;True;3
1621256016000;11605997;153.961;153.981;153.971;1;T;True;3
1621256017000;11605999;153.962;153.982;153.972;1;T;True;3
1621256018000;11606000;153.962;153.982;153.972;0;T;True;3
1621256019000;11606001;153.962;153.982;153.972;0;T;True;3
1621256020000;11606002;153.962;153.982;153.972;0;T;True;3
1621256021000;11606003;153.962;153.982;153.972;0;T;True;3
1621256022000;11606004;153.962;153.982;153.972;0;T;True;3
1621256023000;11606005;153.962;153.982;153.972;0;T;True;3
1621256024000;11606009;153.964;153.984;153.974;3;T;True;3
1621256025000;11606010;153.964;153.984;153.974;0;T;True;3
1621256026000;11606012;153.965;153.985;153.975;1;T;True;3
1621256027000;11606013;153.965;153.985;153.975;0;T;True;3
1621256028000;11606014;153.965;153.985;153.975;0;T;True;3
1621256029000;11606015;153.965;153.985;153.975;0;T;True;3
1621256030000;11606016;153.965;153.985;153.975;0;T;True;3
1621256031000;11606017;153.965;153.985;153.975;0;T;True;3
1621256032000;11606018;153.965;153.985;153.975;0;T;True;3
1621256033000;11606019;153.965;153.985;153.975;0;T;True;3
1621256034000;11606020;153.965;153.985;153.975;0;T;True;3
1621256035000;11606021;153.965;153.985;153.975;0;T;True;3
1621256036000;11606022;153.965;153.985;153.975;0;T;True;3
1621256037000;11606024;153.964;153.984;153.974;1;T;True;3
1621256038000;11606025;153.964;153.984;153.974;0;T;True;3
1621256039000;11606027;153.963;153.983;153.973;1;T;True;3
1621256040000;11606030;153.971;153.991;153.981;2;T;True;3
1621256041000;11606031;153.971;153.991;153.981;0;T;True;3
1621256042000;11606032;153.971;153.991;153.981;0;T;True;3
1621256043000;11606035;153.968;153.988;153.978;2;T;True;3
1621256044000;11606039;153.971;153.991;153.981;3;T;True;3
1621256045000;11606040;153.971;153.991;153.981;0;T;True;3
1621256046000;11606041;153.971;153.991;153.981;0;T;True;3
1621256047000;11606042;153.971;153.991;153.981;0;T;True;3
1621256048000;11606043;153.971;153.991;153.981;0;T;True;3
1621256049000;11606044;153.971;153.991;153.981;0;T;True;3
1621256050000;11606045;153.971;153.991;153.981;0;T;True;3
1621256051000;11606047;153.969;153.989;153.979;1;T;True;3
1621256052000;11606048;153.969;153.989;153.979;0;T;True;3
1621256053000;11606049;153.969;153.989;153.979;0;T;True;3
1621256054000;11606051;153.968;153.988;153.978;1;T;True;3
1621256055000;11606054;153.97;153.99;153.98;2;T;True;3
1621256056000;11606057;153.974;153.994;153.984;2;T;True;3
1621256057000;11606058;153.974;153.994;153.984;0;T;True;3
1621256058000;11606059;153.974;153.994;153.984;0;T;True;3
1621256059000;11606062;153.977;153.997;153.987;2;T;True;3
1621256060000;11606066;153.973;153.993;153.983;3;T;True;3
1621256061000;11606068;153.972;153.992;153.982;1;T;True;3
1621256062000;11606070;153.973;153.993;153.983;1;T;True;3
1621256063000;11606071;153.973;153.993;153.983;0;T;True;3
1621256064000;11606073;153.972;153.992;153.982;1;T;True;3
1621256065000;11606074;153.972;153.992;153.982;0;T;True;3
1621256066000;11606076;153.973;153.993;153.983;1;T;True;3
1621256067000;11606081;153.961;153.981;153.971;4;T;True;3
1621256068000;11606082;153.961;153.981;153.971;0;T;True;3
1621256069000;11606083;153.961;153.981;153.971;0;T;True;3
1621256070000;11606084;153.961;153.981;153.971;0;T;True;3
1621256071000;11606085;153.961;153.981;153.971;0;T;True;3
1621256072000;11606086;153.961;153.981;153.971;0;T;True;3
1621256073000;11606091;153.963;153.983;153.973;4;T;True;3
1621256074000;11606092;153.963;153.983;153.973;0;T;True;3
1621256075000;11606095;153.959;153.979;153.969;2;T;True;3
1621256076000;11606096;153.959;153.979;153.969;0;T;True;3
1621256077000;11606097;153.959;153.979;153.969;0;T;True;3
1621256078000;11606099;153.957;153.977;153.967;1;T;True;3
1621256079000;11606101;153.959;153.979;153.969;1;T;True;3
1621256080000;11606102;153.959;153.979;153.969;0;T;True;3
1621256081000;11606103;153.959;153.979;153.969;0;T;True;3
1621256082000;11606105;153.957;153.977;153.967;1;T;True;3
1621256083000;11606106;153.957;153.977;153.967;0;T;True;3
1621256084000;11606107;153.957;153.977;153.967;0;T;True;3
1621256085000;11606112;153.948;153.968;153.958;4;T;True;3
1621256086000;11606113;153.948;153.968;153.958;0;T;True;3
1621256087000;11606114;153.948;153.968;153.958;0;T;True;3
1621256088000;11606118;153.941;153.961;153.951;3;T;True;3
1621256089000;11606120;153.942;153.962;153.952;1;T;True;3
1621256090000;11606121;153.942;153.962;153.952;0;T;True;3
1621256091000;11606122;153.942;153.962;153.952;0;T;True;3
1621256092000;11606124;153.941;153.961;153.951;1;T;True;3
1621256093000;11606125;153.941;153.961;153.951;0;T;True;3
1621256094000;11606126;153.941;153.961;153.951;0;T;True;3
1621256095000;11606127;153.941;153.961;153.951;0;T;True;3
1621256096000;11606128;153.941;153.961;153.951;0;T;True;3
1621256097000;11606130;153.94;153.96;153.95;1;T;True;3
1621256098000;11606131;153.94;153.96;153.95;0;T;True;3
1621256099000;11606132;153.94;153.96;153.95;0;T;True;3
1621256100000;11606133;153.94;153.96;153.95;0;T;True;3
1621256101000;11606135;153.941;153.961;153.951;1;T;True;3
1621256102000;11606138;153.943;153.963;153.953;2;T;True;3
1621256103000;11606140;153.941;153.961;153.951;1;T;True;3
1621256104000;11606142;153.943;153.963;153.953;1;T;True;3
1621256105000;11606147;153.953;153.973;153.963;4;T;True;3
1621256106000;11606150;153.947;153.967;153.957;2;T;True;3
1621256107000;11606158;153.956;153.976;153.966;7;T;True;3
1621256108000;11606160;153.955;153.975;153.965;1;T;True;3
1621256109000;11606161;153.955;153.975;153.965;0;T;True;3
1621256110000;11606164;153.953;153.973;153.963;2;T;True;3
1621256111000;11606165;153.953;153.973;153.963;0;T;True;3
1621256112000;11606171;153.955;153.975;153.965;5;T;True;3
1621256113000;11606172;153.955;153.975;153.965;0;T;True;3
1621256114000;11606173;153.955;153.975;153.965;0;T;True;3
1621256115000;11606175;153.956;153.976;153.966;1;T;True;3
1621256116000;11606177;153.955;153.975;153.965;1;T;True;3
1621256117000;11606179;153.953;153.973;153.963;1;T;True;3
1621256118000;11606182;153.951;153.971;153.961;2;T;True;3
1621256119000;11606183;153.951;153.971;153.961;0;T;True;3
1621256120000;11606184;153.951;153.971;153.961;0;T;True;3
1621256121000;11606185;153.951;153.971;153.961;0;T;True;3
1621256122000;11606186;153.951;153.971;153.961;0;T;True;3
1621256123000;11606187;153.951;153.971;153.961;0;T;True;3
1621256124000;11606192;153.952;153.972;153.962;4;T;True;3
1621256125000;11606193;153.952;153.972;153.962;0;T;True;3
1621256126000;11606194;153.952;153.972;153.962;0;T;True;3
1621256127000;11606195;153.952;153.972;153.962;0;T;True;3
1621256128000;11606196;153.952;153.972;153.962;0;T;True;3
1621256129000;11606198;153.953;153.973;153.963;1;T;True;3
1621256130000;11606199;153.953;153.973;153.963;0;T;True;3
1621256131000;11606200;153.953;153.973;153.963;0;T;True;3
1621256132000;11606201;153.953;153.973;153.963;0;T;True;3
1621256133000;11606203;153.955;153.975;153.965;1;T;True;3
1621256134000;11606205;153.957;153.977;153.967;1;T;True;3
1621256135000;11606206;153.957;153.977;153.967;0;T;True;3
1621256136000;11606207;153.957;153.977;153.967;0;T;True;3
1621256137000;11606209;153.963;153.983;153.973;1;T;True;3
1621256138000;11606210;153.963;153.983;153.973;0;T;True;3
1621256139000;11606211;153.963;153.983;153.973;0;T;True;3
1621256140000;11606212;153.963;153.983;153.973;0;T;True;3
1621256141000;11606213;153.963;153.983;153.973;0;T;True;3
1621256142000;11606214;153.963;153.983;153.973;0;T;True;3
1621256143000;11606215;153.963;153.983;153.973;0;T;True;3
1621256144000;11606218;153.967;153.987;153.977;2;T;True;3
1621256145000;11606226;153.968;153.988;153.978;7;T;True;3
1621256146000;11606232;153.958;153.978;153.968;5;T;True;3
1621256147000;11606234;153.957;153.977;153.967;1;T;True;3
1621256148000;11606237;153.957;153.977;153.967;2;T;True;3
1621256149000;11606239;153.955;153.975;153.965;1;T;True;3
1621256150000;11606242;153.951;153.971;153.961;2;T;True;3
1621256151000;11606243;153.951;153.971;153.961;0;T;True;3
1621256152000;11606244;153.951;153.971;153.961;0;T;True;3
1621256153000;11606247;153.953;153.973;153.963;2;T;True;3
1621256154000;11606248;153.953;153.973;153.963;0;T;True;3
1621256155000;11606249;153.953;153.973;153.963;0;T;True;3
1621256156000;11606250;153.953;153.973;153.963;0;T;True;3
1621256157000;11606252;153.955;153.975;153.965;1;T;True;3
1621256158000;11606254;153.954;153.974;153.964;1;T;True;3
1621256159000;11606256;153.951;153.971;153.961;1;T;True;3
1621256160000;11606257;153.951;153.971;153.961;0;T;True;3
1621256161000;11606260;153.955;153.975;153.965;2;T;True;3
1621256162000;11606261;153.955;153.975;153.965;0;T;True;3
1621256163000;11606262;153.955;153.975;153.965;0;T;True;3
1621256164000;11606269;153.963;153.983;153.973;6;T;True;3
1621256165000;11606273;153.958;153.978;153.968;3;T;True;3
1621256166000;11606277;153.961;153.981;153.971;3;T;True;3
1621256167000;11606278;153.961;153.981;153.971;0;T;True;3
1621256168000;11606279;153.961;153.981;153.971;0;T;True;3
1621256169000;11606280;153.961;153.981;153.971;0;T;True;3
1621256170000;11606283;153.961;153.981;153.971;2;T;True;3
1621256171000;11606284;153.961;153.981;153.971;0;T;True;3
1621256172000;11606287;153.961;153.981;153.971;2;T;True;3
1621256173000;11606288;153.961;153.981;153.971;0;T;True;3
1621256174000;11606289;153.961;153.981;153.971;0;T;True;3
1621256175000;11606290;153.961;153.981;153.971;0;T;True;3
1621256176000;11606295;153.969;153.989;153.979;4;T;True;3
1621256177000;11606296;153.969;153.989;153.979;0;T;True;3
1621256178000;11606298;153.967;153.987;153.977;1;T;True;3
1621256179000;11606301;153.97;153.99;153.98;2;T;True;3
1621256180000;11606304;153.969;153.989;153.979;2;T;True;3
1621256181000;11606305;153.969;153.989;153.979;0;T;True;3
1621256182000;11606308;153.969;153.989;153.979;2;T;True;3
1621256183000;11606309;153.969;153.989;153.979;0;T;True;3
1621256184000;11606310;153.969;153.989;153.979;0;T;True;3
1621256185000;11606312;153.968;153.988;153.978;1;T;True;3
1621256186000;11606314;153.967;153.987;153.977;1;T;True;3
1621256187000;11606315;153.967;153.987;153.977;0;T;True;3
1621256188000;11606321;153.974;153.994;153.984;5;T;True;3
