ts;n;bid;ask;value;volume;phase;round;active_id
1621236462000;11571438;154.081;154.101;154.091;0;T;True;3
1621236463000;11571439;154.081;154.101;154.091;0;T;True;3
1621236464000;11571440;154.081;154.101;154.091;0;T;True;3
1621236465000;11571441;154.081;154.101;154.091;0;T;True;3
1621236466000;11571442;154.081;154.101;154.091;0;T;True;3
1621236467000;11571443;154.081;154.101;154.091;0;T;True;3
1621236468000;11571444;154.081;154.101;154.091;0;T;True;3
1621236469000;11571445;154.081;154.101;154.091;0;T;True;3
1621236470000;11571446;154.081;154.101;154.091;0;T;True;3
1621236471000;11571447;154.081;154.101;154.091;0;T;True;3
1621236472000;11571450;154.075;154.095;154.085;2;T;True;3
1621236473000;11571451;154.075;154.095;154.085;0;T;True;3
1621236474000;11571452;154.075;154.095;154.085;0;T;True;3
1621236475000;11571455;154.077;154.097;154.087;2;T;True;3
1621236476000;11571456;154.077;154.097;154.087;0;T;True;3
1621236477000;11571459;154.074;154.094;154.084;2;T;True;3
1621236478000;11571462;154.077;154.097;154.087;2;T;True;3
1621236479000;11571464;154.079;154.099;154.089;1;T;True;3
1621236480000;11571467;154.081;154.101;154.091;2;T;True;3
1621236481000;11571468;154.081;154.101;154.091;0;T;True;3
1621236482000;11571472;154.075;154.095;154.085;3;T;True;3
1621236483000;11571474;154.073;154.093;154.083;1;T;True;3
1621236484000;11571476;154.075;154.095;154.085;1;T;True;3
1621236485000;11571477;154.075;154.095;154.085;0;T;True;3
1621236486000;11571478;154.075;154.095;154.085;0;T;True;3
1621236487000;11571479;154.075;154.095;154.085;0;T;True;3
1621236488000;11571481;154.077;154.097;154.087;1;T;True;3
1621236489000;11571483;154.075;154.095;154.085;1;T;True;3
1621236490000;11571484;154.075;154.095;154.085;0;T;True;3
1621236491000;11571485;154.075;154.095;154.085;0;T;True;3
1621236492000;11571486;154.075;154.095;154.085;0;T;True;3
1621236493000;11571487;154.075;154.095;154.085;0;T;True;3
1621236494000;11571488;154.075;154.095;154.085;0;T;True;3
1621236495000;11571490;154.077;154.097;154.087;1;T;True;3
1621236496000;11571491;154.077;154.097;154.087;0;T;True;3
1621236497000;11571494;154.081;154.101;154.091;2;T;True;3
1621236498000;11571495;154.081;154.101;154.091;0;T;True;3
1621236499000;11571497;154.083;154.103;154.093;1;T;True;3
1621236500000;11571503;154.095;154.115;154.105;5;T;True;3
1621236501000;11571504;154.095;154.115;154.105;0;T;True;3
1621236502000;11571505;154.095;154.115;154.105;0;T;True;3
1621236503000;11571506;154.095;154.115;154.105;0;T;True;3
1621236504000;11571507;154.095;154.115;154.105;0;T;True;3
1621236505000;11571512;154.105;154.125;154.115;4;T;True;3
1621236506000;11571513;154.105;154.125;154.115;0;T;True;3
1621236507000;11571518;154.109;154.129;154.119;4;T;True;3
1621236508000;11571520;154.111;154.131;154.121;1;T;True;3
1621236509000;11571521;154.111;154.131;154.121;0;T;True;3
1621236510000;11571522;154.111;154.131;154.121;0;T;True;3
1621236511000;11571527;154.115;154.135;154.125;4;T;True;3
1621236512000;11571531;154.117;154.137;154.127;3;T;True;3
1621236513000;11571534;154.117;154.137;154.127;2;T;True;3
1621236514000;11571536;154.12;154.14;154.13;1;T;True;3
1621236515000;11571540;154.123;154.143;154.133;3;T;True;3
1621236516000;11571541;154.123;154.143;154.133;0;T;True;3
1621236517000;11571543;154.122;154.142;154.132;1;T;True;3
1621236518000;11571544;154.122;154.142;154.132;0;T;True;3
1621236519000;11571546;154.121;154.141;154.131;1;T;True;3
1621236520000;11571548;154.122;154.142;154.132;1;T;True;3
1621236521000;11571549;154.122;154.142;154.132;0;T;True;3
1621236522000;11571550;154.122;154.142;154.132;0;T;True;3
1621236523000;11571551;154.122;154.142;154.132;0;T;True;3
1621236524000;11571553;154.121;154.141;154.131;1;T;True;3
1621236525000;11571555;154.119;154.139;154.129;1;T;True;3
1621236526000;11571556;154.119;154.139;154.129;0;T;True;3
1621236527000;11571557;154.119;154.139;154.129;0;T;True;3
1621236528000;11571562;154.103;154.123;154.113;4;T;True;3
1621236529000;11571567;154.096;154.116;154.106;4;T;True;3
1621236530000;11571568;154.096;154.116;154.106;0;T;True;3
1621236531000;11571569;154.096;154.116;154.106;0;T;True;3
1621236532000;11571570;154.096;154.116;154.106;0;T;True;3
1621236533000;11571572;154.095;154.115;154.105;1;T;True;3
1621236534000;11571573;154.095;154.115;154.105;0;T;True;3
1621236535000;11571574;154.095;154.115;154.105;0;T;True;3
1621236536000;11571575;154.095;154.115;154.105;0;T;True;3
1621236537000;11571577;154.094;154.114;154.104;1;T;True;3
1621236538000;11571578;154.094;154.114;154.104;0;T;True;3
1621236539000;11571579;154.094;154.114;154.104;0;T;True;3
1621236540000;11571580;154.094;154.114;154.104;0;T;True;3
1621236541000;11571581;154.094;154.114;154.104;0;T;True;3
1621236542000;11571587;154.089;154.109;154.099;5;T;True;3
1621236543000;11571589;154.083;154.103;154.093;1;T;True;3
1621236544000;11571591;154.084;154.104;154.094;1;T;True;3
1621236545000;11571595;154.087;154.107;154.097;3;T;True;3
1621236546000;11571601;154.087;154.107;154.097;5;T;True;3
1621236547000;11571604;154.089;154.109;154.099;2;T;True;3
1621236548000;11571605;154.089;154.109;154.099;0;T;True;3
1621236549000;11571606;154.089;154.109;154.099;0;T;True;3
1621236550000;11571607;154.089;154.109;154.099;0;T;True;3
1621236551000;11571608;154.089;154.109;154.099;0;T;True;3
1621236552000;11571613;154.091;154.111;154.101;4;T;True;3
1621236553000;11571615;154.089;154.109;154.099;1;T;True;3
1621236554000;11571616;154.089;154.109;154.099;0;T;True;3
1621236555000;11571617;154.089;154.109;154.099;0;T;True;3
1621236556000;11571622;154.091;154.111;154.101;4;T;True;3
1621236557000;11571624;154.095;154.115;154.105;1;T;True;3
1621236558000;11571625;154.095;154.115;154.105;0;T;True;3
1621236559000;11571626;154.095;154.115;154.105;0;T;True;3
1621236560000;11571627;154.095;154.115;154.105;0;T;True;3
1621236561000;11571628;154.095;154.115;154.105;0;T;True;3
1621236562000;11571630;154.093;154.113;154.103;1;T;True;3
1621236563000;11571631;154.093;154.113;154.103;0;T;True;3
1621236564000;11571632;154.093;154.113;154.103;0;T;True;3
1621236565000;11571635;154.097;154.117;154.107;2;T;True;3
1621236566000;11571636;154.097;154.117;154.107;0;T;True;3
1621236567000;11571637;154.097;154.117;154.107;0;T;True;3
1621236568000;11571638;154.097;154.117;154.107;0;T;True;3
1621236569000;11571639;154.097;154.117;154.107;0;T;True;3
1621236570000;11571640;154.097;154.117;154.107;0;T;True;3
1621236571000;11571641;154.097;154.117;154.107;0;T;True;3
1621236572000;11571642;154.097;154.117;154.107;0;T;True;3
1621236573000;11571643;154.097;154.117;154.107;0;T;True;3
1621236574000;11571644;154.097;154.117;154.107;0;T;True;3
1621236575000;11571645;154.097;154.117;154.107;0;T;True;3
1621236576000;11571646;154.097;154.117;154.107;0;T;True;3
1621236577000;11571647;154.097;154.117;154.107;0;T;True;3
1621236578000;11571648;154.097;154.117;154.107;0;T;True;3
1621236579000;11571652;154.096;154.116;154.106;3;T;True;3
1621236580000;11571658;154.105;154.125;154.115;5;T;True;3
1621236581000;11571665;154.116;154.136;154.126;6;T;True;3
1621236582000;11571667;154.115;154.135;154.125;1;T;True;3
1621236583000;11571669;154.113;154.133;154.123;1;T;True;3
1621236584000;11571670;154.113;154.133;154.123;0;T;True;3
1621236585000;11571671;154.113;154.133;154.123;0;T;True;3
1621236586000;11571674;154.107;154.127;154.117;2;T;True;3
1621236587000;11571676;154.103;154.123;154.113;1;T;True;3
1621236588000;11571677;154.103;154.123;154.113;0;T;True;3
1621236589000;11571680;154.103;154.123;154.113;2;T;True;3
1621236590000;11571681;154.103;154.123;154.113;0;T;True;3
1621236591000;11571682;154.103;154.123;154.113;0;T;True;3
1621236592000;11571683;154.103;154.123;154.113;0;T;True;3
1621236593000;11571684;154.103;154.123;154.113;0;T;True;3
1621236594000;11571690;154.091;154.111;154.101;5;T;True;3
1621236595000;11571691;154.091;154.111;154.101;0;T;True;3
1621236596000;11571693;154.092;154.112;154.102;1;T;True;3
1621236597000;11571694;154.092;154.112;154.102;0;T;True;3
1621236598000;11571696;154.093;154.113;154.103;1;T;True;3
1621236599000;11571697;154.093;154.113;154.103;0;T;True;3
1621236600000;11571698;154.093;154.113;154.103;0;T;True;3
1621236601000;11571700;154.092;154.112;154.102;1;T;True;3
1621236602000;11571702;154.091;154.111;154.101;1;T;True;3
1621236603000;11571705;154.085;154.105;154.095;2;T;True;3
1621236604000;11571707;154.087;154.107;154.097;1;T;True;3
1621236605000;11571709;154.088;154.108;154.098;1;T;True;3
1621236606000;11571712;154.091;154.111;154.101;2;T;True;3
1621236607000;11571713;154.091;154.111;154.101;0;T;True;3
1621236608000;11571714;154.091;154.111;154.101;0;T;True;3
1621236609000;11571715;154.091;154.111;154.101;0;T;True;3
1621236610000;11571716;154.091;154.111;154.101;0;T;True;3
1621236611000;11571718;154.089;154.109;154.099;1;T;True;3
1621236612000;11571721;154.083;154.103;154.093;2;T;True;3
1621236613000;11571724;154.083;154.103;154.093;2;T;True;3
1621236614000;11571726;154.084;154.104;154.094;1;T;True;3
1621236615000;11571729;154.082;154.102;154.092;2;T;True;3
1621236616000;11571730;154.082;154.102;154.092;0;T;True;3
1621236617000;11571736;154.095;154.115;154.105;5;T;True;3
1621236618000;11571737;154.095;154.115;154.105;0;T;True;3
1621236619000;11571739;154.097;154.117;154.107;1;T;True;3
1621236620000;11571741;154.098;154.118;154.108;1;T;True;3
1621236621000;11571742;154.098;154.118;154.108;0;T;True;3
1621236622000;11571743;154.098;154.118;154.108;0;T;True;3
1621236623000;11571745;154.096;154.116;154.106;1;T;True;3
1621236624000;11571750;154.099;154.119;154.109;4;T;True;3
1621236625000;11571751;154.099;154.119;154.109;0;T;True;3
1621236626000;11571752;154.099;154.119;154.109;0;T;True;3
1621236627000;11571753;154.099;154.119;154.109;0;T;True;3
1621236628000;11571754;154.099;154.119;154.109;0;T;True;3
1621236629000;11571756;154.097;154.117;154.107;1;T;True;3
1621236630000;11571758;154.098;154.118;154.108;1;T;True;3
1621236631000;11571761;154.103;154.123;154.113;2;T;True;3
1621236632000;11571766;154.113;154.133;154.123;4;T;True;3
1621236633000;11571768;154.115;154.135;154.125;1;T;True;3
1621236634000;11571771;154.117;154.137;154.127;2;T;True;3
1621236635000;11571773;154.118;154.138;154.128;1;T;True;3
1621236636000;11571776;154.121;154.141;154.131;2;T;True;3
1621236637000;11571777;154.121;154.141;154.131;0;T;True;3
1621236638000;11571778;154.121;154.141;154.131;0;T;True;3
1621236639000;11571779;154.121;154.141;154.131;0;T;True;3
1621236640000;11571780;154.121;154.141;154.131;0;T;True;3
1621236641000;11571781;154.121;154.141;154.131;0;T;True;3
1621236642000;11571782;154.121;154.141;154.131;0;T;True;3
1621236643000;11571784;154.12;154.14;154.13;1;T;True;3
1621236644000;11571794;154.107;154.127;154.117;9;T;True;3
1621236645000;11571797;154.11;154.13;154.12;2;T;True;3
1621236646000;11571800;154.115;154.135;154.125;2;T;True;3
1621236647000;11571801;154.115;154.135;154.125;0;T;True;3
1621236648000;11571808;154.115;154.135;154.125;6;T;True;3
1621236649000;11571810;154.118;154.138;154.128;1;T;True;3
1621236650000;11571813;154.118;154.138;154.128;2;T;True;3
1621236651000;11571816;154.116;154.136;154.126;2;T;True;3
1621236652000;11571821;154.114;154.134;154.124;4;T;True;3
1621236653000;11571825;154.109;154.129;154.119;3;T;True;3
1621236654000;11571826;154.109;154.129;154.119;0;T;True;3
1621236655000;11571827;154.109;154.129;154.119;0;T;True;3
1621236656000;11571828;154.109;154.129;154.119;0;T;True;3
1621236657000;11571831;154.107;154.127;154.117;2;T;True;3
1621236658000;11571833;154.106;154.126;154.116;1;T;True;3
1621236659000;11571834;154.106;154.126;154.116;0;T;True;3
1621236660000;11571837;154.109;154.129;154.119;2;T;True;3
1621236661000;11571840;154.109;154.129;154.119;2;T;True;3
1621236662000;11571843;154.107;154.127;154.117;2;T;True;3
1621236663000;11571846;154.106;154.126;154.116;2;T;True;3
1621236664000;11571849;154.108;154.128;154.118;2;T;True;3
1621236665000;11571851;154.109;154.129;154.119;1;T;True;3
1621236666000;11571852;154.109;154.129;154.119;0;T;True;3
1621236667000;11571859;154.109;154.129;154.119;6;T;True;3
1621236668000;11571860;154.109;154.129;154.119;0;T;True;3
1621236669000;11571861;154.109;154.129;154.119;0;T;True;3
1621236670000;11571865;154.113;154.133;154.123;3;T;True;3
1621236671000;11571871;154.111;154.131;154.121;5;T;True;3
1621236672000;11571872;154.111;154.131;154.121;0;T;True;3
1621236673000;11571876;154.111;154.131;154.121;3;T;True;3
1621236674000;11571879;154.113;154.133;154.123;2;T;True;3
1621236675000;11571882;154.121;154.141;154.131;2;T;True;3
1621236676000;11571891;154.127;154.147;154.137;8;T;True;3
1621236677000;11571898;154.129;154.149;154.139;6;T;True;3
1621236678000;11571900;154.13;154.15;154.14;1;T;True;3
1621236679000;11571902;154.132;154.152;154.142;1;T;True;3
1621236680000;11571905;154.135;154.155;154.145;2;T;True;3
1621236681000;11571907;154.134;154.154;154.144;1;T;True;3
1621236682000;11571909;154.133;154.153;154.143;1;T;True;3
1621236683000;11571914;154.135;154.155;154.145;4;T;True;3
1621236684000;11571916;154.137;154.157;154.147;1;T;True;3
1621236685000;11571921;154.136;154.156;154.146;4;T;True;3
1621236686000;11571924;154.139;154.159;154.149;2;T;True;3
1621236687000;11571925;154.139;154.159;154.149;0;T;True;3
1621236688000;11571929;154.131;154.151;154.141;3;T;True;3
1621236689000;11571931;154.129;154.149;154.139;1;T;True;3
1621236690000;11571934;154.124;154.144;154.134;2;T;True;3
1621236691000;11571937;154.121;154.141;154.131;2;T;True;3
1621236692000;11571939;154.123;154.143;154.133;1;T;True;3
1621236693000;11571941;154.122;154.142;154.132;1;T;True;3
1621236694000;11571945;154.123;154.143;154.133;3;T;True;3
1621236695000;11571947;154.125;154.145;154.135;1;T;True;3
1621236696000;11571948;154.125;154.145;154.135;0;T;True;3
1621236697000;11571950;154.126;154.146;154.136;1;T;True;3
1621236698000;11571951;154.126;154.146;154.136;0;T;True;3
1621236699000;11571952;154.126;154.146;154.136;0;T;True;3
1621236700000;11571953;154.126;154.146;154.136;0;T;True;3
1621236701000;11571956;154.127;154.147;154.137;2;T;True;3
1621236702000;11571959;154.127;154.147;154.137;2;T;True;3
1621236703000;11571960;154.127;154.147;154.137;0;T;True;3
1621236704000;11571961;154.127;154.147;154.137;0;T;True;3
1621236705000;11571963;154.128;154.148;154.138;1;T;True;3
1621236706000;11571967;154.127;154.147;154.137;3;T;True;3
1621236707000;11571969;154.128;154.148;154.138;1;T;True;3
1621236708000;11571970;154.128;154.148;154.138;0;T;True;3
1621236709000;11571972;154.129;154.149;154.139;1;T;True;3
1621236710000;11571976;154.132;154.152;154.142;3;T;True;3
1621236711000;11571978;154.131;154.151;154.141;1;T;True;3
1621236712000;11571980;154.133;154.153;154.143;1;T;True;3
1621236713000;11571984;154.129;154.149;154.139;3;T;True;3
1621236714000;11571986;154.128;154.148;154.138;1;T;True;3
1621236715000;11571990;154.131;154.151;154.141;3;T;True;3
1621236716000;11571991;154.131;154.151;154.141;0;T;True;3
1621236717000;11571992;154.131;154.151;154.141;0;T;True;3
1621236718000;11571995;154.134;154.154;154.144;2;T;True;3
1621236719000;11571997;154.133;154.153;154.143;1;T;True;3
1621236720000;11572000;154.133;154.153;154.143;2;T;True;3
1621236721000;11572003;154.132;154.152;154.142;2;T;True;3
1621236722000;11572006;154.129;154.149;154.139;2;T;True;3
1621236723000;11572007;154.129;154.149;154.139;0;T;True;3
1621236724000;11572011;154.131;154.151;154.141;3;T;True;3
1621236725000;11572014;154.135;154.155;154.145;2;T;True;3
1621236726000;11572015;154.135;154.155;154.145;0;T;True;3
1621236727000;11572017;154.136;154.156;154.146;1;T;True;3
1621236728000;11572019;154.137;154.157;154.147;1;T;True;3
1621236729000;11572020;154.137;154.157;154.147;0;T;True;3
1621236730000;11572021;154.137;154.157;154.147;0;T;True;3
1621236731000;11572023;154.139;154.159;154.149;1;T;True;3
1621236732000;11572024;154.139;154.159;154.149;0;T;True;3
1621236733000;11572025;154.139;154.159;154.149;0;T;True;3
1621236734000;11572027;154.138;154.158;154.148;1;T;True;3
1621236735000;11572028;154.138;154.158;154.148;0;T;True;3
1621236736000;11572031;154.141;154.161;154.151;2;T;True;3
1621236737000;11572032;154.141;154.161;154.151;0;T;True;3
1621236738000;11572033;154.141;154.161;154.151;0;T;True;3
1621236739000;11572036;154.147;154.167;154.157;2;T;True;3
1621236740000;11572039;154.143;154.163;154.153;2;T;True;3
1621236741000;11572042;154.142;154.162;154.152;2;T;True;3
1621236742000;11572044;154.141;154.161;154.151;1;T;True;3
1621236743000;11572045;154.141;154.161;154.151;0;T;True;3
1621236744000;11572046;154.141;154.161;154.151;0;T;True;3
1621236745000;11572050;154.133;154.153;154.143;3;T;True;3
1621236746000;11572051;154.133;154.153;154.143;0;T;True;3
1621236747000;11572052;154.133;154.153;154.143;0;T;True;3
1621236748000;11572053;154.133;154.153;154.143;0;T;True;3
1621236749000;11572054;154.133;154.153;154.143;0;T;True;3
1621236750000;11572056;154.135;154.155;154.145;1;T;True;3
1621236751000;11572058;154.14;154.16;154.15;1;T;True;3
1621236752000;11572060;154.141;154.161;154.151;1;T;True;3
1621236753000;11572061;154.141;154.161;154.151;0;T;True;3
1621236754000;11572062;154.141;154.161;154.151;0;T;True;3
1621236755000;11572064;154.142;154.162;154.152;1;T;True;3
1621236756000;11572065;154.142;154.162;154.152;0;T;True;3
1621236757000;11572071;154.141;154.161;154.151;5;T;True;3
1621236758000;11572072;154.141;154.161;154.151;0;T;True;3
1621236759000;11572073;154.141;154.161;154.151;0;T;True;3
1621236760000;11572074;154.141;154.161;154.151;0;T;True;3
1621236761000;11572075;154.141;154.161;154.151;0;T;True;3
1621236762000;11572078;154.137;154.157;154.147;2;T;True;3
1621236763000;11572081;154.145;154.165;154.155;2;T;True;3
1621236764000;11572082;154.145;154.165;154.155;0;T;True;3
1621236765000;11572083;154.145;154.165;154.155;0;T;True;3
1621236766000;11572084;154.145;154.165;154.155;0;T;True;3
1621236767000;11572087;154.146;154.166;154.156;2;T;True;3
1621236768000;11572088;154.146;154.166;154.156;0;T;True;3
1621236769000;11572089;154.146;154.166;154.156;0;T;True;3
1621236770000;11572090;154.146;154.166;154.156;0;T;True;3
1621236771000;11572092;154.145;154.165;154.155;1;T;True;3
1621236772000;11572093;154.145;154.165;154.155;0;T;True;3
1621236773000;11572094;154.145;154.165;154.155;0;T;True;3
1621236774000;11572095;154.145;154.165;154.155;0;T;True;3
1621236775000;11572096;154.145;154.165;154.155;0;T;True;3
1621236776000;11572097;154.145;154.165;154.155;0;T;True;3
1621236777000;11572099;154.147;154.167;154.157;1;T;True;3
1621236778000;11572101;154.145;154.165;154.155;1;T;True;3
1621236779000;11572104;154.145;154.165;154.155;2;T;True;3
1621236780000;11572105;154.145;154.165;154.155;0;T;True;3
1621236781000;11572109;154.137;154.157;154.147;3;T;True;3
1621236782000;11572113;154.131;154.151;154.141;3;T;True;3
1621236783000;11572114;154.131;154.151;154.141;0;T;True;3
1621236784000;11572115;154.131;154.151;154.141;0;T;True;3
1621236785000;11572117;154.132;154.152;154.142;1;T;True;3
1621236786000;11572119;154.131;154.151;154.141;1;T;True;3
1621236787000;11572120;154.131;154.151;154.141;0;T;True;3
1621236788000;11572121;154.131;154.151;154.141;0;T;True;3
1621236789000;11572122;154.131;154.151;154.141;0;T;True;3
1621236790000;11572124;154.132;154.152;154.142;1;T;True;3
1621236791000;11572126;154.135;154.155;154.145;1;T;True;3
1621236792000;11572127;154.135;154.155;154.145;0;T;True;3
1621236793000;11572129;154.134;154.154;154.144;1;T;True;3
1621236794000;11572130;154.134;154.154;154.144;0;T;True;3
1621236795000;11572132;154.131;154.151;154.141;1;T;True;3
1621236796000;11572135;154.134;154.154;154.144;2;T;True;3
1621236797000;11572136;154.134;154.154;154.144;0;T;True;3
1621236798000;11572137;154.134;154.154;154.144;0;T;True;3
1621236799000;11572139;154.132;154.152;154.142;1;T;True;3
1621236800000;11572140;154.132;154.152;154.142;0;T;True;3
1621236801000;11572142;154.129;154.149;154.139;1;T;True;3
1621236802000;11572143;154.129;154.149;154.139;0;T;True;3
1621236803000;11572146;154.127;154.147;154.137;2;T;True;3
1621236804000;11572148;154.128;154.148;154.138;1;T;True;3
1621236805000;11572149;154.128;154.148;154.138;0;T;True;3
1621236806000;11572150;154.128;154.148;154.138;0;T;True;3
1621236807000;11572152;154.126;154.146;154.136;1;T;True;3
1621236808000;11572153;154.126;154.146;154.136;0;T;True;3
1621236809000;11572154;154.126;154.146;154.136;0;T;True;3
1621236810000;11572158;154.122;154.142;154.132;3;T;True;3
1621236811000;11572161;154.125;154.145;154.135;2;T;True;3
1621236812000;11572163;154.123;154.143;154.133;1;T;True;3
1621236813000;11572168;154.12;154.14;154.13;4;T;True;3
1621236814000;11572170;154.119;154.139;154.129;1;T;True;3
1621236815000;11572171;154.119;154.139;154.129;0;T;True;3
1621236816000;11572172;154.119;154.139;154.129;0;T;True;3
1621236817000;11572176;154.126;154.146;154.136;3;T;True;3
1621236818000;11572178;154.127;154.147;154.137;1;T;True;3
1621236819000;11572179;154.127;154.147;154.137;0;T;True;3
1621236820000;11572180;154.127;154.147;154.137;0;T;True;3
1621236821000;11572182;154.128;154.148;154.138;1;T;True;3
1621236822000;11572185;154.13;154.15;154.14;2;T;True;3
1621236823000;11572186;154.13;154.15;154.14;0;T;True;3
1621236824000;11572187;154.13;154.15;154.14;0;T;True;3
1621236825000;11572188;154.13;154.15;154.14;0;T;True;3
1621236826000;11572189;154.13;154.15;154.14;0;T;True;3
1621236827000;11572190;154.13;154.15;154.14;0;T;True;3
1621236828000;11572191;154.13;154.15;154.14;0;T;True;3
1621236829000;11572192;154.13;154.15;154.14;0;T;True;3
1621236830000;11572196;154.138;154.158;154.148;3;T;True;3
1621236831000;11572198;154.137;154.157;154.147;1;T;True;3
1621236832000;11572199;154.137;154.157;154.147;0;T;True;3
1621236833000;11572200;154.137;154.157;154.147;0;T;True;3
1621236834000;11572201;154.137;154.157;154.147;0;T;True;3
1621236835000;11572205;154.131;154.151;154.141;3;T;True;3
1621236836000;11572206;154.131;154.151;154.141;0;T;True;3
1621236837000;11572207;154.131;154.151;154.141;0;T;True;3
1621236838000;11572208;154.131;154.151;154.141;0;T;True;3
1621236839000;11572209;154.131;154.151;154.141;0;T;True;3
1621236840000;11572210;154.131;154.151;154.141;0;T;True;3
1621236841000;11572212;154.129;154.149;154.139;1;T;True;3
1621236842000;11572213;154.129;154.149;154.139;0;T;True;3
1621236843000;11572214;154.129;154.149;154.139;0;T;True;3
1621236844000;11572215;154.129;154.149;154.139;0;T;True;3
1621236845000;11572217;154.128;154.148;154.138;1;T;True;3
1621236846000;11572221;154.125;154.145;154.135;3;T;True;3
1621236847000;11572225;154.129;154.149;154.139;3;T;True;3
1621236848000;11572226;154.129;154.149;154.139;0;T;True;3
1621236849000;11572227;154.129;154.149;154.139;0;T;True;3
1621236850000;11572228;154.129;154.149;154.139;0;T;True;3
1621236851000;11572229;154.129;154.149;154.139;0;T;True;3
1621236852000;11572231;154.127;154.147;154.137;1;T;True;3
1621236853000;11572232;154.127;154.147;154.137;0;T;True;3
1621236854000;11572233;154.127;154.147;154.137;0;T;True;3
1621236855000;11572234;154.127;154.147;154.137;0;T;True;3
1621236856000;11572235;154.127;154.147;154.137;0;T;True;3
1621236857000;11572236;154.127;154.147;154.137;0;T;True;3
1621236858000;11572237;154.127;154.147;154.137;0;T;True;3
1621236859000;11572238;154.127;154.147;154.137;0;T;True;3
1621236860000;11572239;154.127;154.147;154.137;0;T;True;3
1621236861000;11572240;154.127;154.147;154.137;0;T;True;3
1621236862000;11572242;154.128;154.148;154.138;1;T;True;3
1621236863000;11572244;154.129;154.149;154.139;1;T;True;3
1621236864000;11572246;154.128;154.148;154.138;1;T;True;3
1621236865000;11572247;154.128;154.148;154.138;0;T;True;3
1621236866000;11572249;154.127;154.147;154.137;1;T;True;3
1621236867000;11572251;154.125;154.145;154.135;1;T;True;3
1621236868000;11572252;154.125;154.145;154.135;0;T;True;3
1621236869000;11572253;154.125;154.145;154.135;0;T;True;3
1621236870000;11572254;154.125;154.145;154.135;0;T;True;3
1621236871000;11572256;154.123;154.143;154.133;1;T;True;3
1621236872000;11572257;154.123;154.143;154.133;0;T;True;3
1621236873000;11572258;154.123;154.143;154.133;0;T;True;3
1621236874000;11572259;154.123;154.143;154.133;0;T;True;3
1621236875000;11572262;154.126;154.146;154.136;2;T;True;3
1621236876000;11572266;154.133;154.153;154.143;3;T;True;3
1621236877000;11572268;154.132;154.152;154.142;1;T;True;3
1621236878000;11572269;154.132;154.152;154.142;0;T;True;3
1621236879000;11572270;154.132;154.152;154.142;0;T;True;3
1621236880000;11572275;154.142;154.162;154.152;4;T;True;3
1621236881000;11572276;154.142;154.162;154.152;0;T;True;3
1621236882000;11572278;154.141;154.161;154.151;1;T;True;3
1621236883000;11572282;154.14;154.16;154.15;3;T;True;3
1621236884000;11572283;154.14;154.16;154.15;0;T;True;3
1621236885000;11572284;154.14;154.16;154.15;0;T;True;3
1621236886000;11572287;154.134;154.154;154.144;2;T;True;3
1621236887000;11572289;154.133;154.153;154.143;1;T;True;3
1621236888000;11572290;154.133;154.153;154.143;0;T;True;3
1621236889000;11572291;154.133;154.153;154.143;0;T;True;3
1621236890000;11572293;154.135;154.155;154.145;1;T;True;3
1621236891000;11572294;154.135;154.155;154.145;0;T;True;3
1621236892000;11572295;154.135;154.155;154.145;0;T;True;3
1621236893000;11572296;154.135;154.155;154.145;0;T;True;3
1621236894000;11572297;154.135;154.155;154.145;0;T;True;3
1621236895000;11572298;154.135;154.155;154.145;0;T;True;3
1621236896000;11572299;154.135;154.155;154.145;0;T;True;3
1621236897000;11572300;154.135;154.155;154.145;0;T;True;3
1621236898000;11572301;154.135;154.155;154.145;0;T;True;3
1621236899000;11572302;154.135;154.155;154.145;0;T;True;3
1621236900000;11572303;154.135;154.155;154.145;0;T;True;3
1621236901000;11572304;154.135;154.155;154.145;0;T;True;3
1621236902000;11572306;154.137;154.157;154.147;1;T;True;3
1621236903000;11572307;154.137;154.157;154.147;0;T;True;3
1621236904000;11572309;154.138;154.158;154.148;1;T;True;3
1621236905000;11572314;154.143;154.163;154.153;4;T;True;3
1621236906000;11572315;154.143;154.163;154.153;0;T;True;3
1621236907000;11572316;154.143;154.163;154.153;0;T;True;3
1621236908000;11572317;154.143;154.163;154.153;0;T;True;3
1621236909000;11572322;154.151;154.171;154.161;4;T;True;3
1621236910000;11572325;154.155;154.175;154.165;2;T;True;3
1621236911000;11572326;154.155;154.175;154.165;0;T;True;3
1621236912000;11572327;154.155;154.175;154.165;0;T;True;3
1621236913000;11572328;154.155;154.175;154.165;0;T;True;3
1621236914000;11572331;154.156;154.176;154.166;2;T;True;3
1621236915000;11572332;154.156;154.176;154.166;0;T;True;3
1621236916000;11572334;154.157;154.177;154.167;1;T;True;3
1621236917000;11572335;154.157;154.177;154.167;0;T;True;3
1621236918000;11572338;154.159;154.179;154.169;2;T;True;3
1621236919000;11572339;154.159;154.179;154.169;0;T;True;3
1621236920000;11572342;154.16;154.18;154.17;2;T;True;3
1621236921000;11572346;154.159;154.179;154.169;3;T;True;3
1621236922000;11572348;154.16;154.18;154.17;1;T;True;3
1621236923000;11572350;154.161;154.181;154.171;1;T;True;3
1621236924000;11572352;154.162;154.182;154.172;1;T;True;3
1621236925000;11572354;154.163;154.183;154.173;1;T;True;3
1621236926000;11572355;154.163;154.183;154.173;0;T;True;3
1621236927000;11572356;154.163;154.183;154.173;0;T;True;3
1621236928000;11572357;154.163;154.183;154.173;0;T;True;3
1621236929000;11572358;154.163;154.183;154.173;0;T;True;3
1621236930000;11572359;154.163;154.183;154.173;0;T;True;3
1621236931000;11572361;154.167;154.187;154.177;1;T;True;3
1621236932000;11572362;154.167;154.187;154.177;0;T;True;3
1621236933000;11572365;154.164;154.184;154.174;2;T;True;3
1621236934000;11572367;154.163;154.183;154.173;1;T;True;3
1621236935000;11572368;154.163;154.183;154.173;0;T;True;3
1621236936000;11572369;154.163;154.183;154.173;0;T;True;3
1621236937000;11572371;154.164;154.184;154.174;1;T;True;3
1621236938000;11572374;154.162;154.182;154.172;2;T;True;3
1621236939000;11572377;154.164;154.184;154.174;2;T;True;3
1621236940000;11572381;154.163;154.183;154.173;3;T;True;3
1621236941000;11572382;154.163;154.183;154.173;0;T;True;3
1621236942000;11572383;154.163;154.183;154.173;0;T;True;3
1621236943000;11572384;154.163;154.183;154.173;0;T;True;3
1621236944000;11572385;154.163;154.183;154.173;0;T;True;3
1621236945000;11572387;154.165;154.185;154.175;1;T;True;3
1621236946000;11572388;154.165;154.185;154.175;0;T;True;3
1621236947000;11572389;154.165;154.185;154.175;0;T;True;3
1621236948000;11572390;154.165;154.185;154.175;0;T;True;3
1621236949000;11572394;154.171;154.191;154.181;3;T;True;3
1621236950000;11572397;154.167;154.187;154.177;2;T;True;3
1621236951000;11572399;154.166;154.186;154.176;1;T;True;3
1621236952000;11572402;154.159;154.179;154.169;2;T;True;3
1621236953000;11572403;154.159;154.179;154.169;0;T;True;3
1621236954000;11572405;154.161;154.181;154.171;1;T;True;3
1621236955000;11572406;154.161;154.181;154.171;0;T;True;3
1621236956000;11572407;154.161;154.181;154.171;0;T;True;3
1621236957000;11572408;154.161;154.181;154.171;0;T;True;3
1621236958000;11572410;154.163;154.183;154.173;1;T;True;3
1621236959000;11572411;154.163;154.183;154.173;0;T;True;3
1621236960000;11572412;154.163;154.183;154.173;0;T;True;3
1621236961000;11572416;154.155;154.175;154.165;3;T;True;3
1621236962000;11572417;154.155;154.175;154.165;0;T;True;3
1621236963000;11572418;154.155;154.175;154.165;0;T;True;3
1621236964000;11572420;154.152;154.172;154.162;1;T;True;3
1621236965000;11572422;154.151;154.171;154.161;1;T;True;3
1621236966000;11572423;154.151;154.171;154.161;0;T;True;3
1621236967000;11572426;154.151;154.171;154.161;2;T;True;3
1621236968000;11572427;154.151;154.171;154.161;0;T;True;3
1621236969000;11572428;154.151;154.171;154.161;0;T;True;3
1621236970000;11572429;154.151;154.171;154.161;0;T;True;3
1621236971000;11572430;154.151;154.171;154.161;0;T;True;3
1621236972000;11572431;154.151;154.171;154.161;0;T;True;3
1621236973000;11572432;154.151;154.171;154.161;0;T;True;3
1621236974000;11572435;154.15;154.17;154.16;2;T;True;3
1621236975000;11572436;154.15;154.17;154.16;0;T;True;3
1621236976000;11572438;154.149;154.169;154.159;1;T;True;3
1621236977000;11572439;154.149;154.169;154.159;0;T;True;3
1621236978000;11572440;154.149;154.169;154.159;0;T;True;3
1621236979000;11572441;154.149;154.169;154.159;0;T;True;3
1621236980000;11572444;154.145;154.165;154.155;2;T;True;3
1621236981000;11572445;154.145;154.165;154.155;0;T;True;3
1621236982000;11572446;154.145;154.165;154.155;0;T;True;3
1621236983000;11572448;154.144;154.164;154.154;1;T;True;3
1621236984000;11572449;154.144;154.164;154.154;0;T;True;3
1621236985000;11572450;154.144;154.164;154.154;0;T;True;3
1621236986000;11572451;154.144;154.164;154.154;0;T;True;3
1621236987000;11572452;154.144;154.164;154.154;0;T;True;3
1621236988000;11572453;154.144;154.164;154.154;0;T;True;3
1621236989000;11572454;154.144;154.164;154.154;0;T;True;3
1621236990000;11572455;154.144;154.164;154.154;0;T;True;3
1621236991000;11572456;154.144;154.164;154.154;0;T;True;3
1621236992000;11572457;154.144;154.164;154.154;0;T;True;3
1621236993000;11572458;154.144;154.164;154.154;0;T;True;3
1621236994000;11572464;154.141;154.161;154.151;5;T;True;3
1621236995000;11572467;154.143;154.163;154.153;2;T;True;3
1621236996000;11572468;154.143;154.163;154.153;0;T;True;3
1621236997000;11572469;154.143;154.163;154.153;0;T;True;3
1621236998000;11572470;154.143;154.163;154.153;0;T;True;3
1621236999000;11572471;154.143;154.163;154.153;0;T;True;3
1621237000000;11572473;154.141;154.161;154.151;1;T;True;3
1621237001000;11572474;154.141;154.161;154.151;0;T;True;3
1621237002000;11572476;154.142;154.162;154.152;1;T;True;3
1621237003000;11572477;154.142;154.162;154.152;0;T;True;3
1621237004000;11572478;154.142;154.162;154.152;0;T;True;3
1621237005000;11572480;154.139;154.159;154.149;1;T;True;3
1621237006000;11572481;154.139;154.159;154.149;0;T;True;3
1621237007000;11572482;154.139;154.159;154.149;0;T;True;3
1621237008000;11572483;154.139;154.159;154.149;0;T;True;3
1621237009000;11572486;154.136;154.156;154.146;2;T;True;3
1621237010000;11572487;154.136;154.156;154.146;0;T;True;3
1621237011000;11572489;154.135;154.155;154.145;1;T;True;3
1621237012000;11572491;154.133;154.153;154.143;1;T;True;3
1621237013000;11572493;154.131;154.151;154.141;1;T;True;3
1621237014000;11572496;154.128;154.148;154.138;2;T;True;3
1621237015000;11572497;154.128;154.148;154.138;0;T;True;3
1621237016000;11572498;154.128;154.148;154.138;0;T;True;3
1621237017000;11572499;154.128;154.148;154.138;0;T;True;3
1621237018000;11572502;154.125;154.145;154.135;2;T;True;3
1621237019000;11572506;154.126;154.146;154.136;3;T;True;3
1621237020000;11572509;154.121;154.141;154.131;2;T;True;3
1621237021000;11572510;154.121;154.141;154.131;0;T;True;3
1621237022000;11572511;154.121;154.141;154.131;0;T;True;3
1621237023000;11572513;154.123;154.143;154.133;1;T;True;3
1621237024000;11572514;154.123;154.143;154.133;0;T;True;3
1621237025000;11572516;154.121;154.141;154.131;1;T;True;3
1621237026000;11572517;154.121;154.141;154.131;0;T;True;3
1621237027000;11572518;154.121;154.141;154.131;0;T;True;3
1621237028000;11572519;154.121;154.141;154.131;0;T;True;3
1621237029000;11572520;154.121;154.141;154.131;0;T;True;3
1621237030000;11572521;154.121;154.141;154.131;0;T;True;3
1621237031000;11572525;154.117;154.137;154.127;3;T;True;3
1621237032000;11572526;154.117;154.137;154.127;0;T;True;3
1621237033000;11572529;154.113;154.133;154.123;2;T;True;3
1621237034000;11572530;154.113;154.133;154.123;0;T;True;3
1621237035000;11572531;154.113;154.133;154.123;0;T;True;3
1621237036000;11572532;154.113;154.133;154.123;0;T;True;3
1621237037000;11572534;154.112;154.132;154.122;1;T;True;3
1621237038000;11572535;154.112;154.132;154.122;0;T;True;3
1621237039000;11572536;154.112;154.132;154.122;0;T;True;3
1621237040000;11572537;154.112;154.132;154.122;0;T;True;3
1621237041000;11572538;154.112;154.132;154.122;0;T;True;3
1621237042000;11572540;154.111;154.131;154.121;1;T;True;3
1621237043000;11572541;154.111;154.131;154.121;0;T;True;3
1621237044000;11572544;154.102;154.122;154.112;2;T;True;3
1621237045000;11572547;154.098;154.118;154.108;2;T;True;3
1621237046000;11572549;154.099;154.119;154.109;1;T;True;3
1621237047000;11572550;154.099;154.119;154.109;0;T;True;3
1621237048000;11572551;154.099;154.119;154.109;0;T;True;3
1621237049000;11572553;154.1;154.12;154.11;1;T;True;3
1621237050000;11572554;154.1;154.12;154.11;0;T;True;3
1621237051000;11572555;154.1;154.12;154.11;0;T;True;3
1621237052000;11572557;154.101;154.121;154.111;1;T;True;3
1621237053000;11572561;154.105;154.125;154.115;3;T;True;3
1621237054000;11572562;154.105;154.125;154.115;0;T;True;3
1621237055000;11572563;154.105;154.125;154.115;0;T;True;3
1621237056000;11572564;154.105;154.125;154.115;0;T;True;3
1621237057000;11572567;154.102;154.122;154.112;2;T;True;3
1621237058000;11572568;154.102;154.122;154.112;0;T;True;3
1621237059000;11572569;154.102;154.122;154.112;0;T;True;3
1621237060000;11572571;154.101;154.121;154.111;1;T;True;3
1621237061000;11572572;154.101;154.121;154.111;0;T;True;3
1621237062000;11572573;154.101;154.121;154.111;0;T;True;3
1621237063000;11572574;154.101;154.121;154.111;0;T;True;3
1621237064000;11572579;154.087;154.107;154.097;4;T;True;3
1621237065000;11572580;154.087;154.107;154.097;0;T;True;3
1621237066000;11572582;154.086;154.106;154.096;1;T;True;3
1621237067000;11572583;154.086;154.106;154.096;0;T;True;3
1621237068000;11572584;154.086;154.106;154.096;0;T;True;3
1621237069000;11572586;154.085;154.105;154.095;1;T;True;3
1621237070000;11572587;154.085;154.105;154.095;0;T;True;3
1621237071000;11572590;154.088;154.108;154.098;2;T;True;3
1621237072000;11572591;154.088;154.108;154.098;0;T;True;3
1621237073000;11572594;154.085;154.105;154.095;2;T;True;3
1621237074000;11572595;154.085;154.105;154.095;0;T;True;3
1621237075000;11572596;154.085;154.105;154.095;0;T;True;3
1621237076000;11572597;154.085;154.105;154.095;0;T;True;3
1621237077000;11572598;154.085;154.105;154.095;0;T;True;3
1621237078000;11572599;154.085;154.105;154.095;0;T;True;3
1621237079000;11572600;154.085;154.105;154.095;0;T;True;3
1621237080000;11572601;154.085;154.105;154.095;0;T;True;3
1621237081000;11572602;154.085;154.105;154.095;0;T;True;3
1621237082000;11572603;154.085;154.105;154.095;0;T;True;3
1621237083000;11572606;154.083;154.103;154.093;2;T;True;3
1621237084000;11572608;154.081;154.101;154.091;1;T;True;3
1621237085000;11572609;154.081;154.101;154.091;0;T;True;3
1621237086000;11572611;154.079;154.099;154.089;1;T;True;3
1621237087000;11572612;154.079;154.099;154.089;0;T;True;3
1621237088000;11572615;154.073;154.093;154.083;2;T;True;3
1621237089000;11572616;154.073;154.093;154.083;0;T;True;3
1621237090000;11572617;154.073;154.093;154.083;0;T;True;3
1621237091000;11572618;154.073;154.093;154.083;0;T;True;3
1621237092000;11572619;154.073;154.093;154.083;0;T;True;3
1621237093000;11572622;154.079;154.099;154.089;2;T;True;3
1621237094000;11572623;154.079;154.099;154.089;0;T;True;3
1621237095000;11572628;154.078;154.098;154.088;4;T;True;3
1621237096000;11572630;154.079;154.099;154.089;1;T;True;3
1621237097000;11572631;154.079;154.099;154.089;0;T;True;3
1621237098000;11572633;154.078;154.098;154.088;1;T;True;3
1621237099000;11572634;154.078;154.098;154.088;0;T;True;3
1621237100000;11572635;154.078;154.098;154.088;0;T;True;3
1621237101000;11572637;154.077;154.097;154.087;1;T;True;3
1621237102000;11572638;154.077;154.097;154.087;0;T;True;3
1621237103000;11572639;154.077;154.097;154.087;0;T;True;3
1621237104000;11572640;154.077;154.097;154.087;0;T;True;3
1621237105000;11572642;154.076;154.096;154.086;1;T;True;3
1621237106000;11572643;154.076;154.096;154.086;0;T;True;3
1621237107000;11572647;154.075;154.095;154.085;3;T;True;3
1621237108000;11572648;154.075;154.095;154.085;0;T;True;3
1621237109000;11572649;154.075;154.095;154.085;0;T;True;3
1621237110000;11572650;154.075;154.095;154.085;0;T;True;3
1621237111000;11572651;154.075;154.095;154.085;0;T;True;3
1621237112000;11572652;154.075;154.095;154.085;0;T;True;3
1621237113000;11572653;154.075;154.095;154.085;0;T;True;3
1621237114000;11572654;154.075;154.095;154.085;0;T;True;3
1621237115000;11572657;154.071;154.091;154.081;2;T;True;3
1621237116000;11572658;154.071;154.091;154.081;0;T;True;3
1621237117000;11572661;154.075;154.095;154.085;2;T;True;3
1621237118000;11572664;154.074;154.094;154.084;2;T;True;3
1621237119000;11572665;154.074;154.094;154.084;0;T;True;3
1621237120000;11572666;154.074;154.094;154.084;0;T;True;3
1621237121000;11572667;154.074;154.094;154.084;0;T;True;3
1621237122000;11572670;154.071;154.091;154.081;2;T;True;3
1621237123000;11572672;154.074;154.094;154.084;1;T;True;3
1621237124000;11572676;154.064;154.084;154.074;3;T;True;3
1621237125000;11572678;154.067;154.087;154.077;1;T;True;3
1621237126000;11572679;154.067;154.087;154.077;0;T;True;3
1621237127000;11572681;154.073;154.093;154.083;1;T;True;3
1621237128000;11572683;154.074;154.094;154.084;1;T;True;3
1621237129000;11572685;154.073;154.093;154.083;1;T;True;3
1621237130000;11572687;154.074;154.094;154.084;1;T;True;3
1621237131000;11572688;154.074;154.094;154.084;0;T;True;3
1621237132000;11572689;154.074;154.094;154.084;0;T;True;3
1621237133000;11572691;154.075;154.095;154.085;1;T;True;3
1621237134000;11572692;154.075;154.095;154.085;0;T;True;3
1621237135000;11572693;154.075;154.095;154.085;0;T;True;3
1621237136000;11572694;154.075;154.095;154.085;0;T;True;3
1621237137000;11572695;154.075;154.095;154.085;0;T;True;3
1621237138000;11572696;154.075;154.095;154.085;0;T;True;3
1621237139000;11572697;154.075;154.095;154.085;0;T;True;3
1621237140000;11572698;154.075;154.095;154.085;0;T;True;3
1621237141000;11572699;154.075;154.095;154.085;0;T;True;3
1621237142000;11572700;154.075;154.095;154.085;0;T;True;3
1621237143000;11572702;154.073;154.093;154.083;1;T;True;3
1621237144000;11572704;154.069;154.089;154.079;1;T;True;3
1621237145000;11572710;154.058;154.078;154.068;5;T;True;3
1621237146000;11572713;154.057;154.077;154.067;2;T;True;3
1621237147000;11572714;154.057;154.077;154.067;0;T;True;3
1621237148000;11572715;154.057;154.077;154.067;0;T;True;3
1621237149000;11572716;154.057;154.077;154.067;0;T;True;3
1621237150000;11572718;154.061;154.081;154.071;1;T;True;3
1621237151000;11572719;154.061;154.081;154.071;0;T;True;3
1621237152000;11572724;154.064;154.084;154.074;4;T;True;3
1621237153000;11572727;154.066;154.086;154.076;2;T;True;3
1621237154000;11572730;154.068;154.088;154.078;2;T;True;3
1621237155000;11572731;154.068;154.088;154.078;0;T;True;3
1621237156000;11572734;154.073;154.093;154.083;2;T;True;3
1621237157000;11572735;154.073;154.093;154.083;0;T;True;3
1621237158000;11572736;154.073;154.093;154.083;0;T;True;3
1621237159000;11572740;154.077;154.097;154.087;3;T;True;3
1621237160000;11572743;154.077;154.097;154.087;2;T;True;3
1621237161000;11572744;154.077;154.097;154.087;0;T;True;3
1621237162000;11572745;154.077;154.097;154.087;0;T;True;3
1621237163000;11572747;154.075;154.095;154.085;1;T;True;3
1621237164000;11572749;154.076;154.096;154.086;1;T;True;3
1621237165000;11572750;154.076;154.096;154.086;0;T;True;3
1621237166000;11572752;154.077;154.097;154.087;1;T;True;3
1621237167000;11572753;154.077;154.097;154.087;0;T;True;3
1621237168000;11572755;154.079;154.099;154.089;1;T;True;3
1621237169000;11572756;154.079;154.099;154.089;0;T;True;3
1621237170000;11572759;154.081;154.101;154.091;2;T;True;3
1621237171000;11572760;154.081;154.101;154.091;0;T;True;3
1621237172000;11572761;154.081;154.101;154.091;0;T;True;3
1621237173000;11572762;154.081;154.101;154.091;0;T;True;3
1621237174000;11572763;154.081;154.101;154.091;0;T;True;3
1621237175000;11572765;154.083;154.103;154.093;1;T;True;3
1621237176000;11572766;154.083;154.103;154.093;0;T;True;3
1621237177000;11572767;154.083;154.103;154.093;0;T;True;3
1621237178000;11572768;154.083;154.103;154.093;0;T;True;3
1621237179000;11572769;154.083;154.103;154.093;0;T;True;3
1621237180000;11572770;154.083;154.103;154.093;0;T;True;3
1621237181000;11572771;154.083;154.103;154.093;0;T;True;3
1621237182000;11572772;154.083;154.103;154.093;0;T;True;3
1621237183000;11572773;154.083;154.103;154.093;0;T;True;3
1621237184000;11572776;154.093;154.113;154.103;2;T;True;3
1621237185000;11572778;154.095;154.115;154.105;1;T;True;3
1621237186000;11572779;154.095;154.115;154.105;0;T;True;3
1621237187000;11572780;154.095;154.115;154.105;0;T;True;3
1621237188000;11572783;154.09;154.11;154.1;2;T;True;3
1621237189000;11572786;154.09;154.11;154.1;2;T;True;3
1621237190000;11572789;154.093;154.113;154.103;2;T;True;3
1621237191000;11572790;154.093;154.113;154.103;0;T;True;3
1621237192000;11572792;154.091;154.111;154.101;1;T;True;3
1621237193000;11572793;154.091;154.111;154.101;0;T;True;3
1621237194000;11572796;154.097;154.117;154.107;2;T;True;3
1621237195000;11572797;154.097;154.117;154.107;0;T;True;3
1621237196000;11572799;154.099;154.119;154.109;1;T;True;3
1621237197000;11572800;154.099;154.119;154.109;0;T;True;3
1621237198000;11572803;154.095;154.115;154.105;2;T;True;3
1621237199000;11572804;154.095;154.115;154.105;0;T;True;3
1621237200000;11572805;154.095;154.115;154.105;0;T;True;3
1621237201000;11572806;154.095;154.115;154.105;0;T;True;3
1621237202000;11572807;154.095;154.115;154.105;0;T;True;3
1621237203000;11572810;154.093;154.113;154.103;2;T;True;3
1621237204000;11572813;154.099;154.119;154.109;2;T;True;3
1621237205000;11572814;154.099;154.119;154.109;0;T;True;3
1621237206000;11572815;154.099;154.119;154.109;0;T;True;3
1621237207000;11572816;154.099;154.119;154.109;0;T;True;3
1621237208000;11572817;154.099;154.119;154.109;0;T;True;3
1621237209000;11572818;154.099;154.119;154.109;0;T;True;3
1621237210000;11572819;154.099;154.119;154.109;0;T;True;3
1621237211000;11572821;154.101;154.121;154.111;1;T;True;3
1621237212000;11572822;154.101;154.121;154.111;0;T;True;3
1621237213000;11572823;154.101;154.121;154.111;0;T;True;3
1621237214000;11572824;154.101;154.121;154.111;0;T;True;3
1621237215000;11572825;154.101;154.121;154.111;0;T;True;3
1621237216000;11572828;154.097;154.117;154.107;2;T;True;3
1621237217000;11572831;154.093;154.113;154.103;2;T;True;3
1621237218000;11572832;154.093;154.113;154.103;0;T;True;3
1621237219000;11572833;154.093;154.113;154.103;0;T;True;3
1621237220000;11572834;154.093;154.113;154.103;0;T;True;3
1621237221000;11572837;154.085;154.105;154.095;2;T;True;3
1621237222000;11572838;154.085;154.105;154.095;0;T;True;3
1621237223000;11572839;154.085;154.105;154.095;0;T;True;3
1621237224000;11572842;154.088;154.108;154.098;2;T;True;3
1621237225000;11572845;154.083;154.103;154.093;2;T;True;3
1621237226000;11572846;154.083;154.103;154.093;0;T;True;3
1621237227000;11572847;154.083;154.103;154.093;0;T;True;3
1621237228000;11572849;154.081;154.101;154.091;1;T;True;3
1621237229000;11572850;154.081;154.101;154.091;0;T;True;3
1621237230000;11572851;154.081;154.101;154.091;0;T;True;3
1621237231000;11572853;154.079;154.099;154.089;1;T;True;3
1621237232000;11572858;154.073;154.093;154.083;4;T;True;3
1621237233000;11572860;154.075;154.095;154.085;1;T;True;3
1621237234000;11572861;154.075;154.095;154.085;0;T;True;3
1621237235000;11572865;154.075;154.095;154.085;3;T;True;3
1621237236000;11572872;154.084;154.104;154.094;6;T;True;3
1621237237000;11572874;154.083;154.103;154.093;1;T;True;3
1621237238000;11572876;154.084;154.104;154.094;1;T;True;3
1621237239000;11572879;154.085;154.105;154.095;2;T;True;3
1621237240000;11572885;154.083;154.103;154.093;5;T;True;3
1621237241000;11572887;154.081;154.101;154.091;1;T;True;3
1621237242000;11572890;154.081;154.101;154.091;2;T;True;3
1621237243000;11572891;154.081;154.101;154.091;0;T;True;3
1621237244000;11572892;154.081;154.101;154.091;0;T;True;3
1621237245000;11572893;154.081;154.101;154.091;0;T;True;3
1621237246000;11572894;154.081;154.101;154.091;0;T;True;3
1621237247000;11572895;154.081;154.101;154.091;0;T;True;3
1621237248000;11572896;154.081;154.101;154.091;0;T;True;3
1621237249000;11572897;154.081;154.101;154.091;0;T;True;3
1621237250000;11572898;154.081;154.101;154.091;0;T;True;3
1621237251000;11572899;154.081;154.101;154.091;0;T;True;3
1621237252000;11572900;154.081;154.101;154.091;0;T;True;3
1621237253000;11572901;154.081;154.101;154.091;0;T;True;3
1621237254000;11572902;154.081;154.101;154.091;0;T;True;3
1621237255000;11572904;154.083;154.103;154.093;1;T;True;3
1621237256000;11572906;154.081;154.101;154.091;1;T;True;3
1621237257000;11572908;154.083;154.103;154.093;1;T;True;3
1621237258000;11572909;154.083;154.103;154.093;0;T;True;3
1621237259000;11572910;154.083;154.103;154.093;0;T;True;3
1621237260000;11572911;154.083;154.103;154.093;0;T;True;3
1621237261000;11572916;154.087;154.107;154.097;4;T;True;3
1621237262000;11572919;154.087;154.107;154.097;2;T;True;3
1621237263000;11572922;154.093;154.113;154.103;2;T;True;3
1621237264000;11572923;154.093;154.113;154.103;0;T;True;3
1621237265000;11572924;154.093;154.113;154.103;0;T;True;3
1621237266000;11572926;154.091;154.111;154.101;1;T;True;3
1621237267000;11572932;154.085;154.105;154.095;5;T;True;3
1621237268000;11572933;154.085;154.105;154.095;0;T;True;3
1621237269000;11572935;154.087;154.107;154.097;1;T;True;3
1621237270000;11572936;154.087;154.107;154.097;0;T;True;3
1621237271000;11572937;154.087;154.107;154.097;0;T;True;3
1621237272000;11572938;154.087;154.107;154.097;0;T;True;3
1621237273000;11572943;154.091;154.111;154.101;4;T;True;3
1621237274000;11572944;154.091;154.111;154.101;0;T;True;3
1621237275000;11572946;154.093;154.113;154.103;1;T;True;3
1621237276000;11572949;154.085;154.105;154.095;2;T;True;3
1621237277000;11572952;154.085;154.105;154.095;2;T;True;3
1621237278000;11572953;154.085;154.105;154.095;0;T;True;3
1621237279000;11572956;154.083;154.103;154.093;2;T;True;3
1621237280000;11572957;154.083;154.103;154.093;0;T;True;3
1621237281000;11572958;154.083;154.103;154.093;0;T;True;3
1621237282000;11572960;154.081;154.101;154.091;1;T;True;3
1621237283000;11572962;154.08;154.1;154.09;1;T;True;3
1621237284000;11572965;154.083;154.103;154.093;2;T;True;3
1621237285000;11572966;154.083;154.103;154.093;0;T;True;3
1621237286000;11572967;154.083;154.103;154.093;0;T;True;3
1621237287000;11572968;154.083;154.103;154.093;0;T;True;3
1621237288000;11572969;154.083;154.103;154.093;0;T;True;3
1621237289000;11572970;154.083;154.103;154.093;0;T;True;3
1621237290000;11572971;154.083;154.103;154.093;0;T;True;3
1621237291000;11572972;154.083;154.103;154.093;0;T;True;3
1621237292000;11572976;154.079;154.099;154.089;3;T;True;3
1621237293000;11572979;154.081;154.101;154.091;2;T;True;3
1621237294000;11572980;154.081;154.101;154.091;0;T;True;3
1621237295000;11572981;154.081;154.101;154.091;0;T;True;3
1621237296000;11572982;154.081;154.101;154.091;0;T;True;3
1621237297000;11572983;154.081;154.101;154.091;0;T;True;3
1621237298000;11572985;154.08;154.1;154.09;1;T;True;3
1621237299000;11572987;154.079;154.099;154.089;1;T;True;3
1621237300000;11572990;154.079;154.099;154.089;2;T;True;3
1621237301000;11572994;154.079;154.099;154.089;3;T;True;3
1621237302000;11572996;154.077;154.097;154.087;1;T;True;3
1621237303000;11573000;154.073;154.093;154.083;3;T;True;3
1621237304000;11573003;154.073;154.093;154.083;2;T;True;3
1621237305000;11573007;154.072;154.092;154.082;3;T;True;3
1621237306000;11573008;154.072;154.092;154.082;0;T;True;3
1621237307000;11573009;154.072;154.092;154.082;0;T;True;3
1621237308000;11573011;154.071;154.091;154.081;1;T;True;3
1621237309000;11573012;154.071;154.091;154.081;0;T;True;3
1621237310000;11573013;154.071;154.091;154.081;0;T;True;3
1621237311000;11573017;154.075;154.095;154.085;3;T;True;3
1621237312000;11573018;154.075;154.095;154.085;0;T;True;3
1621237313000;11573020;154.077;154.097;154.087;1;T;True;3
1621237314000;11573022;154.079;154.099;154.089;1;T;True;3
1621237315000;11573023;154.079;154.099;154.089;0;T;True;3
1621237316000;11573024;154.079;154.099;154.089;0;T;True;3
1621237317000;11573025;154.079;154.099;154.089;0;T;True;3
1621237318000;11573026;154.079;154.099;154.089;0;T;True;3
1621237319000;11573027;154.079;154.099;154.089;0;T;True;3
1621237320000;11573028;154.079;154.099;154.089;0;T;True;3
1621237321000;11573031;154.077;154.097;154.087;2;T;True;3
1621237322000;11573032;154.077;154.097;154.087;0;T;True;3
1621237323000;11573036;154.073;154.093;154.083;3;T;True;3
1621237324000;11573037;154.073;154.093;154.083;0;T;True;3
1621237325000;11573038;154.073;154.093;154.083;0;T;True;3
1621237326000;11573041;154.077;154.097;154.087;2;T;True;3
1621237327000;11573042;154.077;154.097;154.087;0;T;True;3
1621237328000;11573043;154.077;154.097;154.087;0;T;True;3
1621237329000;11573044;154.077;154.097;154.087;0;T;True;3
1621237330000;11573045;154.077;154.097;154.087;0;T;True;3
1621237331000;11573046;154.077;154.097;154.087;0;T;True;3
1621237332000;11573050;154.079;154.099;154.089;3;T;True;3
1621237333000;11573051;154.079;154.099;154.089;0;T;True;3
1621237334000;11573052;154.079;154.099;154.089;0;T;True;3
1621237335000;11573053;154.079;154.099;154.089;0;T;True;3
1621237336000;11573056;154.079;154.099;154.089;2;T;True;3
1621237337000;11573058;154.08;154.1;154.09;1;T;True;3
1621237338000;11573059;154.08;154.1;154.09;0;T;True;3
1621237339000;11573061;154.081;154.101;154.091;1;T;True;3
1621237340000;11573062;154.081;154.101;154.091;0;T;True;3
1621237341000;11573065;154.081;154.101;154.091;2;T;True;3
1621237342000;11573066;154.081;154.101;154.091;0;T;True;3
1621237343000;11573067;154.081;154.101;154.091;0;T;True;3
1621237344000;11573068;154.081;154.101;154.091;0;T;True;3
1621237345000;11573070;154.083;154.103;154.093;1;T;True;3
1621237346000;11573071;154.083;154.103;154.093;0;T;True;3
1621237347000;11573072;154.083;154.103;154.093;0;T;True;3
1621237348000;11573073;154.083;154.103;154.093;0;T;True;3
1621237349000;11573074;154.083;154.103;154.093;0;T;True;3
1621237350000;11573075;154.083;154.103;154.093;0;T;True;3
1621237351000;11573076;154.083;154.103;154.093;0;T;True;3
1621237352000;11573078;154.081;154.101;154.091;1;T;True;3
1621237353000;11573079;154.081;154.101;154.091;0;T;True;3
1621237354000;11573083;154.076;154.096;154.086;3;T;True;3
1621237355000;11573086;154.078;154.098;154.088;2;T;True;3
1621237356000;11573087;154.078;154.098;154.088;0;T;True;3
1621237357000;11573088;154.078;154.098;154.088;0;T;True;3
1621237358000;11573089;154.078;154.098;154.088;0;T;True;3
1621237359000;11573090;154.078;154.098;154.088;0;T;True;3
1621237360000;11573091;154.078;154.098;154.088;0;T;True;3
1621237361000;11573093;154.077;154.097;154.087;1;T;True;3
1621237362000;11573094;154.077;154.097;154.087;0;T;True;3
1621237363000;11573097;154.077;154.097;154.087;2;T;True;3
1621237364000;11573098;154.077;154.097;154.087;0;T;True;3
1621237365000;11573099;154.077;154.097;154.087;0;T;True;3
1621237366000;11573100;154.077;154.097;154.087;0;T;True;3
1621237367000;11573102;154.075;154.095;154.085;1;T;True;3
1621237368000;11573106;154.072;154.092;154.082;3;T;True;3
1621237369000;11573109;154.068;154.088;154.078;2;T;True;3
1621237370000;11573111;154.067;154.087;154.077;1;T;True;3
1621237371000;11573114;154.065;154.085;154.075;2;T;True;3
1621237372000;11573115;154.065;154.085;154.075;0;T;True;3
1621237373000;11573122;154.061;154.081;154.071;6;T;True;3
1621237374000;11573127;154.053;154.073;154.063;4;T;True;3
1621237375000;11573128;154.053;154.073;154.063;0;T;True;3
1621237376000;11573130;154.052;154.072;154.062;1;T;True;3
1621237377000;11573131;154.052;154.072;154.062;0;T;True;3
1621237378000;11573134;154.049;154.069;154.059;2;T;True;3
1621237379000;11573135;154.049;154.069;154.059;0;T;True;3
1621237380000;11573139;154.055;154.075;154.065;3;T;True;3
1621237381000;11573142;154.057;154.077;154.067;2;T;True;3
1621237382000;11573143;154.057;154.077;154.067;0;T;True;3
1621237383000;11573144;154.057;154.077;154.067;0;T;True;3
1621237384000;11573145;154.057;154.077;154.067;0;T;True;3
1621237385000;11573148;154.065;154.085;154.075;2;T;True;3
1621237386000;11573152;154.069;154.089;154.079;3;T;True;3
1621237387000;11573153;154.069;154.089;154.079;0;T;True;3
1621237388000;11573155;154.068;154.088;154.078;1;T;True;3
1621237389000;11573156;154.068;154.088;154.078;0;T;True;3
1621237390000;11573159;154.061;154.081;154.071;2;T;True;3
1621237391000;11573161;154.059;154.079;154.069;1;T;True;3
1621237392000;11573167;154.055;154.075;154.065;5;T;True;3
1621237393000;11573168;154.055;154.075;154.065;0;T;True;3
1621237394000;11573169;154.055;154.075;154.065;0;T;True;3
1621237395000;11573170;154.055;154.075;154.065;0;T;True;3
1621237396000;11573172;154.057;154.077;154.067;1;T;True;3
1621237397000;11573175;154.057;154.077;154.067;2;T;True;3
1621237398000;11573177;154.055;154.075;154.065;1;T;True;3
1621237399000;11573178;154.055;154.075;154.065;0;T;True;3
1621237400000;11573179;154.055;154.075;154.065;0;T;True;3
1621237401000;11573181;154.052;154.072;154.062;1;T;True;3
1621237402000;11573182;154.052;154.072;154.062;0;T;True;3
1621237403000;11573183;154.052;154.072;154.062;0;T;True;3
1621237404000;11573184;154.052;154.072;154.062;0;T;True;3
1621237405000;11573186;154.054;154.074;154.064;1;T;True;3
1621237406000;11573187;154.054;154.074;154.064;0;T;True;3
1621237407000;11573189;154.051;154.071;154.061;1;T;True;3
1621237408000;11573191;154.049;154.069;154.059;1;T;True;3
1621237409000;11573193;154.051;154.071;154.061;1;T;True;3
1621237410000;11573194;154.051;154.071;154.061;0;T;True;3
1621237411000;11573195;154.051;154.071;154.061;0;T;True;3
1621237412000;11573198;154.051;154.071;154.061;2;T;True;3
1621237413000;11573199;154.051;154.071;154.061;0;T;True;3
1621237414000;11573200;154.051;154.071;154.061;0;T;True;3
1621237415000;11573202;154.053;154.073;154.063;1;T;True;3
1621237416000;11573207;154.047;154.067;154.057;4;T;True;3
1621237417000;11573211;154.057;154.077;154.067;3;T;True;3
1621237418000;11573215;154.056;154.076;154.066;3;T;True;3
1621237419000;11573216;154.056;154.076;154.066;0;T;True;3
1621237420000;11573219;154.055;154.075;154.065;2;T;True;3
1621237421000;11573220;154.055;154.075;154.065;0;T;True;3
1621237422000;11573221;154.055;154.075;154.065;0;T;True;3
1621237423000;11573223;154.054;154.074;154.064;1;T;True;3
1621237424000;11573225;154.053;154.073;154.063;1;T;True;3
1621237425000;11573226;154.053;154.073;154.063;0;T;True;3
1621237426000;11573227;154.053;154.073;154.063;0;T;True;3
1621237427000;11573229;154.052;154.072;154.062;1;T;True;3
1621237428000;11573230;154.052;154.072;154.062;0;T;True;3
1621237429000;11573231;154.052;154.072;154.062;0;T;True;3
1621237430000;11573233;154.05;154.07;154.06;1;T;True;3
1621237431000;11573238;154.041;154.061;154.051;4;T;True;3
1621237432000;11573242;154.033;154.053;154.043;3;T;True;3
1621237433000;11573246;154.031;154.051;154.041;3;T;True;3
1621237434000;11573249;154.033;154.053;154.043;2;T;True;3
1621237435000;11573252;154.037;154.057;154.047;2;T;True;3
1621237436000;11573257;154.046;154.066;154.056;4;T;True;3
1621237437000;11573260;154.048;154.068;154.058;2;T;True;3
1621237438000;11573261;154.048;154.068;154.058;0;T;True;3
1621237439000;11573268;154.043;154.063;154.053;6;T;True;3
1621237440000;11573269;154.043;154.063;154.053;0;T;True;3
1621237441000;11573270;154.043;154.063;154.053;0;T;True;3
1621237442000;11573271;154.043;154.063;154.053;0;T;True;3
1621237443000;11573272;154.043;154.063;154.053;0;T;True;3
1621237444000;11573274;154.042;154.062;154.052;1;T;True;3
1621237445000;11573275;154.042;154.062;154.052;0;T;True;3
1621237446000;11573280;154.047;154.067;154.057;4;T;True;3
1621237447000;11573281;154.047;154.067;154.057;0;T;True;3
1621237448000;11573282;154.047;154.067;154.057;0;T;True;3
1621237449000;11573283;154.047;154.067;154.057;0;T;True;3
1621237450000;11573285;154.045;154.065;154.055;1;T;True;3
1621237451000;11573288;154.041;154.061;154.051;2;T;True;3
1621237452000;11573289;154.041;154.061;154.051;0;T;True;3
1621237453000;11573292;154.041;154.061;154.051;2;T;True;3
1621237454000;11573293;154.041;154.061;154.051;0;T;True;3
1621237455000;11573294;154.041;154.061;154.051;0;T;True;3
1621237456000;11573295;154.041;154.061;154.051;0;T;True;3
1621237457000;11573296;154.041;154.061;154.051;0;T;True;3
1621237458000;11573297;154.041;154.061;154.051;0;T;True;3
1621237459000;11573298;154.041;154.061;154.051;0;T;True;3
1621237460000;11573301;154.045;154.065;154.055;2;T;True;3
1621237461000;11573304;154.045;154.065;154.055;2;T;True;3
1621237462000;11573305;154.045;154.065;154.055;0;T;True;3
1621237463000;11573306;154.045;154.065;154.055;0;T;True;3
1621237464000;11573309;154.041;154.061;154.051;2;T;True;3
1621237465000;11573312;154.043;154.063;154.053;2;T;True;3
1621237466000;11573313;154.043;154.063;154.053;0;T;True;3
1621237467000;11573318;154.045;154.065;154.055;4;T;True;3
1621237468000;11573320;154.046;154.066;154.056;1;T;True;3
1621237469000;11573321;154.046;154.066;154.056;0;T;True;3
1621237470000;11573323;154.045;154.065;154.055;1;T;True;3
1621237471000;11573326;154.042;154.062;154.052;2;T;True;3
1621237472000;11573327;154.042;154.062;154.052;0;T;True;3
1621237473000;11573329;154.043;154.063;154.053;1;T;True;3
1621237474000;11573332;154.043;154.063;154.053;2;T;True;3
1621237475000;11573334;154.039;154.059;154.049;1;T;True;3
1621237476000;11573335;154.039;154.059;154.049;0;T;True;3
1621237477000;11573336;154.039;154.059;154.049;0;T;True;3
1621237478000;11573337;154.039;154.059;154.049;0;T;True;3
1621237479000;11573339;154.037;154.057;154.047;1;T;True;3
1621237480000;11573342;154.037;154.057;154.047;2;T;True;3
1621237481000;11573343;154.037;154.057;154.047;0;T;True;3
1621237482000;11573344;154.037;154.057;154.047;0;T;True;3
1621237483000;11573345;154.037;154.057;154.047;0;T;True;3
1621237484000;11573346;154.037;154.057;154.047;0;T;True;3
1621237485000;11573347;154.037;154.057;154.047;0;T;True;3
1621237486000;11573350;154.042;154.062;154.052;2;T;True;3
1621237487000;11573353;154.037;154.057;154.047;2;T;True;3
1621237488000;11573354;154.037;154.057;154.047;0;T;True;3
1621237489000;11573355;154.037;154.057;154.047;0;T;True;3
1621237490000;11573356;154.037;154.057;154.047;0;T;True;3
1621237491000;11573362;154.029;154.049;154.039;5;T;True;3
1621237492000;11573368;154.028;154.048;154.038;5;T;True;3
1621237493000;11573373;154.021;154.041;154.031;4;T;True;3
1621237494000;11573376;154.017;154.037;154.027;2;T;True;3
1621237495000;11573378;154.018;154.038;154.028;1;T;True;3
1621237496000;11573379;154.018;154.038;154.028;0;T;True;3
1621237497000;11573381;154.019;154.039;154.029;1;T;True;3
1621237498000;11573382;154.019;154.039;154.029;0;T;True;3
1621237499000;11573383;154.019;154.039;154.029;0;T;True;3
1621237500000;11573386;154.015;154.035;154.025;2;T;True;3
1621237501000;11573389;154.022;154.042;154.032;2;T;True;3
1621237502000;11573393;154.017;154.037;154.027;3;T;True;3
1621237503000;11573395;154.016;154.036;154.026;1;T;True;3
1621237504000;11573398;154.014;154.034;154.024;2;T;True;3
1621237505000;11573400;154.013;154.033;154.023;1;T;True;3
1621237506000;11573401;154.013;154.033;154.023;0;T;True;3
1621237507000;11573406;154.015;154.035;154.025;4;T;True;3
1621237508000;11573407;154.015;154.035;154.025;0;T;True;3
1621237509000;11573408;154.015;154.035;154.025;0;T;True;3
1621237510000;11573409;154.015;154.035;154.025;0;T;True;3
1621237511000;11573410;154.015;154.035;154.025;0;T;True;3
1621237512000;11573413;154.013;154.033;154.023;2;T;True;3
1621237513000;11573414;154.013;154.033;154.023;0;T;True;3
1621237514000;11573416;154.015;154.035;154.025;1;T;True;3
1621237515000;11573418;154.013;154.033;154.023;1;T;True;3
1621237516000;11573422;154.015;154.035;154.025;3;T;True;3
1621237517000;11573427;154.012;154.032;154.022;4;T;True;3
1621237518000;11573431;154.015;154.035;154.025;3;T;True;3
1621237519000;11573433;154.017;154.037;154.027;1;T;True;3
1621237520000;11573434;154.017;154.037;154.027;0;T;True;3
1621237521000;11573440;154.011;154.031;154.021;5;T;True;3
1621237522000;11573445;154.001;154.021;154.011;4;T;True;3
1621237523000;11573451;153.997;154.017;154.007;5;T;True;3
1621237524000;11573454;153.997;154.017;154.007;2;T;True;3
1621237525000;11573458;154.0;154.02;154.01;3;T;True;3
1621237526000;11573460;153.999;154.019;154.009;1;T;True;3
1621237527000;11573462;154.0;154.02;154.01;1;T;True;3
1621237528000;11573463;154.0;154.02;154.01;0;T;True;3
1621237529000;11573464;154.0;154.02;154.01;0;T;True;3
1621237530000;11573465;154.0;154.02;154.01;0;T;True;3
1621237531000;11573466;154.0;154.02;154.01;0;T;True;3
1621237532000;11573467;154.0;154.02;154.01;0;T;True;3
1621237533000;11573470;153.997;154.017;154.007;2;T;True;3
1621237534000;11573471;153.997;154.017;154.007;0;T;True;3
1621237535000;11573472;153.997;154.017;154.007;0;T;True;3
1621237536000;11573473;153.997;154.017;154.007;0;T;True;3
1621237537000;11573476;153.991;154.011;154.001;2;T;True;3
1621237538000;11573478;153.99;154.01;154.0;1;T;True;3
1621237539000;11573480;153.991;154.011;154.001;1;T;True;3
1621237540000;11573483;153.997;154.017;154.007;2;T;True;3
1621237541000;11573488;154.003;154.023;154.013;4;T;True;3
1621237542000;11573492;154.004;154.024;154.014;3;T;True;3
1621237543000;11573494;154.005;154.025;154.015;1;T;True;3
1621237544000;11573497;154.005;154.025;154.015;2;T;True;3
1621237545000;11573498;154.005;154.025;154.015;0;T;True;3
1621237546000;11573499;154.005;154.025;154.015;0;T;True;3
1621237547000;11573501;154.006;154.026;154.016;1;T;True;3
1621237548000;11573502;154.006;154.026;154.016;0;T;True;3
1621237549000;11573506;154.0;154.02;154.01;3;T;True;3
1621237550000;11573507;154.0;154.02;154.01;0;T;True;3
1621237551000;11573508;154.0;154.02;154.01;0;T;True;3
1621237552000;11573509;154.0;154.02;154.01;0;T;True;3
1621237553000;11573513;153.997;154.017;154.007;3;T;True;3
1621237554000;11573515;153.999;154.019;154.009;1;T;True;3
1621237555000;11573518;153.996;154.016;154.006;2;T;True;3
1621237556000;11573521;153.997;154.017;154.007;2;T;True;3
1621237557000;11573522;153.997;154.017;154.007;0;T;True;3
1621237558000;11573526;154.0;154.02;154.01;3;T;True;3
1621237559000;11573527;154.0;154.02;154.01;0;T;True;3
1621237560000;11573528;154.0;154.02;154.01;0;T;True;3
1621237561000;11573529;154.0;154.02;154.01;0;T;True;3
1621237562000;11573531;153.999;154.019;154.009;1;T;True;3
1621237563000;11573532;153.999;154.019;154.009;0;T;True;3
1621237564000;11573534;153.993;154.013;154.003;1;T;True;3
1621237565000;11573535;153.993;154.013;154.003;0;T;True;3
1621237566000;11573536;153.993;154.013;154.003;0;T;True;3
1621237567000;11573537;153.993;154.013;154.003;0;T;True;3
1621237568000;11573539;153.991;154.011;154.001;1;T;True;3
1621237569000;11573540;153.991;154.011;154.001;0;T;True;3
1621237570000;11573541;153.991;154.011;154.001;0;T;True;3
1621237571000;11573545;153.985;154.005;153.995;3;T;True;3
1621237572000;11573546;153.985;154.005;153.995;0;T;True;3
1621237573000;11573549;153.988;154.008;153.998;2;T;True;3
1621237574000;11573552;153.986;154.006;153.996;2;T;True;3
1621237575000;11573555;153.986;154.006;153.996;2;T;True;3
1621237576000;11573556;153.986;154.006;153.996;0;T;True;3
1621237577000;11573558;153.987;154.007;153.997;1;T;True;3
1621237578000;11573559;153.987;154.007;153.997;0;T;True;3
1621237579000;11573562;153.991;154.011;154.001;2;T;True;3
1621237580000;11573569;153.978;153.998;153.988;6;T;True;3
1621237581000;11573570;153.978;153.998;153.988;0;T;True;3
1621237582000;11573571;153.978;153.998;153.988;0;T;True;3
1621237583000;11573573;153.977;153.997;153.987;1;T;True;3
1621237584000;11573574;153.977;153.997;153.987;0;T;True;3
1621237585000;11573575;153.977;153.997;153.987;0;T;True;3
1621237586000;11573576;153.977;153.997;153.987;0;T;True;3
1621237587000;11573577;153.977;153.997;153.987;0;T;True;3
1621237588000;11573579;153.978;153.998;153.988;1;T;True;3
1621237589000;11573586;153.967;153.987;153.977;6;T;True;3
1621237590000;11573587;153.967;153.987;153.977;0;T;True;3
1621237591000;11573588;153.967;153.987;153.977;0;T;True;3
1621237592000;11573591;153.963;153.983;153.973;2;T;True;3
1621237593000;11573594;153.966;153.986;153.976;2;T;True;3
1621237594000;11573595;153.966;153.986;153.976;0;T;True;3
1621237595000;11573596;153.966;153.986;153.976;0;T;True;3
1621237596000;11573597;153.966;153.986;153.976;0;T;True;3
1621237597000;11573598;153.966;153.986;153.976;0;T;True;3
1621237598000;11573599;153.966;153.986;153.976;0;T;True;3
1621237599000;11573601;153.967;153.987;153.977;1;T;True;3
1621237600000;11573602;153.967;153.987;153.977;0;T;True;3
1621237601000;11573603;153.967;153.987;153.977;0;T;True;3
1621237602000;11573607;153.973;153.993;153.983;3;T;True;3
1621237603000;11573609;153.975;153.995;153.985;1;T;True;3
1621237604000;11573610;153.975;153.995;153.985;0;T;True;3
1621237605000;11573611;153.975;153.995;153.985;0;T;True;3
1621237606000;11573612;153.975;153.995;153.985;0;T;True;3
1621237607000;11573613;153.975;153.995;153.985;0;T;True;3
1621237608000;11573614;153.975;153.995;153.985;0;T;True;3
1621237609000;11573615;153.975;153.995;153.985;0;T;True;3
1621237610000;11573616;153.975;153.995;153.985;0;T;True;3
1621237611000;11573617;153.975;153.995;153.985;0;T;True;3
1621237612000;11573621;153.969;153.989;153.979;3;T;True;3
1621237613000;11573622;153.969;153.989;153.979;0;T;True;3
1621237614000;11573623;153.969;153.989;153.979;0;T;True;3
1621237615000;11573624;153.969;153.989;153.979;0;T;True;3
1621237616000;11573625;153.969;153.989;153.979;0;T;True;3
1621237617000;11573626;153.969;153.989;153.979;0;T;True;3
1621237618000;11573627;153.969;153.989;153.979;0;T;True;3
1621237619000;11573628;153.969;153.989;153.979;0;T;True;3
1621237620000;11573629;153.969;153.989;153.979;0;T;True;3
1621237621000;11573631;153.975;153.995;153.985;1;T;True;3
1621237622000;11573633;153.971;153.991;153.981;1;T;True;3
1621237623000;11573637;153.975;153.995;153.985;3;T;True;3
1621237624000;11573639;153.976;153.996;153.986;1;T;True;3
1621237625000;11573641;153.977;153.997;153.987;1;T;True;3
1621237626000;11573642;153.977;153.997;153.987;0;T;True;3
1621237627000;11573643;153.977;153.997;153.987;0;T;True;3
1621237628000;11573644;153.977;153.997;153.987;0;T;True;3
1621237629000;11573645;153.977;153.997;153.987;0;T;True;3
1621237630000;11573647;153.975;153.995;153.985;1;T;True;3
1621237631000;11573648;153.975;153.995;153.985;0;T;True;3
1621237632000;11573654;153.967;153.987;153.977;5;T;True;3
1621237633000;11573656;153.965;153.985;153.975;1;T;True;3
1621237634000;11573659;153.965;153.985;153.975;2;T;True;3
1621237635000;11573661;153.966;153.986;153.976;1;T;True;3
1621237636000;11573662;153.966;153.986;153.976;0;T;True;3
1621237637000;11573663;153.966;153.986;153.976;0;T;True;3
1621237638000;11573669;153.963;153.983;153.973;5;T;True;3
1621237639000;11573673;153.971;153.991;153.981;3;T;True;3
1621237640000;11573674;153.971;153.991;153.981;0;T;True;3
1621237641000;11573677;153.968;153.988;153.978;2;T;True;3
1621237642000;11573678;153.968;153.988;153.978;0;T;True;3
1621237643000;11573685;153.963;153.983;153.973;6;T;True;3
1621237644000;11573687;153.965;153.985;153.975;1;T;True;3
1621237645000;11573693;153.965;153.985;153.975;5;T;True;3
1621237646000;11573700;153.959;153.979;153.969;6;T;True;3
1621237647000;11573701;153.959;153.979;153.969;0;T;True;3
1621237648000;11573704;153.955;153.975;153.965;2;T;True;3
1621237649000;11573708;153.949;153.969;153.959;3;T;True;3
1621237650000;11573710;153.95;153.97;153.96;1;T;True;3
1621237651000;11573712;153.949;153.969;153.959;1;T;True;3
1621237652000;11573714;153.947;153.967;153.957;1;T;True;3
1621237653000;11573717;153.943;153.963;153.953;2;T;True;3
1621237654000;11573720;153.949;153.969;153.959;2;T;True;3
1621237655000;11573721;153.949;153.969;153.959;0;T;True;3
1621237656000;11573723;153.945;153.965;153.955;1;T;True;3
1621237657000;11573724;153.945;153.965;153.955;0;T;True;3
1621237658000;11573726;153.943;153.963;153.953;1;T;True;3
1621237659000;11573732;153.933;153.953;153.943;5;T;True;3
1621237660000;11573736;153.934;153.954;153.944;3;T;True;3
1621237661000;11573738;153.933;153.953;153.943;1;T;True;3
1621237662000;11573739;153.933;153.953;153.943;0;T;True;3
1621237663000;11573741;153.931;153.951;153.941;1;T;True;3
1621237664000;11573746;153.927;153.947;153.937;4;T;True;3
1621237665000;11573747;153.927;153.947;153.937;0;T;True;3
1621237666000;11573749;153.925;153.945;153.935;1;T;True;3
1621237667000;11573756;153.921;153.941;153.931;6;T;True;3
1621237668000;11573758;153.916;153.936;153.926;1;T;True;3
1621237669000;11573763;153.91;153.93;153.92;4;T;True;3
1621237670000;11573765;153.911;153.931;153.921;1;T;True;3
1621237671000;11573767;153.91;153.93;153.92;1;T;True;3
1621237672000;11573771;153.905;153.925;153.915;3;T;True;3
1621237673000;11573774;153.905;153.925;153.915;2;T;True;3
1621237674000;11573777;153.905;153.925;153.915;2;T;True;3
1621237675000;11573779;153.899;153.919;153.909;1;T;True;3
1621237676000;11573784;153.902;153.922;153.912;4;T;True;3
1621237677000;11573786;153.905;153.925;153.915;1;T;True;3
1621237678000;11573790;153.899;153.919;153.909;3;T;True;3
1621237679000;11573793;153.896;153.916;153.906;2;T;True;3
1621237680000;11573797;153.899;153.919;153.909;3;T;True;3
1621237681000;11573798;153.899;153.919;153.909;0;T;True;3
1621237682000;11573799;153.899;153.919;153.909;0;T;True;3
1621237683000;11573801;153.901;153.921;153.911;1;T;True;3
1621237684000;11573804;153.891;153.911;153.901;2;T;True;3
1621237685000;11573806;153.893;153.913;153.903;1;T;True;3
1621237686000;11573807;153.893;153.913;153.903;0;T;True;3
1621237687000;11573808;153.893;153.913;153.903;0;T;True;3
1621237688000;11573811;153.893;153.913;153.903;2;T;True;3
1621237689000;11573814;153.902;153.922;153.912;2;T;True;3
1621237690000;11573815;153.902;153.922;153.912;0;T;True;3
1621237691000;11573818;153.9;153.92;153.91;2;T;True;3
1621237692000;11573820;153.899;153.919;153.909;1;T;True;3
1621237693000;11573824;153.9;153.92;153.91;3;T;True;3
1621237694000;11573825;153.9;153.92;153.91;0;T;True;3
1621237695000;11573826;153.9;153.92;153.91;0;T;True;3
1621237696000;11573829;153.893;153.913;153.903;2;T;True;3
1621237697000;11573830;153.893;153.913;153.903;0;T;True;3
1621237698000;11573831;153.893;153.913;153.903;0;T;True;3
1621237699000;11573833;153.891;153.911;153.901;1;T;True;3
1621237700000;11573835;153.893;153.913;153.903;1;T;True;3
1621237701000;11573836;153.893;153.913;153.903;0;T;True;3
1621237702000;11573839;153.891;153.911;153.901;2;T;True;3
1621237703000;11573840;153.891;153.911;153.901;0;T;True;3
1621237704000;11573841;153.891;153.911;153.901;0;T;True;3
1621237705000;11573843;153.89;153.91;153.9;1;T;True;3
1621237706000;11573844;153.89;153.91;153.9;0;T;True;3
1621237707000;11573845;153.89;153.91;153.9;0;T;True;3
1621237708000;11573847;153.891;153.911;153.901;1;T;True;3
1621237709000;11573848;153.891;153.911;153.901;0;T;True;3
1621237710000;11573849;153.891;153.911;153.901;0;T;True;3
1621237711000;11573850;153.891;153.911;153.901;0;T;True;3
1621237712000;11573851;153.891;153.911;153.901;0;T;True;3
1621237713000;11573853;153.893;153.913;153.903;1;T;True;3
1621237714000;11573860;153.892;153.912;153.902;6;T;True;3
1621237715000;11573861;153.892;153.912;153.902;0;T;True;3
1621237716000;11573862;153.892;153.912;153.902;0;T;True;3
1621237717000;11573864;153.893;153.913;153.903;1;T;True;3
1621237718000;11573865;153.893;153.913;153.903;0;T;True;3
1621237719000;11573866;153.893;153.913;153.903;0;T;True;3
1621237720000;11573870;153.893;153.913;153.903;3;T;True;3
1621237721000;11573872;153.895;153.915;153.905;1;T;True;3
1621237722000;11573875;153.893;153.913;153.903;2;T;True;3
1621237723000;11573876;153.893;153.913;153.903;0;T;True;3
1621237724000;11573877;153.893;153.913;153.903;0;T;True;3
1621237725000;11573879;153.892;153.912;153.902;1;T;True;3
1621237726000;11573882;153.883;153.903;153.893;2;T;True;3
1621237727000;11573883;153.883;153.903;153.893;0;T;True;3
1621237728000;11573885;153.881;153.901;153.891;1;T;True;3
1621237729000;11573891;153.887;153.907;153.897;5;T;True;3
1621237730000;11573893;153.889;153.909;153.899;1;T;True;3
1621237731000;11573896;153.887;153.907;153.897;2;T;True;3
1621237732000;11573898;153.883;153.903;153.893;1;T;True;3
1621237733000;11573902;153.879;153.899;153.889;3;T;True;3
1621237734000;11573903;153.879;153.899;153.889;0;T;True;3
1621237735000;11573904;153.879;153.899;153.889;0;T;True;3
1621237736000;11573910;153.872;153.892;153.882;5;T;True;3
1621237737000;11573914;153.875;153.895;153.885;3;T;True;3
1621237738000;11573919;153.871;153.891;153.881;4;T;True;3
1621237739000;11573921;153.872;153.892;153.882;1;T;True;3
1621237740000;11573922;153.872;153.892;153.882;0;T;True;3
1621237741000;11573925;153.873;153.893;153.883;2;T;True;3
1621237742000;11573930;153.871;153.891;153.881;4;T;True;3
1621237743000;11573931;153.871;153.891;153.881;0;T;True;3
1621237744000;11573934;153.877;153.897;153.887;2;T;True;3
1621237745000;11573937;153.881;153.901;153.891;2;T;True;3
1621237746000;11573938;153.881;153.901;153.891;0;T;True;3
1621237747000;11573939;153.881;153.901;153.891;0;T;True;3
1621237748000;11573941;153.882;153.902;153.892;1;T;True;3
1621237749000;11573947;153.891;153.911;153.901;5;T;True;3
1621237750000;11573948;153.891;153.911;153.901;0;T;True;3
1621237751000;11573949;153.891;153.911;153.901;0;T;True;3
1621237752000;11573950;153.891;153.911;153.901;0;T;True;3
1621237753000;11573951;153.891;153.911;153.901;0;T;True;3
1621237754000;11573952;153.891;153.911;153.901;0;T;True;3
1621237755000;11573955;153.884;153.904;153.894;2;T;True;3
1621237756000;11573956;153.884;153.904;153.894;0;T;True;3
1621237757000;11573959;153.887;153.907;153.897;2;T;True;3
1621237758000;11573960;153.887;153.907;153.897;0;T;True;3
1621237759000;11573961;153.887;153.907;153.897;0;T;True;3
1621237760000;11573967;153.888;153.908;153.898;5;T;True;3
1621237761000;11573969;153.887;153.907;153.897;1;T;True;3
1621237762000;11573970;153.887;153.907;153.897;0;T;True;3
1621237763000;11573971;153.887;153.907;153.897;0;T;True;3
1621237764000;11573974;153.887;153.907;153.897;2;T;True;3
1621237765000;11573976;153.885;153.905;153.895;1;T;True;3
1621237766000;11573981;153.886;153.906;153.896;4;T;True;3
1621237767000;11573984;153.886;153.906;153.896;2;T;True;3
1621237768000;11573988;153.879;153.899;153.889;3;T;True;3
1621237769000;11573992;153.873;153.893;153.883;3;T;True;3
1621237770000;11573995;153.872;153.892;153.882;2;T;True;3
1621237771000;11573997;153.871;153.891;153.881;1;T;True;3
1621237772000;11574000;153.871;153.891;153.881;2;T;True;3
1621237773000;11574001;153.871;153.891;153.881;0;T;True;3
1621237774000;11574003;153.873;153.893;153.883;1;T;True;3
1621237775000;11574004;153.873;153.893;153.883;0;T;True;3
1621237776000;11574005;153.873;153.893;153.883;0;T;True;3
1621237777000;11574006;153.873;153.893;153.883;0;T;True;3
1621237778000;11574007;153.873;153.893;153.883;0;T;True;3
1621237779000;11574008;153.873;153.893;153.883;0;T;True;3
1621237780000;11574010;153.875;153.895;153.885;1;T;True;3
1621237781000;11574018;153.891;153.911;153.901;7;T;True;3
1621237782000;11574021;153.889;153.909;153.899;2;T;True;3
1621237783000;11574022;153.889;153.909;153.899;0;T;True;3
1621237784000;11574023;153.889;153.909;153.899;0;T;True;3
1621237785000;11574024;153.889;153.909;153.899;0;T;True;3
1621237786000;11574025;153.889;153.909;153.899;0;T;True;3
1621237787000;11574028;153.885;153.905;153.895;2;T;True;3
1621237788000;11574030;153.883;153.903;153.893;1;T;True;3
1621237789000;11574034;153.881;153.901;153.891;3;T;True;3
1621237790000;11574035;153.881;153.901;153.891;0;T;True;3
1621237791000;11574036;153.881;153.901;153.891;0;T;True;3
1621237792000;11574037;153.881;153.901;153.891;0;T;True;3
1621237793000;11574038;153.881;153.901;153.891;0;T;True;3
1621237794000;11574039;153.881;153.901;153.891;0;T;True;3
1621237795000;11574040;153.881;153.901;153.891;0;T;True;3
1621237796000;11574041;153.881;153.901;153.891;0;T;True;3
1621237797000;11574042;153.881;153.901;153.891;0;T;True;3
1621237798000;11574043;153.881;153.901;153.891;0;T;True;3
1621237799000;11574044;153.881;153.901;153.891;0;T;True;3
1621237800000;11574046;153.883;153.903;153.893;1;T;True;3
1621237801000;11574047;153.883;153.903;153.893;0;T;True;3
1621237802000;11574048;153.883;153.903;153.893;0;T;True;3
1621237803000;11574055;153.873;153.893;153.883;6;T;True;3
1621237804000;11574061;153.873;153.893;153.883;5;T;True;3
1621237805000;11574062;153.873;153.893;153.883;0;T;True;3
1621237806000;11574064;153.874;153.894;153.884;1;T;True;3
1621237807000;11574070;153.875;153.895;153.885;5;T;True;3
1621237808000;11574071;153.875;153.895;153.885;0;T;True;3
1621237809000;11574074;153.871;153.891;153.881;2;T;True;3
1621237810000;11574079;153.873;153.893;153.883;4;T;True;3
1621237811000;11574080;153.873;153.893;153.883;0;T;True;3
1621237812000;11574082;153.871;153.891;153.881;1;T;True;3
1621237813000;11574084;153.873;153.893;153.883;1;T;True;3
1621237814000;11574085;153.873;153.893;153.883;0;T;True;3
1621237815000;11574088;153.875;153.895;153.885;2;T;True;3
1621237816000;11574091;153.879;153.899;153.889;2;T;True;3
1621237817000;11574092;153.879;153.899;153.889;0;T;True;3
1621237818000;11574094;153.88;153.9;153.89;1;T;True;3
1621237819000;11574095;153.88;153.9;153.89;0;T;True;3
1621237820000;11574096;153.88;153.9;153.89;0;T;True;3
1621237821000;11574097;153.88;153.9;153.89;0;T;True;3
1621237822000;11574099;153.881;153.901;153.891;1;T;True;3
1621237823000;11574103;153.887;153.907;153.897;3;T;True;3
1621237824000;11574104;153.887;153.907;153.897;0;T;True;3
1621237825000;11574105;153.887;153.907;153.897;0;T;True;3
1621237826000;11574106;153.887;153.907;153.897;0;T;True;3
1621237827000;11574107;153.887;153.907;153.897;0;T;True;3
1621237828000;11574109;153.886;153.906;153.896;1;T;True;3
1621237829000;11574111;153.885;153.905;153.895;1;T;True;3
1621237830000;11574112;153.885;153.905;153.895;0;T;True;3
1621237831000;11574113;153.885;153.905;153.895;0;T;True;3
1621237832000;11574115;153.881;153.901;153.891;1;T;True;3
1621237833000;11574116;153.881;153.901;153.891;0;T;True;3
1621237834000;11574118;153.88;153.9;153.89;1;T;True;3
1621237835000;11574122;153.874;153.894;153.884;3;T;True;3
1621237836000;11574124;153.872;153.892;153.882;1;T;True;3
1621237837000;11574127;153.869;153.889;153.879;2;T;True;3
1621237838000;11574128;153.869;153.889;153.879;0;T;True;3
1621237839000;11574129;153.869;153.889;153.879;0;T;True;3
1621237840000;11574130;153.869;153.889;153.879;0;T;True;3
1621237841000;11574131;153.869;153.889;153.879;0;T;True;3
1621237842000;11574132;153.869;153.889;153.879;0;T;True;3
1621237843000;11574133;153.869;153.889;153.879;0;T;True;3
1621237844000;11574134;153.869;153.889;153.879;0;T;True;3
1621237845000;11574135;153.869;153.889;153.879;0;T;True;3
1621237846000;11574136;153.869;153.889;153.879;0;T;True;3
1621237847000;11574137;153.869;153.889;153.879;0;T;True;3
1621237848000;11574138;153.869;153.889;153.879;0;T;True;3
1621237849000;11574140;153.868;153.888;153.878;1;T;True;3
1621237850000;11574142;153.867;153.887;153.877;1;T;True;3
1621237851000;11574143;153.867;153.887;153.877;0;T;True;3
1621237852000;11574146;153.871;153.891;153.881;2;T;True;3
1621237853000;11574147;153.871;153.891;153.881;0;T;True;3
1621237854000;11574150;153.867;153.887;153.877;2;T;True;3
1621237855000;11574151;153.867;153.887;153.877;0;T;True;3
1621237856000;11574152;153.867;153.887;153.877;0;T;True;3
1621237857000;11574154;153.865;153.885;153.875;1;T;True;3
1621237858000;11574155;153.865;153.885;153.875;0;T;True;3
1621237859000;11574158;153.857;153.877;153.867;2;T;True;3
1621237860000;11574160;153.855;153.875;153.865;1;T;True;3
1621237861000;11574161;153.855;153.875;153.865;0;T;True;3
1621237862000;11574162;153.855;153.875;153.865;0;T;True;3
1621237863000;11574168;153.863;153.883;153.873;5;T;True;3
1621237864000;11574169;153.863;153.883;153.873;0;T;True;3
1621237865000;11574170;153.863;153.883;153.873;0;T;True;3
1621237866000;11574171;153.863;153.883;153.873;0;T;True;3
1621237867000;11574173;153.869;153.889;153.879;1;T;True;3
1621237868000;11574174;153.869;153.889;153.879;0;T;True;3
1621237869000;11574175;153.869;153.889;153.879;0;T;True;3
1621237870000;11574176;153.869;153.889;153.879;0;T;True;3
1621237871000;11574177;153.869;153.889;153.879;0;T;True;3
1621237872000;11574178;153.869;153.889;153.879;0;T;True;3
1621237873000;11574179;153.869;153.889;153.879;0;T;True;3
1621237874000;11574180;153.869;153.889;153.879;0;T;True;3
1621237875000;11574181;153.869;153.889;153.879;0;T;True;3
1621237876000;11574185;153.875;153.895;153.885;3;T;True;3
1621237877000;11574186;153.875;153.895;153.885;0;T;True;3
1621237878000;11574187;153.875;153.895;153.885;0;T;True;3
1621237879000;11574189;153.877;153.897;153.887;1;T;True;3
1621237880000;11574190;153.877;153.897;153.887;0;T;True;3
1621237881000;11574191;153.877;153.897;153.887;0;T;True;3
1621237882000;11574192;153.877;153.897;153.887;0;T;True;3
1621237883000;11574194;153.873;153.893;153.883;1;T;True;3
1621237884000;11574196;153.87;153.89;153.88;1;T;True;3
1621237885000;11574197;153.87;153.89;153.88;0;T;True;3
1621237886000;11574198;153.87;153.89;153.88;0;T;True;3
1621237887000;11574199;153.87;153.89;153.88;0;T;True;3
1621237888000;11574200;153.87;153.89;153.88;0;T;True;3
1621237889000;11574203;153.875;153.895;153.885;2;T;True;3
1621237890000;11574204;153.875;153.895;153.885;0;T;True;3
1621237891000;11574205;153.875;153.895;153.885;0;T;True;3
1621237892000;11574206;153.875;153.895;153.885;0;T;True;3
1621237893000;11574207;153.875;153.895;153.885;0;T;True;3
1621237894000;11574208;153.875;153.895;153.885;0;T;True;3
1621237895000;11574209;153.875;153.895;153.885;0;T;True;3
1621237896000;11574210;153.875;153.895;153.885;0;T;True;3
1621237897000;11574213;153.871;153.891;153.881;2;T;True;3
1621237898000;11574214;153.871;153.891;153.881;0;T;True;3
1621237899000;11574215;153.871;153.891;153.881;0;T;True;3
1621237900000;11574217;153.872;153.892;153.882;1;T;True;3
1621237901000;11574219;153.873;153.893;153.883;1;T;True;3
1621237902000;11574220;153.873;153.893;153.883;0;T;True;3
1621237903000;11574221;153.873;153.893;153.883;0;T;True;3
1621237904000;11574222;153.873;153.893;153.883;0;T;True;3
1621237905000;11574224;153.875;153.895;153.885;1;T;True;3
1621237906000;11574225;153.875;153.895;153.885;0;T;True;3
1621237907000;11574231;153.879;153.899;153.889;5;T;True;3
1621237908000;11574232;153.879;153.899;153.889;0;T;True;3
1621237909000;11574235;153.879;153.899;153.889;2;T;True;3
1621237910000;11574236;153.879;153.899;153.889;0;T;True;3
1621237911000;11574238;153.88;153.9;153.89;1;T;True;3
1621237912000;11574239;153.88;153.9;153.89;0;T;True;3
1621237913000;11574245;153.876;153.896;153.886;5;T;True;3
1621237914000;11574251;153.887;153.907;153.897;5;T;True;3
1621237915000;11574252;153.887;153.907;153.897;0;T;True;3
1621237916000;11574257;153.876;153.896;153.886;4;T;True;3
1621237917000;11574258;153.876;153.896;153.886;0;T;True;3
1621237918000;11574259;153.876;153.896;153.886;0;T;True;3
1621237919000;11574264;153.863;153.883;153.873;4;T;True;3
1621237920000;11574268;153.858;153.878;153.868;3;T;True;3
1621237921000;11574271;153.863;153.883;153.873;2;T;True;3
1621237922000;11574278;153.861;153.881;153.871;6;T;True;3
1621237923000;11574280;153.86;153.88;153.87;1;T;True;3
1621237924000;11574283;153.856;153.876;153.866;2;T;True;3
1621237925000;11574292;153.857;153.877;153.867;8;T;True;3
1621237926000;11574296;153.859;153.879;153.869;3;T;True;3
1621237927000;11574306;153.85;153.87;153.86;9;T;True;3
1621237928000;11574310;153.849;153.869;153.859;3;T;True;3
1621237929000;11574314;153.857;153.877;153.867;3;T;True;3
1621237930000;11574321;153.847;153.867;153.857;6;T;True;3
1621237931000;11574325;153.847;153.867;153.857;3;T;True;3
1621237932000;11574329;153.855;153.875;153.865;3;T;True;3
1621237933000;11574330;153.855;153.875;153.865;0;T;True;3
1621237934000;11574331;153.855;153.875;153.865;0;T;True;3
1621237935000;11574338;153.857;153.877;153.867;6;T;True;3
1621237936000;11574341;153.857;153.877;153.867;2;T;True;3
1621237937000;11574347;153.855;153.875;153.865;5;T;True;3
1621237938000;11574351;153.853;153.873;153.863;3;T;True;3
1621237939000;11574352;153.853;153.873;153.863;0;T;True;3
1621237940000;11574353;153.853;153.873;153.863;0;T;True;3
1621237941000;11574359;153.857;153.877;153.867;5;T;True;3
1621237942000;11574360;153.857;153.877;153.867;0;T;True;3
1621237943000;11574361;153.857;153.877;153.867;0;T;True;3
1621237944000;11574365;153.855;153.875;153.865;3;T;True;3
1621237945000;11574366;153.855;153.875;153.865;0;T;True;3
1621237946000;11574368;153.856;153.876;153.866;1;T;True;3
1621237947000;11574371;153.851;153.871;153.861;2;T;True;3
1621237948000;11574374;153.849;153.869;153.859;2;T;True;3
1621237949000;11574375;153.849;153.869;153.859;0;T;True;3
1621237950000;11574376;153.849;153.869;153.859;0;T;True;3
1621237951000;11574379;153.847;153.867;153.857;2;T;True;3
1621237952000;11574380;153.847;153.867;153.857;0;T;True;3
1621237953000;11574381;153.847;153.867;153.857;0;T;True;3
1621237954000;11574385;153.855;153.875;153.865;3;T;True;3
1621237955000;11574386;153.855;153.875;153.865;0;T;True;3
1621237956000;11574391;153.854;153.874;153.864;4;T;True;3
1621237957000;11574395;153.853;153.873;153.863;3;T;True;3
1621237958000;11574403;153.853;153.873;153.863;7;T;True;3
1621237959000;11574405;153.856;153.876;153.866;1;T;True;3
1621237960000;11574406;153.856;153.876;153.866;0;T;True;3
1621237961000;11574409;153.859;153.879;153.869;2;T;True;3
1621237962000;11574413;153.856;153.876;153.866;3;T;True;3
1621237963000;11574414;153.856;153.876;153.866;0;T;True;3
1621237964000;11574416;153.857;153.877;153.867;1;T;True;3
1621237965000;11574421;153.857;153.877;153.867;4;T;True;3
1621237966000;11574423;153.856;153.876;153.866;1;T;True;3
1621237967000;11574433;153.859;153.879;153.869;9;T;True;3
1621237968000;11574439;153.871;153.891;153.881;5;T;True;3
1621237969000;11574441;153.869;153.889;153.879;1;T;True;3
1621237970000;11574443;153.867;153.887;153.877;1;T;True;3
1621237971000;11574450;153.863;153.883;153.873;6;T;True;3
1621237972000;11574455;153.87;153.89;153.88;4;T;True;3
1621237973000;11574459;153.864;153.884;153.874;3;T;True;3
1621237974000;11574466;153.862;153.882;153.872;6;T;True;3
1621237975000;11574468;153.864;153.884;153.874;1;T;True;3
1621237976000;11574472;153.861;153.881;153.871;3;T;True;3
1621237977000;11574473;153.861;153.881;153.871;0;T;True;3
1621237978000;11574477;153.863;153.883;153.873;3;T;True;3
1621237979000;11574478;153.863;153.883;153.873;0;T;True;3
1621237980000;11574479;153.863;153.883;153.873;0;T;True;3
1621237981000;11574481;153.865;153.885;153.875;1;T;True;3
1621237982000;11574484;153.865;153.885;153.875;2;T;True;3
1621237983000;11574486;153.863;153.883;153.873;1;T;True;3
1621237984000;11574487;153.863;153.883;153.873;0;T;True;3
1621237985000;11574492;153.854;153.874;153.864;4;T;True;3
1621237986000;11574499;153.838;153.858;153.848;6;T;True;3
1621237987000;11574501;153.841;153.861;153.851;1;T;True;3
1621237988000;11574507;153.854;153.874;153.864;5;T;True;3
1621237989000;11574510;153.854;153.874;153.864;2;T;True;3
1621237990000;11574512;153.853;153.873;153.863;1;T;True;3
1621237991000;11574516;153.848;153.868;153.858;3;T;True;3
1621237992000;11574517;153.848;153.868;153.858;0;T;True;3
1621237993000;11574523;153.841;153.861;153.851;5;T;True;3
1621237994000;11574526;153.843;153.863;153.853;2;T;True;3
1621237995000;11574527;153.843;153.863;153.853;0;T;True;3
1621237996000;11574528;153.843;153.863;153.853;0;T;True;3
1621237997000;11574529;153.843;153.863;153.853;0;T;True;3
1621237998000;11574531;153.846;153.866;153.856;1;T;True;3
1621237999000;11574532;153.846;153.866;153.856;0;T;True;3
1621238000000;11574534;153.845;153.865;153.855;1;T;True;3
1621238001000;11574535;153.845;153.865;153.855;0;T;True;3
1621238002000;11574536;153.845;153.865;153.855;0;T;True;3
1621238003000;11574537;153.845;153.865;153.855;0;T;True;3
1621238004000;11574538;153.845;153.865;153.855;0;T;True;3
1621238005000;11574541;153.851;153.871;153.861;2;T;True;3
1621238006000;11574545;153.855;153.875;153.865;3;T;True;3
1621238007000;11574546;153.855;153.875;153.865;0;T;True;3
1621238008000;11574547;153.855;153.875;153.865;0;T;True;3
1621238009000;11574548;153.855;153.875;153.865;0;T;True;3
1621238010000;11574549;153.855;153.875;153.865;0;T;True;3
1621238011000;11574555;153.864;153.884;153.874;5;T;True;3
1621238012000;11574556;153.864;153.884;153.874;0;T;True;3
1621238013000;11574561;153.873;153.893;153.883;4;T;True;3
1621238014000;11574564;153.868;153.888;153.878;2;T;True;3
1621238015000;11574566;153.867;153.887;153.877;1;T;True;3
1621238016000;11574569;153.868;153.888;153.878;2;T;True;3
1621238017000;11574572;153.871;153.891;153.881;2;T;True;3
1621238018000;11574574;153.873;153.893;153.883;1;T;True;3
1621238019000;11574576;153.872;153.892;153.882;1;T;True;3
1621238020000;11574577;153.872;153.892;153.882;0;T;True;3
1621238021000;11574580;153.87;153.89;153.88;2;T;True;3
1621238022000;11574581;153.87;153.89;153.88;0;T;True;3
1621238023000;11574583;153.871;153.891;153.881;1;T;True;3
1621238024000;11574586;153.873;153.893;153.883;2;T;True;3
1621238025000;11574591;153.863;153.883;153.873;4;T;True;3
1621238026000;11574592;153.863;153.883;153.873;0;T;True;3
1621238027000;11574593;153.863;153.883;153.873;0;T;True;3
1621238028000;11574597;153.869;153.889;153.879;3;T;True;3
1621238029000;11574599;153.87;153.89;153.88;1;T;True;3
1621238030000;11574600;153.87;153.89;153.88;0;T;True;3
1621238031000;11574601;153.87;153.89;153.88;0;T;True;3
1621238032000;11574603;153.871;153.891;153.881;1;T;True;3
1621238033000;11574607;153.877;153.897;153.887;3;T;True;3
1621238034000;11574610;153.874;153.894;153.884;2;T;True;3
1621238035000;11574612;153.875;153.895;153.885;1;T;True;3
1621238036000;11574613;153.875;153.895;153.885;0;T;True;3
1621238037000;11574615;153.874;153.894;153.884;1;T;True;3
1621238038000;11574616;153.874;153.894;153.884;0;T;True;3
1621238039000;11574617;153.874;153.894;153.884;0;T;True;3
1621238040000;11574620;153.871;153.891;153.881;2;T;True;3
1621238041000;11574624;153.877;153.897;153.887;3;T;True;3
1621238042000;11574625;153.877;153.897;153.887;0;T;True;3
1621238043000;11574626;153.877;153.897;153.887;0;T;True;3
1621238044000;11574628;153.879;153.899;153.889;1;T;True;3
1621238045000;11574629;153.879;153.899;153.889;0;T;True;3
1621238046000;11574630;153.879;153.899;153.889;0;T;True;3
1621238047000;11574631;153.879;153.899;153.889;0;T;True;3
1621238048000;11574632;153.879;153.899;153.889;0;T;True;3
1621238049000;11574633;153.879;153.899;153.889;0;T;True;3
1621238050000;11574638;153.88;153.9;153.89;4;T;True;3
1621238051000;11574639;153.88;153.9;153.89;0;T;True;3
1621238052000;11574640;153.88;153.9;153.89;0;T;True;3
1621238053000;11574641;153.88;153.9;153.89;0;T;True;3
1621238054000;11574643;153.883;153.903;153.893;1;T;True;3
1621238055000;11574644;153.883;153.903;153.893;0;T;True;3
1621238056000;11574645;153.883;153.903;153.893;0;T;True;3
1621238057000;11574646;153.883;153.903;153.893;0;T;True;3
1621238058000;11574648;153.885;153.905;153.895;1;T;True;3
1621238059000;11574649;153.885;153.905;153.895;0;T;True;3
1621238060000;11574654;153.9;153.92;153.91;4;T;True;3
1621238061000;11574656;153.901;153.921;153.911;1;T;True;3
1621238062000;11574657;153.901;153.921;153.911;0;T;True;3
1621238063000;11574658;153.901;153.921;153.911;0;T;True;3
1621238064000;11574662;153.895;153.915;153.905;3;T;True;3
1621238065000;11574663;153.895;153.915;153.905;0;T;True;3
1621238066000;11574664;153.895;153.915;153.905;0;T;True;3
1621238067000;11574665;153.895;153.915;153.905;0;T;True;3
1621238068000;11574666;153.895;153.915;153.905;0;T;True;3
1621238069000;11574669;153.889;153.909;153.899;2;T;True;3
1621238070000;11574673;153.897;153.917;153.907;3;T;True;3
1621238071000;11574675;153.896;153.916;153.906;1;T;True;3
1621238072000;11574676;153.896;153.916;153.906;0;T;True;3
1621238073000;11574677;153.896;153.916;153.906;0;T;True;3
1621238074000;11574680;153.899;153.919;153.909;2;T;True;3
1621238075000;11574682;153.901;153.921;153.911;1;T;True;3
1621238076000;11574683;153.901;153.921;153.911;0;T;True;3
1621238077000;11574684;153.901;153.921;153.911;0;T;True;3
1621238078000;11574685;153.901;153.921;153.911;0;T;True;3
1621238079000;11574686;153.901;153.921;153.911;0;T;True;3
1621238080000;11574687;153.901;153.921;153.911;0;T;True;3
1621238081000;11574688;153.901;153.921;153.911;0;T;True;3
1621238082000;11574692;153.901;153.921;153.911;3;T;True;3
1621238083000;11574693;153.901;153.921;153.911;0;T;True;3
1621238084000;11574695;153.902;153.922;153.912;1;T;True;3
1621238085000;11574698;153.905;153.925;153.915;2;T;True;3
1621238086000;11574700;153.904;153.924;153.914;1;T;True;3
1621238087000;11574703;153.903;153.923;153.913;2;T;True;3
1621238088000;11574705;153.905;153.925;153.915;1;T;True;3
1621238089000;11574706;153.905;153.925;153.915;0;T;True;3
1621238090000;11574707;153.905;153.925;153.915;0;T;True;3
1621238091000;11574708;153.905;153.925;153.915;0;T;True;3
1621238092000;11574709;153.905;153.925;153.915;0;T;True;3
1621238093000;11574711;153.903;153.923;153.913;1;T;True;3
1621238094000;11574713;153.899;153.919;153.909;1;T;True;3
1621238095000;11574714;153.899;153.919;153.909;0;T;True;3
1621238096000;11574718;153.901;153.921;153.911;3;T;True;3
1621238097000;11574719;153.901;153.921;153.911;0;T;True;3
1621238098000;11574721;153.898;153.918;153.908;1;T;True;3
1621238099000;11574724;153.907;153.927;153.917;2;T;True;3
1621238100000;11574725;153.907;153.927;153.917;0;T;True;3
1621238101000;11574726;153.907;153.927;153.917;0;T;True;3
1621238102000;11574727;153.907;153.927;153.917;0;T;True;3
1621238103000;11574728;153.907;153.927;153.917;0;T;True;3
1621238104000;11574729;153.907;153.927;153.917;0;T;True;3
1621238105000;11574730;153.907;153.927;153.917;0;T;True;3
1621238106000;11574732;153.909;153.929;153.919;1;T;True;3
1621238107000;11574733;153.909;153.929;153.919;0;T;True;3
1621238108000;11574735;153.907;153.927;153.917;1;T;True;3
1621238109000;11574736;153.907;153.927;153.917;0;T;True;3
1621238110000;11574737;153.907;153.927;153.917;0;T;True;3
1621238111000;11574738;153.907;153.927;153.917;0;T;True;3
1621238112000;11574739;153.907;153.927;153.917;0;T;True;3
1621238113000;11574740;153.907;153.927;153.917;0;T;True;3
1621238114000;11574744;153.906;153.926;153.916;3;T;True;3
1621238115000;11574745;153.906;153.926;153.916;0;T;True;3
1621238116000;11574746;153.906;153.926;153.916;0;T;True;3
1621238117000;11574747;153.906;153.926;153.916;0;T;True;3
1621238118000;11574749;153.907;153.927;153.917;1;T;True;3
1621238119000;11574750;153.907;153.927;153.917;0;T;True;3
1621238120000;11574751;153.907;153.927;153.917;0;T;True;3
1621238121000;11574752;153.907;153.927;153.917;0;T;True;3
1621238122000;11574753;153.907;153.927;153.917;0;T;True;3
1621238123000;11574755;153.901;153.921;153.911;1;T;True;3
1621238124000;11574759;153.905;153.925;153.915;3;T;True;3
1621238125000;11574761;153.903;153.923;153.913;1;T;True;3
1621238126000;11574765;153.905;153.925;153.915;3;T;True;3
1621238127000;11574767;153.904;153.924;153.914;1;T;True;3
1621238128000;11574770;153.897;153.917;153.907;2;T;True;3
1621238129000;11574772;153.901;153.921;153.911;1;T;True;3
1621238130000;11574773;153.901;153.921;153.911;0;T;True;3
1621238131000;11574774;153.901;153.921;153.911;0;T;True;3
1621238132000;11574775;153.901;153.921;153.911;0;T;True;3
1621238133000;11574776;153.901;153.921;153.911;0;T;True;3
1621238134000;11574778;153.899;153.919;153.909;1;T;True;3
1621238135000;11574783;153.903;153.923;153.913;4;T;True;3
1621238136000;11574784;153.903;153.923;153.913;0;T;True;3
1621238137000;11574785;153.903;153.923;153.913;0;T;True;3
1621238138000;11574786;153.903;153.923;153.913;0;T;True;3
1621238139000;11574787;153.903;153.923;153.913;0;T;True;3
1621238140000;11574788;153.903;153.923;153.913;0;T;True;3
1621238141000;11574789;153.903;153.923;153.913;0;T;True;3
1621238142000;11574790;153.903;153.923;153.913;0;T;True;3
1621238143000;11574791;153.903;153.923;153.913;0;T;True;3
1621238144000;11574792;153.903;153.923;153.913;0;T;True;3
1621238145000;11574793;153.903;153.923;153.913;0;T;True;3
1621238146000;11574794;153.903;153.923;153.913;0;T;True;3
1621238147000;11574795;153.903;153.923;153.913;0;T;True;3
1621238148000;11574796;153.903;153.923;153.913;0;T;True;3
1621238149000;11574797;153.903;153.923;153.913;0;T;True;3
1621238150000;11574799;153.898;153.918;153.908;1;T;True;3
1621238151000;11574801;153.899;153.919;153.909;1;T;True;3
1621238152000;11574802;153.899;153.919;153.909;0;T;True;3
1621238153000;11574803;153.899;153.919;153.909;0;T;True;3
1621238154000;11574805;153.901;153.921;153.911;1;T;True;3
1621238155000;11574808;153.897;153.917;153.907;2;T;True;3
1621238156000;11574809;153.897;153.917;153.907;0;T;True;3
1621238157000;11574810;153.897;153.917;153.907;0;T;True;3
1621238158000;11574813;153.893;153.913;153.903;2;T;True;3
1621238159000;11574814;153.893;153.913;153.903;0;T;True;3
1621238160000;11574818;153.892;153.912;153.902;3;T;True;3
1621238161000;11574820;153.891;153.911;153.901;1;T;True;3
1621238162000;11574821;153.891;153.911;153.901;0;T;True;3
1621238163000;11574822;153.891;153.911;153.901;0;T;True;3
1621238164000;11574825;153.893;153.913;153.903;2;T;True;3
1621238165000;11574827;153.894;153.914;153.904;1;T;True;3
1621238166000;11574828;153.894;153.914;153.904;0;T;True;3
1621238167000;11574830;153.893;153.913;153.903;1;T;True;3
1621238168000;11574833;153.89;153.91;153.9;2;T;True;3
1621238169000;11574834;153.89;153.91;153.9;0;T;True;3
1621238170000;11574836;153.891;153.911;153.901;1;T;True;3
1621238171000;11574837;153.891;153.911;153.901;0;T;True;3
1621238172000;11574838;153.891;153.911;153.901;0;T;True;3
1621238173000;11574841;153.895;153.915;153.905;2;T;True;3
1621238174000;11574842;153.895;153.915;153.905;0;T;True;3
1621238175000;11574843;153.895;153.915;153.905;0;T;True;3
1621238176000;11574849;153.902;153.922;153.912;5;T;True;3
1621238177000;11574850;153.902;153.922;153.912;0;T;True;3
1621238178000;11574851;153.902;153.922;153.912;0;T;True;3
1621238179000;11574852;153.902;153.922;153.912;0;T;True;3
1621238180000;11574853;153.902;153.922;153.912;0;T;True;3
1621238181000;11574854;153.902;153.922;153.912;0;T;True;3
1621238182000;11574855;153.902;153.922;153.912;0;T;True;3
1621238183000;11574856;153.902;153.922;153.912;0;T;True;3
1621238184000;11574857;153.902;153.922;153.912;0;T;True;3
1621238185000;11574859;153.903;153.923;153.913;1;T;True;3
1621238186000;11574860;153.903;153.923;153.913;0;T;True;3
1621238187000;11574861;153.903;153.923;153.913;0;T;True;3
1621238188000;11574863;153.901;153.921;153.911;1;T;True;3
1621238189000;11574866;153.896;153.916;153.906;2;T;True;3
