ts;n;bid;ask;value;volume;phase;round;active_id
1621247262000;11590275;153.937;153.957;153.947;0;T;True;3
1621247263000;11590276;153.937;153.957;153.947;0;T;True;3
1621247264000;11590277;153.937;153.957;153.947;0;T;True;3
1621247265000;11590278;153.937;153.957;153.947;0;T;True;3
1621247266000;11590281;153.947;153.967;153.957;2;T;True;3
1621247267000;11590287;153.941;153.961;153.951;5;T;True;3
1621247268000;11590288;153.941;153.961;153.951;0;T;True;3
1621247269000;11590289;153.941;153.961;153.951;0;T;True;3
1621247270000;11590291;153.938;153.958;153.948;1;T;True;3
1621247271000;11590294;153.941;153.961;153.951;2;T;True;3
1621247272000;11590296;153.942;153.962;153.952;1;T;True;3
1621247273000;11590297;153.942;153.962;153.952;0;T;True;3
1621247274000;11590298;153.942;153.962;153.952;0;T;True;3
1621247275000;11590301;153.94;153.96;153.95;2;T;True;3
1621247276000;11590304;153.938;153.958;153.948;2;T;True;3
1621247277000;11590307;153.933;153.953;153.943;2;T;True;3
1621247278000;11590310;153.931;153.951;153.941;2;T;True;3
1621247279000;11590311;153.931;153.951;153.941;0;T;True;3
1621247280000;11590313;153.93;153.95;153.94;1;T;True;3
1621247281000;11590314;153.93;153.95;153.94;0;T;True;3
1621247282000;11590315;153.93;153.95;153.94;0;T;True;3
1621247283000;11590317;153.929;153.949;153.939;1;T;True;3
1621247284000;11590322;153.921;153.941;153.931;4;T;True;3
1621247285000;11590323;153.921;153.941;153.931;0;T;True;3
1621247286000;11590325;153.92;153.94;153.93;1;T;True;3
1621247287000;11590328;153.919;153.939;153.929;2;T;True;3
1621247288000;11590329;153.919;153.939;153.929;0;T;True;3
1621247289000;11590332;153.918;153.938;153.928;2;T;True;3
1621247290000;11590334;153.917;153.937;153.927;1;T;True;3
1621247291000;11590335;153.917;153.937;153.927;0;T;True;3
1621247292000;11590336;153.917;153.937;153.927;0;T;True;3
1621247293000;11590339;153.915;153.935;153.925;2;T;True;3
1621247294000;11590342;153.917;153.937;153.927;2;T;True;3
1621247295000;11590345;153.921;153.941;153.931;2;T;True;3
1621247296000;11590346;153.921;153.941;153.931;0;T;True;3
1621247297000;11590348;153.923;153.943;153.933;1;T;True;3
1621247298000;11590349;153.923;153.943;153.933;0;T;True;3
1621247299000;11590350;153.923;153.943;153.933;0;T;True;3
1621247300000;11590354;153.925;153.945;153.935;3;T;True;3
1621247301000;11590356;153.926;153.946;153.936;1;T;True;3
1621247302000;11590357;153.926;153.946;153.936;0;T;True;3
1621247303000;11590358;153.926;153.946;153.936;0;T;True;3
1621247304000;11590359;153.926;153.946;153.936;0;T;True;3
1621247305000;11590363;153.929;153.949;153.939;3;T;True;3
1621247306000;11590367;153.931;153.951;153.941;3;T;True;3
1621247307000;11590371;153.929;153.949;153.939;3;T;True;3
1621247308000;11590372;153.929;153.949;153.939;0;T;True;3
1621247309000;11590374;153.93;153.95;153.94;1;T;True;3
1621247310000;11590375;153.93;153.95;153.94;0;T;True;3
1621247311000;11590376;153.93;153.95;153.94;0;T;True;3
1621247312000;11590378;153.931;153.951;153.941;1;T;True;3
1621247313000;11590379;153.931;153.951;153.941;0;T;True;3
1621247314000;11590381;153.939;153.959;153.949;1;T;True;3
1621247315000;11590383;153.937;153.957;153.947;1;T;True;3
1621247316000;11590386;153.927;153.947;153.937;2;T;True;3
1621247317000;11590388;153.925;153.945;153.935;1;T;True;3
1621247318000;11590390;153.923;153.943;153.933;1;T;True;3
1621247319000;11590395;153.925;153.945;153.935;4;T;True;3
1621247320000;11590396;153.925;153.945;153.935;0;T;True;3
1621247321000;11590397;153.925;153.945;153.935;0;T;True;3
1621247322000;11590398;153.925;153.945;153.935;0;T;True;3
1621247323000;11590399;153.925;153.945;153.935;0;T;True;3
1621247324000;11590401;153.924;153.944;153.934;1;T;True;3
1621247325000;11590406;153.92;153.94;153.93;4;T;True;3
1621247326000;11590407;153.92;153.94;153.93;0;T;True;3
1621247327000;11590408;153.92;153.94;153.93;0;T;True;3
1621247328000;11590409;153.92;153.94;153.93;0;T;True;3
1621247329000;11590410;153.92;153.94;153.93;0;T;True;3
1621247330000;11590411;153.92;153.94;153.93;0;T;True;3
1621247331000;11590412;153.92;153.94;153.93;0;T;True;3
1621247332000;11590414;153.921;153.941;153.931;1;T;True;3
1621247333000;11590415;153.921;153.941;153.931;0;T;True;3
1621247334000;11590416;153.921;153.941;153.931;0;T;True;3
1621247335000;11590417;153.921;153.941;153.931;0;T;True;3
1621247336000;11590418;153.921;153.941;153.931;0;T;True;3
1621247337000;11590420;153.922;153.942;153.932;1;T;True;3
1621247338000;11590421;153.922;153.942;153.932;0;T;True;3
1621247339000;11590423;153.923;153.943;153.933;1;T;True;3
1621247340000;11590424;153.923;153.943;153.933;0;T;True;3
1621247341000;11590425;153.923;153.943;153.933;0;T;True;3
1621247342000;11590426;153.923;153.943;153.933;0;T;True;3
1621247343000;11590428;153.922;153.942;153.932;1;T;True;3
1621247344000;11590433;153.93;153.95;153.94;4;T;True;3
1621247345000;11590434;153.93;153.95;153.94;0;T;True;3
1621247346000;11590435;153.93;153.95;153.94;0;T;True;3
1621247347000;11590437;153.931;153.951;153.941;1;T;True;3
1621247348000;11590438;153.931;153.951;153.941;0;T;True;3
1621247349000;11590439;153.931;153.951;153.941;0;T;True;3
1621247350000;11590440;153.931;153.951;153.941;0;T;True;3
1621247351000;11590442;153.929;153.949;153.939;1;T;True;3
1621247352000;11590443;153.929;153.949;153.939;0;T;True;3
1621247353000;11590444;153.929;153.949;153.939;0;T;True;3
1621247354000;11590446;153.928;153.948;153.938;1;T;True;3
1621247355000;11590448;153.927;153.947;153.937;1;T;True;3
1621247356000;11590450;153.921;153.941;153.931;1;T;True;3
1621247357000;11590454;153.922;153.942;153.932;3;T;True;3
1621247358000;11590455;153.922;153.942;153.932;0;T;True;3
1621247359000;11590458;153.925;153.945;153.935;2;T;True;3
1621247360000;11590460;153.926;153.946;153.936;1;T;True;3
1621247361000;11590462;153.925;153.945;153.935;1;T;True;3
1621247362000;11590464;153.927;153.947;153.937;1;T;True;3
1621247363000;11590465;153.927;153.947;153.937;0;T;True;3
1621247364000;11590467;153.925;153.945;153.935;1;T;True;3
1621247365000;11590468;153.925;153.945;153.935;0;T;True;3
1621247366000;11590470;153.927;153.947;153.937;1;T;True;3
1621247367000;11590471;153.927;153.947;153.937;0;T;True;3
1621247368000;11590472;153.927;153.947;153.937;0;T;True;3
1621247369000;11590473;153.927;153.947;153.937;0;T;True;3
1621247370000;11590474;153.927;153.947;153.937;0;T;True;3
1621247371000;11590475;153.927;153.947;153.937;0;T;True;3
1621247372000;11590476;153.927;153.947;153.937;0;T;True;3
1621247373000;11590478;153.928;153.948;153.938;1;T;True;3
1621247374000;11590479;153.928;153.948;153.938;0;T;True;3
1621247375000;11590480;153.928;153.948;153.938;0;T;True;3
1621247376000;11590481;153.928;153.948;153.938;0;T;True;3
1621247377000;11590483;153.929;153.949;153.939;1;T;True;3
1621247378000;11590484;153.929;153.949;153.939;0;T;True;3
1621247379000;11590485;153.929;153.949;153.939;0;T;True;3
1621247380000;11590486;153.929;153.949;153.939;0;T;True;3
1621247381000;11590487;153.929;153.949;153.939;0;T;True;3
1621247382000;11590488;153.929;153.949;153.939;0;T;True;3
1621247383000;11590489;153.929;153.949;153.939;0;T;True;3
1621247384000;11590490;153.929;153.949;153.939;0;T;True;3
1621247385000;11590491;153.929;153.949;153.939;0;T;True;3
1621247386000;11590492;153.929;153.949;153.939;0;T;True;3
1621247387000;11590493;153.929;153.949;153.939;0;T;True;3
1621247388000;11590494;153.929;153.949;153.939;0;T;True;3
1621247389000;11590495;153.929;153.949;153.939;0;T;True;3
1621247390000;11590496;153.929;153.949;153.939;0;T;True;3
1621247391000;11590497;153.929;153.949;153.939;0;T;True;3
1621247392000;11590499;153.931;153.951;153.941;1;T;True;3
1621247393000;11590500;153.931;153.951;153.941;0;T;True;3
1621247394000;11590501;153.931;153.951;153.941;0;T;True;3
1621247395000;11590503;153.932;153.952;153.942;1;T;True;3
1621247396000;11590504;153.932;153.952;153.942;0;T;True;3
1621247397000;11590506;153.931;153.951;153.941;1;T;True;3
1621247398000;11590508;153.932;153.952;153.942;1;T;True;3
1621247399000;11590509;153.932;153.952;153.942;0;T;True;3
1621247400000;11590511;153.931;153.951;153.941;1;T;True;3
1621247401000;11590512;153.931;153.951;153.941;0;T;True;3
1621247402000;11590515;153.94;153.96;153.95;2;T;True;3
1621247403000;11590517;153.939;153.959;153.949;1;T;True;3
1621247404000;11590519;153.938;153.958;153.948;1;T;True;3
1621247405000;11590521;153.939;153.959;153.949;1;T;True;3
1621247406000;11590522;153.939;153.959;153.949;0;T;True;3
1621247407000;11590523;153.939;153.959;153.949;0;T;True;3
1621247408000;11590525;153.941;153.961;153.951;1;T;True;3
1621247409000;11590527;153.943;153.963;153.953;1;T;True;3
1621247410000;11590528;153.943;153.963;153.953;0;T;True;3
1621247411000;11590529;153.943;153.963;153.953;0;T;True;3
1621247412000;11590530;153.943;153.963;153.953;0;T;True;3
1621247413000;11590531;153.943;153.963;153.953;0;T;True;3
1621247414000;11590532;153.943;153.963;153.953;0;T;True;3
1621247415000;11590533;153.943;153.963;153.953;0;T;True;3
1621247416000;11590535;153.941;153.961;153.951;1;T;True;3
1621247417000;11590536;153.941;153.961;153.951;0;T;True;3
1621247418000;11590537;153.941;153.961;153.951;0;T;True;3
1621247419000;11590538;153.941;153.961;153.951;0;T;True;3
1621247420000;11590539;153.941;153.961;153.951;0;T;True;3
1621247421000;11590540;153.941;153.961;153.951;0;T;True;3
1621247422000;11590541;153.941;153.961;153.951;0;T;True;3
1621247423000;11590543;153.939;153.959;153.949;1;T;True;3
1621247424000;11590544;153.939;153.959;153.949;0;T;True;3
1621247425000;11590545;153.939;153.959;153.949;0;T;True;3
1621247426000;11590546;153.939;153.959;153.949;0;T;True;3
1621247427000;11590548;153.937;153.957;153.947;1;T;True;3
1621247428000;11590549;153.937;153.957;153.947;0;T;True;3
1621247429000;11590550;153.937;153.957;153.947;0;T;True;3
1621247430000;11590552;153.935;153.955;153.945;1;T;True;3
1621247431000;11590553;153.935;153.955;153.945;0;T;True;3
1621247432000;11590554;153.935;153.955;153.945;0;T;True;3
1621247433000;11590555;153.935;153.955;153.945;0;T;True;3
1621247434000;11590556;153.935;153.955;153.945;0;T;True;3
1621247435000;11590557;153.935;153.955;153.945;0;T;True;3
1621247436000;11590558;153.935;153.955;153.945;0;T;True;3
1621247437000;11590559;153.935;153.955;153.945;0;T;True;3
1621247438000;11590560;153.935;153.955;153.945;0;T;True;3
1621247439000;11590564;153.929;153.949;153.939;3;T;True;3
1621247440000;11590565;153.929;153.949;153.939;0;T;True;3
1621247441000;11590566;153.929;153.949;153.939;0;T;True;3
1621247442000;11590567;153.929;153.949;153.939;0;T;True;3
1621247443000;11590568;153.929;153.949;153.939;0;T;True;3
1621247444000;11590570;153.933;153.953;153.943;1;T;True;3
1621247445000;11590571;153.933;153.953;153.943;0;T;True;3
1621247446000;11590572;153.933;153.953;153.943;0;T;True;3
1621247447000;11590573;153.933;153.953;153.943;0;T;True;3
1621247448000;11590575;153.935;153.955;153.945;1;T;True;3
1621247449000;11590577;153.933;153.953;153.943;1;T;True;3
1621247450000;11590578;153.933;153.953;153.943;0;T;True;3
1621247451000;11590582;153.929;153.949;153.939;3;T;True;3
1621247452000;11590586;153.932;153.952;153.942;3;T;True;3
1621247453000;11590590;153.93;153.95;153.94;3;T;True;3
1621247454000;11590591;153.93;153.95;153.94;0;T;True;3
1621247455000;11590593;153.929;153.949;153.939;1;T;True;3
1621247456000;11590594;153.929;153.949;153.939;0;T;True;3
1621247457000;11590597;153.933;153.953;153.943;2;T;True;3
1621247458000;11590598;153.933;153.953;153.943;0;T;True;3
1621247459000;11590599;153.933;153.953;153.943;0;T;True;3
1621247460000;11590600;153.933;153.953;153.943;0;T;True;3
1621247461000;11590601;153.933;153.953;153.943;0;T;True;3
1621247462000;11590602;153.933;153.953;153.943;0;T;True;3
1621247463000;11590607;153.931;153.951;153.941;4;T;True;3
1621247464000;11590608;153.931;153.951;153.941;0;T;True;3
1621247465000;11590609;153.931;153.951;153.941;0;T;True;3
1621247466000;11590611;153.933;153.953;153.943;1;T;True;3
1621247467000;11590612;153.933;153.953;153.943;0;T;True;3
1621247468000;11590614;153.935;153.955;153.945;1;T;True;3
1621247469000;11590615;153.935;153.955;153.945;0;T;True;3
1621247470000;11590616;153.935;153.955;153.945;0;T;True;3
1621247471000;11590617;153.935;153.955;153.945;0;T;True;3
1621247472000;11590618;153.935;153.955;153.945;0;T;True;3
1621247473000;11590619;153.935;153.955;153.945;0;T;True;3
1621247474000;11590620;153.935;153.955;153.945;0;T;True;3
1621247475000;11590621;153.935;153.955;153.945;0;T;True;3
1621247476000;11590622;153.935;153.955;153.945;0;T;True;3
1621247477000;11590626;153.936;153.956;153.946;3;T;True;3
1621247478000;11590628;153.937;153.957;153.947;1;T;True;3
1621247479000;11590631;153.941;153.961;153.951;2;T;True;3
1621247480000;11590632;153.941;153.961;153.951;0;T;True;3
1621247481000;11590633;153.941;153.961;153.951;0;T;True;3
1621247482000;11590634;153.941;153.961;153.951;0;T;True;3
1621247483000;11590636;153.939;153.959;153.949;1;T;True;3
1621247484000;11590637;153.939;153.959;153.949;0;T;True;3
1621247485000;11590638;153.939;153.959;153.949;0;T;True;3
1621247486000;11590639;153.939;153.959;153.949;0;T;True;3
1621247487000;11590640;153.939;153.959;153.949;0;T;True;3
1621247488000;11590641;153.939;153.959;153.949;0;T;True;3
1621247489000;11590642;153.939;153.959;153.949;0;T;True;3
1621247490000;11590643;153.939;153.959;153.949;0;T;True;3
1621247491000;11590646;153.941;153.961;153.951;2;T;True;3
1621247492000;11590647;153.941;153.961;153.951;0;T;True;3
1621247493000;11590649;153.94;153.96;153.95;1;T;True;3
1621247494000;11590650;153.94;153.96;153.95;0;T;True;3
1621247495000;11590651;153.94;153.96;153.95;0;T;True;3
1621247496000;11590653;153.941;153.961;153.951;1;T;True;3
1621247497000;11590656;153.945;153.965;153.955;2;T;True;3
1621247498000;11590658;153.947;153.967;153.957;1;T;True;3
1621247499000;11590659;153.947;153.967;153.957;0;T;True;3
1621247500000;11590660;153.947;153.967;153.957;0;T;True;3
1621247501000;11590661;153.947;153.967;153.957;0;T;True;3
1621247502000;11590662;153.947;153.967;153.957;0;T;True;3
1621247503000;11590663;153.947;153.967;153.957;0;T;True;3
1621247504000;11590666;153.947;153.967;153.957;2;T;True;3
1621247505000;11590667;153.947;153.967;153.957;0;T;True;3
1621247506000;11590669;153.946;153.966;153.956;1;T;True;3
1621247507000;11590670;153.946;153.966;153.956;0;T;True;3
1621247508000;11590673;153.943;153.963;153.953;2;T;True;3
1621247509000;11590674;153.943;153.963;153.953;0;T;True;3
1621247510000;11590675;153.943;153.963;153.953;0;T;True;3
1621247511000;11590676;153.943;153.963;153.953;0;T;True;3
1621247512000;11590677;153.943;153.963;153.953;0;T;True;3
1621247513000;11590678;153.943;153.963;153.953;0;T;True;3
1621247514000;11590679;153.943;153.963;153.953;0;T;True;3
1621247515000;11590680;153.943;153.963;153.953;0;T;True;3
1621247516000;11590681;153.943;153.963;153.953;0;T;True;3
1621247517000;11590684;153.943;153.963;153.953;2;T;True;3
1621247518000;11590685;153.943;153.963;153.953;0;T;True;3
1621247519000;11590686;153.943;153.963;153.953;0;T;True;3
1621247520000;11590688;153.944;153.964;153.954;1;T;True;3
1621247521000;11590689;153.944;153.964;153.954;0;T;True;3
1621247522000;11590690;153.944;153.964;153.954;0;T;True;3
1621247523000;11590691;153.944;153.964;153.954;0;T;True;3
1621247524000;11590693;153.943;153.963;153.953;1;T;True;3
1621247525000;11590694;153.943;153.963;153.953;0;T;True;3
1621247526000;11590695;153.943;153.963;153.953;0;T;True;3
1621247527000;11590696;153.943;153.963;153.953;0;T;True;3
1621247528000;11590697;153.943;153.963;153.953;0;T;True;3
1621247529000;11590698;153.943;153.963;153.953;0;T;True;3
1621247530000;11590699;153.943;153.963;153.953;0;T;True;3
1621247531000;11590700;153.943;153.963;153.953;0;T;True;3
1621247532000;11590701;153.943;153.963;153.953;0;T;True;3
1621247533000;11590702;153.943;153.963;153.953;0;T;True;3
1621247534000;11590703;153.943;153.963;153.953;0;T;True;3
1621247535000;11590706;153.939;153.959;153.949;2;T;True;3
1621247536000;11590707;153.939;153.959;153.949;0;T;True;3
1621247537000;11590709;153.937;153.957;153.947;1;T;True;3
1621247538000;11590710;153.937;153.957;153.947;0;T;True;3
1621247539000;11590711;153.937;153.957;153.947;0;T;True;3
1621247540000;11590712;153.937;153.957;153.947;0;T;True;3
1621247541000;11590713;153.937;153.957;153.947;0;T;True;3
1621247542000;11590714;153.937;153.957;153.947;0;T;True;3
1621247543000;11590715;153.937;153.957;153.947;0;T;True;3
1621247544000;11590717;153.935;153.955;153.945;1;T;True;3
1621247545000;11590718;153.935;153.955;153.945;0;T;True;3
1621247546000;11590719;153.935;153.955;153.945;0;T;True;3
1621247547000;11590720;153.935;153.955;153.945;0;T;True;3
1621247548000;11590721;153.935;153.955;153.945;0;T;True;3
1621247549000;11590725;153.946;153.966;153.956;3;T;True;3
1621247550000;11590727;153.947;153.967;153.957;1;T;True;3
1621247551000;11590730;153.945;153.965;153.955;2;T;True;3
1621247552000;11590731;153.945;153.965;153.955;0;T;True;3
1621247553000;11590735;153.948;153.968;153.958;3;T;True;3
1621247554000;11590739;153.945;153.965;153.955;3;T;True;3
1621247555000;11590742;153.946;153.966;153.956;2;T;True;3
1621247556000;11590743;153.946;153.966;153.956;0;T;True;3
1621247557000;11590745;153.945;153.965;153.955;1;T;True;3
1621247558000;11590746;153.945;153.965;153.955;0;T;True;3
1621247559000;11590748;153.943;153.963;153.953;1;T;True;3
1621247560000;11590751;153.943;153.963;153.953;2;T;True;3
1621247561000;11590752;153.943;153.963;153.953;0;T;True;3
1621247562000;11590753;153.943;153.963;153.953;0;T;True;3
1621247563000;11590754;153.943;153.963;153.953;0;T;True;3
1621247564000;11590756;153.941;153.961;153.951;1;T;True;3
1621247565000;11590757;153.941;153.961;153.951;0;T;True;3
1621247566000;11590760;153.944;153.964;153.954;2;T;True;3
1621247567000;11590762;153.945;153.965;153.955;1;T;True;3
1621247568000;11590766;153.953;153.973;153.963;3;T;True;3
1621247569000;11590770;153.95;153.97;153.96;3;T;True;3
1621247570000;11590774;153.957;153.977;153.967;3;T;True;3
1621247571000;11590776;153.953;153.973;153.963;1;T;True;3
1621247572000;11590777;153.953;153.973;153.963;0;T;True;3
1621247573000;11590778;153.953;153.973;153.963;0;T;True;3
1621247574000;11590779;153.953;153.973;153.963;0;T;True;3
1621247575000;11590780;153.953;153.973;153.963;0;T;True;3
1621247576000;11590781;153.953;153.973;153.963;0;T;True;3
1621247577000;11590783;153.951;153.971;153.961;1;T;True;3
1621247578000;11590784;153.951;153.971;153.961;0;T;True;3
1621247579000;11590785;153.951;153.971;153.961;0;T;True;3
1621247580000;11590786;153.951;153.971;153.961;0;T;True;3
1621247581000;11590787;153.951;153.971;153.961;0;T;True;3
1621247582000;11590788;153.951;153.971;153.961;0;T;True;3
1621247583000;11590789;153.951;153.971;153.961;0;T;True;3
1621247584000;11590790;153.951;153.971;153.961;0;T;True;3
1621247585000;11590791;153.951;153.971;153.961;0;T;True;3
1621247586000;11590792;153.951;153.971;153.961;0;T;True;3
1621247587000;11590794;153.957;153.977;153.967;1;T;True;3
1621247588000;11590795;153.957;153.977;153.967;0;T;True;3
1621247589000;11590796;153.957;153.977;153.967;0;T;True;3
1621247590000;11590799;153.953;153.973;153.963;2;T;True;3
1621247591000;11590800;153.953;153.973;153.963;0;T;True;3
1621247592000;11590801;153.953;153.973;153.963;0;T;True;3
1621247593000;11590802;153.953;153.973;153.963;0;T;True;3
1621247594000;11590803;153.953;153.973;153.963;0;T;True;3
1621247595000;11590806;153.961;153.981;153.971;2;T;True;3
1621247596000;11590808;153.963;153.983;153.973;1;T;True;3
1621247597000;11590810;153.961;153.981;153.971;1;T;True;3
1621247598000;11590811;153.961;153.981;153.971;0;T;True;3
1621247599000;11590812;153.961;153.981;153.971;0;T;True;3
1621247600000;11590813;153.961;153.981;153.971;0;T;True;3
1621247601000;11590814;153.961;153.981;153.971;0;T;True;3
1621247602000;11590815;153.961;153.981;153.971;0;T;True;3
1621247603000;11590816;153.961;153.981;153.971;0;T;True;3
1621247604000;11590817;153.961;153.981;153.971;0;T;True;3
1621247605000;11590818;153.961;153.981;153.971;0;T;True;3
1621247606000;11590820;153.957;153.977;153.967;1;T;True;3
1621247607000;11590821;153.957;153.977;153.967;0;T;True;3
1621247608000;11590823;153.959;153.979;153.969;1;T;True;3
1621247609000;11590826;153.963;153.983;153.973;2;T;True;3
1621247610000;11590827;153.963;153.983;153.973;0;T;True;3
1621247611000;11590828;153.963;153.983;153.973;0;T;True;3
1621247612000;11590829;153.963;153.983;153.973;0;T;True;3
1621247613000;11590831;153.962;153.982;153.972;1;T;True;3
1621247614000;11590832;153.962;153.982;153.972;0;T;True;3
1621247615000;11590833;153.962;153.982;153.972;0;T;True;3
1621247616000;11590834;153.962;153.982;153.972;0;T;True;3
1621247617000;11590835;153.962;153.982;153.972;0;T;True;3
1621247618000;11590836;153.962;153.982;153.972;0;T;True;3
1621247619000;11590837;153.962;153.982;153.972;0;T;True;3
1621247620000;11590838;153.962;153.982;153.972;0;T;True;3
1621247621000;11590839;153.962;153.982;153.972;0;T;True;3
1621247622000;11590840;153.962;153.982;153.972;0;T;True;3
1621247623000;11590841;153.962;153.982;153.972;0;T;True;3
1621247624000;11590842;153.962;153.982;153.972;0;T;True;3
1621247625000;11590843;153.962;153.982;153.972;0;T;True;3
1621247626000;11590844;153.962;153.982;153.972;0;T;True;3
1621247627000;11590845;153.962;153.982;153.972;0;T;True;3
1621247628000;11590846;153.962;153.982;153.972;0;T;True;3
1621247629000;11590848;153.959;153.979;153.969;1;T;True;3
1621247630000;11590852;153.965;153.985;153.975;3;T;True;3
1621247631000;11590853;153.965;153.985;153.975;0;T;True;3
1621247632000;11590857;153.977;153.997;153.987;3;T;True;3
1621247633000;11590858;153.977;153.997;153.987;0;T;True;3
1621247634000;11590862;153.973;153.993;153.983;3;T;True;3
1621247635000;11590863;153.973;153.993;153.983;0;T;True;3
1621247636000;11590864;153.973;153.993;153.983;0;T;True;3
1621247637000;11590866;153.974;153.994;153.984;1;T;True;3
1621247638000;11590867;153.974;153.994;153.984;0;T;True;3
1621247639000;11590868;153.974;153.994;153.984;0;T;True;3
1621247640000;11590869;153.974;153.994;153.984;0;T;True;3
1621247641000;11590871;153.973;153.993;153.983;1;T;True;3
1621247642000;11590872;153.973;153.993;153.983;0;T;True;3
1621247643000;11590873;153.973;153.993;153.983;0;T;True;3
1621247644000;11590875;153.975;153.995;153.985;1;T;True;3
1621247645000;11590877;153.973;153.993;153.983;1;T;True;3
1621247646000;11590878;153.973;153.993;153.983;0;T;True;3
1621247647000;11590879;153.973;153.993;153.983;0;T;True;3
1621247648000;11590880;153.973;153.993;153.983;0;T;True;3
1621247649000;11590881;153.973;153.993;153.983;0;T;True;3
1621247650000;11590882;153.973;153.993;153.983;0;T;True;3
1621247651000;11590883;153.973;153.993;153.983;0;T;True;3
1621247652000;11590884;153.973;153.993;153.983;0;T;True;3
1621247653000;11590886;153.974;153.994;153.984;1;T;True;3
1621247654000;11590887;153.974;153.994;153.984;0;T;True;3
1621247655000;11590889;153.975;153.995;153.985;1;T;True;3
1621247656000;11590890;153.975;153.995;153.985;0;T;True;3
1621247657000;11590891;153.975;153.995;153.985;0;T;True;3
1621247658000;11590892;153.975;153.995;153.985;0;T;True;3
1621247659000;11590893;153.975;153.995;153.985;0;T;True;3
1621247660000;11590894;153.975;153.995;153.985;0;T;True;3
1621247661000;11590895;153.975;153.995;153.985;0;T;True;3
1621247662000;11590896;153.975;153.995;153.985;0;T;True;3
1621247663000;11590897;153.975;153.995;153.985;0;T;True;3
1621247664000;11590898;153.975;153.995;153.985;0;T;True;3
1621247665000;11590899;153.975;153.995;153.985;0;T;True;3
1621247666000;11590900;153.975;153.995;153.985;0;T;True;3
1621247667000;11590903;153.973;153.993;153.983;2;T;True;3
1621247668000;11590904;153.973;153.993;153.983;0;T;True;3
1621247669000;11590905;153.973;153.993;153.983;0;T;True;3
1621247670000;11590906;153.973;153.993;153.983;0;T;True;3
1621247671000;11590907;153.973;153.993;153.983;0;T;True;3
1621247672000;11590908;153.973;153.993;153.983;0;T;True;3
1621247673000;11590909;153.973;153.993;153.983;0;T;True;3
1621247674000;11590910;153.973;153.993;153.983;0;T;True;3
1621247675000;11590912;153.972;153.992;153.982;1;T;True;3
1621247676000;11590914;153.973;153.993;153.983;1;T;True;3
1621247677000;11590915;153.973;153.993;153.983;0;T;True;3
1621247678000;11590916;153.973;153.993;153.983;0;T;True;3
1621247679000;11590917;153.973;153.993;153.983;0;T;True;3
1621247680000;11590918;153.973;153.993;153.983;0;T;True;3
1621247681000;11590919;153.973;153.993;153.983;0;T;True;3
1621247682000;11590920;153.973;153.993;153.983;0;T;True;3
1621247683000;11590922;153.975;153.995;153.985;1;T;True;3
1621247684000;11590923;153.975;153.995;153.985;0;T;True;3
1621247685000;11590925;153.974;153.994;153.984;1;T;True;3
1621247686000;11590928;153.967;153.987;153.977;2;T;True;3
1621247687000;11590929;153.967;153.987;153.977;0;T;True;3
1621247688000;11590931;153.969;153.989;153.979;1;T;True;3
1621247689000;11590934;153.975;153.995;153.985;2;T;True;3
1621247690000;11590935;153.975;153.995;153.985;0;T;True;3
1621247691000;11590938;153.973;153.993;153.983;2;T;True;3
1621247692000;11590939;153.973;153.993;153.983;0;T;True;3
1621247693000;11590940;153.973;153.993;153.983;0;T;True;3
1621247694000;11590943;153.977;153.997;153.987;2;T;True;3
1621247695000;11590949;153.971;153.991;153.981;5;T;True;3
1621247696000;11590951;153.973;153.993;153.983;1;T;True;3
1621247697000;11590953;153.965;153.985;153.975;1;T;True;3
1621247698000;11590954;153.965;153.985;153.975;0;T;True;3
1621247699000;11590955;153.965;153.985;153.975;0;T;True;3
1621247700000;11590956;153.965;153.985;153.975;0;T;True;3
1621247701000;11590957;153.965;153.985;153.975;0;T;True;3
1621247702000;11590959;153.963;153.983;153.973;1;T;True;3
1621247703000;11590960;153.963;153.983;153.973;0;T;True;3
1621247704000;11590961;153.963;153.983;153.973;0;T;True;3
1621247705000;11590963;153.961;153.981;153.971;1;T;True;3
1621247706000;11590964;153.961;153.981;153.971;0;T;True;3
1621247707000;11590966;153.959;153.979;153.969;1;T;True;3
1621247708000;11590967;153.959;153.979;153.969;0;T;True;3
1621247709000;11590968;153.959;153.979;153.969;0;T;True;3
1621247710000;11590969;153.959;153.979;153.969;0;T;True;3
1621247711000;11590970;153.959;153.979;153.969;0;T;True;3
1621247712000;11590971;153.959;153.979;153.969;0;T;True;3
1621247713000;11590972;153.959;153.979;153.969;0;T;True;3
1621247714000;11590973;153.959;153.979;153.969;0;T;True;3
1621247715000;11590974;153.959;153.979;153.969;0;T;True;3
1621247716000;11590976;153.957;153.977;153.967;1;T;True;3
1621247717000;11590977;153.957;153.977;153.967;0;T;True;3
1621247718000;11590978;153.957;153.977;153.967;0;T;True;3
1621247719000;11590980;153.955;153.975;153.965;1;T;True;3
1621247720000;11590981;153.955;153.975;153.965;0;T;True;3
1621247721000;11590983;153.951;153.971;153.961;1;T;True;3
1621247722000;11590987;153.953;153.973;153.963;3;T;True;3
1621247723000;11590990;153.947;153.967;153.957;2;T;True;3
1621247724000;11590991;153.947;153.967;153.957;0;T;True;3
1621247725000;11590994;153.947;153.967;153.957;2;T;True;3
1621247726000;11590995;153.947;153.967;153.957;0;T;True;3
1621247727000;11591000;153.941;153.961;153.951;4;T;True;3
1621247728000;11591001;153.941;153.961;153.951;0;T;True;3
1621247729000;11591003;153.94;153.96;153.95;1;T;True;3
1621247730000;11591004;153.94;153.96;153.95;0;T;True;3
1621247731000;11591006;153.939;153.959;153.949;1;T;True;3
1621247732000;11591007;153.939;153.959;153.949;0;T;True;3
1621247733000;11591008;153.939;153.959;153.949;0;T;True;3
1621247734000;11591009;153.939;153.959;153.949;0;T;True;3
1621247735000;11591010;153.939;153.959;153.949;0;T;True;3
1621247736000;11591012;153.937;153.957;153.947;1;T;True;3
1621247737000;11591014;153.939;153.959;153.949;1;T;True;3
1621247738000;11591015;153.939;153.959;153.949;0;T;True;3
1621247739000;11591016;153.939;153.959;153.949;0;T;True;3
1621247740000;11591017;153.939;153.959;153.949;0;T;True;3
1621247741000;11591021;153.941;153.961;153.951;3;T;True;3
1621247742000;11591022;153.941;153.961;153.951;0;T;True;3
1621247743000;11591023;153.941;153.961;153.951;0;T;True;3
1621247744000;11591025;153.943;153.963;153.953;1;T;True;3
1621247745000;11591026;153.943;153.963;153.953;0;T;True;3
1621247746000;11591027;153.943;153.963;153.953;0;T;True;3
1621247747000;11591029;153.941;153.961;153.951;1;T;True;3
1621247748000;11591032;153.938;153.958;153.948;2;T;True;3
1621247749000;11591033;153.938;153.958;153.948;0;T;True;3
1621247750000;11591037;153.94;153.96;153.95;3;T;True;3
1621247751000;11591040;153.943;153.963;153.953;2;T;True;3
1621247752000;11591041;153.943;153.963;153.953;0;T;True;3
1621247753000;11591042;153.943;153.963;153.953;0;T;True;3
1621247754000;11591043;153.943;153.963;153.953;0;T;True;3
1621247755000;11591044;153.943;153.963;153.953;0;T;True;3
1621247756000;11591045;153.943;153.963;153.953;0;T;True;3
1621247757000;11591046;153.943;153.963;153.953;0;T;True;3
1621247758000;11591049;153.947;153.967;153.957;2;T;True;3
1621247759000;11591053;153.947;153.967;153.957;3;T;True;3
1621247760000;11591056;153.949;153.969;153.959;2;T;True;3
1621247761000;11591057;153.949;153.969;153.959;0;T;True;3
1621247762000;11591059;153.947;153.967;153.957;1;T;True;3
1621247763000;11591060;153.947;153.967;153.957;0;T;True;3
1621247764000;11591061;153.947;153.967;153.957;0;T;True;3
1621247765000;11591065;153.953;153.973;153.963;3;T;True;3
1621247766000;11591072;153.947;153.967;153.957;6;T;True;3
1621247767000;11591074;153.945;153.965;153.955;1;T;True;3
1621247768000;11591075;153.945;153.965;153.955;0;T;True;3
1621247769000;11591076;153.945;153.965;153.955;0;T;True;3
1621247770000;11591077;153.945;153.965;153.955;0;T;True;3
1621247771000;11591078;153.945;153.965;153.955;0;T;True;3
1621247772000;11591081;153.94;153.96;153.95;2;T;True;3
1621247773000;11591086;153.943;153.963;153.953;4;T;True;3
1621247774000;11591087;153.943;153.963;153.953;0;T;True;3
1621247775000;11591090;153.943;153.963;153.953;2;T;True;3
1621247776000;11591092;153.945;153.965;153.955;1;T;True;3
1621247777000;11591093;153.945;153.965;153.955;0;T;True;3
1621247778000;11591095;153.946;153.966;153.956;1;T;True;3
1621247779000;11591096;153.946;153.966;153.956;0;T;True;3
1621247780000;11591097;153.946;153.966;153.956;0;T;True;3
1621247781000;11591101;153.939;153.959;153.949;3;T;True;3
1621247782000;11591104;153.945;153.965;153.955;2;T;True;3
1621247783000;11591105;153.945;153.965;153.955;0;T;True;3
1621247784000;11591106;153.945;153.965;153.955;0;T;True;3
1621247785000;11591107;153.945;153.965;153.955;0;T;True;3
1621247786000;11591109;153.944;153.964;153.954;1;T;True;3
1621247787000;11591110;153.944;153.964;153.954;0;T;True;3
1621247788000;11591113;153.949;153.969;153.959;2;T;True;3
1621247789000;11591114;153.949;153.969;153.959;0;T;True;3
1621247790000;11591115;153.949;153.969;153.959;0;T;True;3
1621247791000;11591116;153.949;153.969;153.959;0;T;True;3
1621247792000;11591117;153.949;153.969;153.959;0;T;True;3
1621247793000;11591118;153.949;153.969;153.959;0;T;True;3
1621247794000;11591119;153.949;153.969;153.959;0;T;True;3
1621247795000;11591120;153.949;153.969;153.959;0;T;True;3
1621247796000;11591121;153.949;153.969;153.959;0;T;True;3
1621247797000;11591122;153.949;153.969;153.959;0;T;True;3
1621247798000;11591127;153.953;153.973;153.963;4;T;True;3
1621247799000;11591128;153.953;153.973;153.963;0;T;True;3
1621247800000;11591129;153.953;153.973;153.963;0;T;True;3
1621247801000;11591131;153.951;153.971;153.961;1;T;True;3
1621247802000;11591132;153.951;153.971;153.961;0;T;True;3
1621247803000;11591133;153.951;153.971;153.961;0;T;True;3
1621247804000;11591135;153.953;153.973;153.963;1;T;True;3
1621247805000;11591137;153.956;153.976;153.966;1;T;True;3
1621247806000;11591140;153.959;153.979;153.969;2;T;True;3
1621247807000;11591141;153.959;153.979;153.969;0;T;True;3
1621247808000;11591142;153.959;153.979;153.969;0;T;True;3
1621247809000;11591144;153.961;153.981;153.971;1;T;True;3
1621247810000;11591150;153.952;153.972;153.962;5;T;True;3
1621247811000;11591152;153.953;153.973;153.963;1;T;True;3
1621247812000;11591154;153.951;153.971;153.961;1;T;True;3
1621247813000;11591155;153.951;153.971;153.961;0;T;True;3
1621247814000;11591156;153.951;153.971;153.961;0;T;True;3
1621247815000;11591157;153.951;153.971;153.961;0;T;True;3
1621247816000;11591158;153.951;153.971;153.961;0;T;True;3
1621247817000;11591159;153.951;153.971;153.961;0;T;True;3
1621247818000;11591160;153.951;153.971;153.961;0;T;True;3
1621247819000;11591161;153.951;153.971;153.961;0;T;True;3
1621247820000;11591162;153.951;153.971;153.961;0;T;True;3
1621247821000;11591163;153.951;153.971;153.961;0;T;True;3
1621247822000;11591164;153.951;153.971;153.961;0;T;True;3
1621247823000;11591166;153.952;153.972;153.962;1;T;True;3
1621247824000;11591169;153.949;153.969;153.959;2;T;True;3
1621247825000;11591170;153.949;153.969;153.959;0;T;True;3
1621247826000;11591171;153.949;153.969;153.959;0;T;True;3
1621247827000;11591173;153.951;153.971;153.961;1;T;True;3
1621247828000;11591175;153.95;153.97;153.96;1;T;True;3
1621247829000;11591180;153.959;153.979;153.969;4;T;True;3
1621247830000;11591183;153.955;153.975;153.965;2;T;True;3
1621247831000;11591184;153.955;153.975;153.965;0;T;True;3
1621247832000;11591185;153.955;153.975;153.965;0;T;True;3
1621247833000;11591186;153.955;153.975;153.965;0;T;True;3
1621247834000;11591187;153.955;153.975;153.965;0;T;True;3
1621247835000;11591188;153.955;153.975;153.965;0;T;True;3
1621247836000;11591189;153.955;153.975;153.965;0;T;True;3
1621247837000;11591190;153.955;153.975;153.965;0;T;True;3
1621247838000;11591191;153.955;153.975;153.965;0;T;True;3
1621247839000;11591192;153.955;153.975;153.965;0;T;True;3
1621247840000;11591193;153.955;153.975;153.965;0;T;True;3
1621247841000;11591195;153.954;153.974;153.964;1;T;True;3
1621247842000;11591196;153.954;153.974;153.964;0;T;True;3
1621247843000;11591197;153.954;153.974;153.964;0;T;True;3
1621247844000;11591198;153.954;153.974;153.964;0;T;True;3
1621247845000;11591201;153.955;153.975;153.965;2;T;True;3
1621247846000;11591202;153.955;153.975;153.965;0;T;True;3
1621247847000;11591203;153.955;153.975;153.965;0;T;True;3
1621247848000;11591208;153.947;153.967;153.957;4;T;True;3
1621247849000;11591209;153.947;153.967;153.957;0;T;True;3
1621247850000;11591211;153.949;153.969;153.959;1;T;True;3
1621247851000;11591214;153.945;153.965;153.955;2;T;True;3
1621247852000;11591215;153.945;153.965;153.955;0;T;True;3
1621247853000;11591216;153.945;153.965;153.955;0;T;True;3
1621247854000;11591217;153.945;153.965;153.955;0;T;True;3
1621247855000;11591218;153.945;153.965;153.955;0;T;True;3
1621247856000;11591219;153.945;153.965;153.955;0;T;True;3
1621247857000;11591220;153.945;153.965;153.955;0;T;True;3
1621247858000;11591221;153.945;153.965;153.955;0;T;True;3
1621247859000;11591222;153.945;153.965;153.955;0;T;True;3
1621247860000;11591223;153.945;153.965;153.955;0;T;True;3
1621247861000;11591224;153.945;153.965;153.955;0;T;True;3
1621247862000;11591226;153.948;153.968;153.958;1;T;True;3
1621247863000;11591227;153.948;153.968;153.958;0;T;True;3
1621247864000;11591228;153.948;153.968;153.958;0;T;True;3
1621247865000;11591229;153.948;153.968;153.958;0;T;True;3
1621247866000;11591230;153.948;153.968;153.958;0;T;True;3
1621247867000;11591231;153.948;153.968;153.958;0;T;True;3
1621247868000;11591234;153.951;153.971;153.961;2;T;True;3
1621247869000;11591236;153.949;153.969;153.959;1;T;True;3
1621247870000;11591237;153.949;153.969;153.959;0;T;True;3
1621247871000;11591240;153.941;153.961;153.951;2;T;True;3
1621247872000;11591241;153.941;153.961;153.951;0;T;True;3
1621247873000;11591242;153.941;153.961;153.951;0;T;True;3
1621247874000;11591243;153.941;153.961;153.951;0;T;True;3
1621247875000;11591245;153.939;153.959;153.949;1;T;True;3
1621247876000;11591249;153.931;153.951;153.941;3;T;True;3
1621247877000;11591250;153.931;153.951;153.941;0;T;True;3
1621247878000;11591252;153.929;153.949;153.939;1;T;True;3
1621247879000;11591253;153.929;153.949;153.939;0;T;True;3
1621247880000;11591254;153.929;153.949;153.939;0;T;True;3
1621247881000;11591256;153.928;153.948;153.938;1;T;True;3
1621247882000;11591259;153.93;153.95;153.94;2;T;True;3
1621247883000;11591262;153.925;153.945;153.935;2;T;True;3
1621247884000;11591264;153.927;153.947;153.937;1;T;True;3
1621247885000;11591265;153.927;153.947;153.937;0;T;True;3
1621247886000;11591267;153.925;153.945;153.935;1;T;True;3
1621247887000;11591268;153.925;153.945;153.935;0;T;True;3
1621247888000;11591269;153.925;153.945;153.935;0;T;True;3
1621247889000;11591270;153.925;153.945;153.935;0;T;True;3
1621247890000;11591271;153.925;153.945;153.935;0;T;True;3
1621247891000;11591272;153.925;153.945;153.935;0;T;True;3
1621247892000;11591273;153.925;153.945;153.935;0;T;True;3
1621247893000;11591275;153.923;153.943;153.933;1;T;True;3
1621247894000;11591276;153.923;153.943;153.933;0;T;True;3
1621247895000;11591277;153.923;153.943;153.933;0;T;True;3
1621247896000;11591278;153.923;153.943;153.933;0;T;True;3
1621247897000;11591279;153.923;153.943;153.933;0;T;True;3
1621247898000;11591288;153.936;153.956;153.946;8;T;True;3
1621247899000;11591289;153.936;153.956;153.946;0;T;True;3
1621247900000;11591290;153.936;153.956;153.946;0;T;True;3
1621247901000;11591291;153.936;153.956;153.946;0;T;True;3
1621247902000;11591292;153.936;153.956;153.946;0;T;True;3
1621247903000;11591293;153.936;153.956;153.946;0;T;True;3
1621247904000;11591297;153.927;153.947;153.937;3;T;True;3
1621247905000;11591298;153.927;153.947;153.937;0;T;True;3
1621247906000;11591299;153.927;153.947;153.937;0;T;True;3
1621247907000;11591300;153.927;153.947;153.937;0;T;True;3
1621247908000;11591301;153.927;153.947;153.937;0;T;True;3
1621247909000;11591302;153.927;153.947;153.937;0;T;True;3
1621247910000;11591303;153.927;153.947;153.937;0;T;True;3
1621247911000;11591304;153.927;153.947;153.937;0;T;True;3
1621247912000;11591305;153.927;153.947;153.937;0;T;True;3
1621247913000;11591306;153.927;153.947;153.937;0;T;True;3
1621247914000;11591307;153.927;153.947;153.937;0;T;True;3
1621247915000;11591308;153.927;153.947;153.937;0;T;True;3
1621247916000;11591309;153.927;153.947;153.937;0;T;True;3
1621247917000;11591311;153.925;153.945;153.935;1;T;True;3
1621247918000;11591313;153.923;153.943;153.933;1;T;True;3
1621247919000;11591315;153.924;153.944;153.934;1;T;True;3
1621247920000;11591317;153.925;153.945;153.935;1;T;True;3
1621247921000;11591318;153.925;153.945;153.935;0;T;True;3
1621247922000;11591319;153.925;153.945;153.935;0;T;True;3
1621247923000;11591320;153.925;153.945;153.935;0;T;True;3
1621247924000;11591321;153.925;153.945;153.935;0;T;True;3
1621247925000;11591322;153.925;153.945;153.935;0;T;True;3
1621247926000;11591323;153.925;153.945;153.935;0;T;True;3
1621247927000;11591324;153.925;153.945;153.935;0;T;True;3
1621247928000;11591325;153.925;153.945;153.935;0;T;True;3
1621247929000;11591327;153.927;153.947;153.937;1;T;True;3
1621247930000;11591328;153.927;153.947;153.937;0;T;True;3
1621247931000;11591332;153.923;153.943;153.933;3;T;True;3
1621247932000;11591335;153.927;153.947;153.937;2;T;True;3
1621247933000;11591337;153.929;153.949;153.939;1;T;True;3
1621247934000;11591338;153.929;153.949;153.939;0;T;True;3
1621247935000;11591341;153.929;153.949;153.939;2;T;True;3
1621247936000;11591342;153.929;153.949;153.939;0;T;True;3
1621247937000;11591345;153.925;153.945;153.935;2;T;True;3
1621247938000;11591346;153.925;153.945;153.935;0;T;True;3
1621247939000;11591347;153.925;153.945;153.935;0;T;True;3
1621247940000;11591350;153.927;153.947;153.937;2;T;True;3
1621247941000;11591352;153.926;153.946;153.936;1;T;True;3
1621247942000;11591354;153.925;153.945;153.935;1;T;True;3
1621247943000;11591355;153.925;153.945;153.935;0;T;True;3
1621247944000;11591356;153.925;153.945;153.935;0;T;True;3
1621247945000;11591357;153.925;153.945;153.935;0;T;True;3
1621247946000;11591358;153.925;153.945;153.935;0;T;True;3
1621247947000;11591360;153.923;153.943;153.933;1;T;True;3
1621247948000;11591361;153.923;153.943;153.933;0;T;True;3
1621247949000;11591363;153.921;153.941;153.931;1;T;True;3
1621247950000;11591364;153.921;153.941;153.931;0;T;True;3
1621247951000;11591365;153.921;153.941;153.931;0;T;True;3
1621247952000;11591366;153.921;153.941;153.931;0;T;True;3
1621247953000;11591368;153.922;153.942;153.932;1;T;True;3
1621247954000;11591369;153.922;153.942;153.932;0;T;True;3
1621247955000;11591370;153.922;153.942;153.932;0;T;True;3
1621247956000;11591371;153.922;153.942;153.932;0;T;True;3
1621247957000;11591372;153.922;153.942;153.932;0;T;True;3
1621247958000;11591373;153.922;153.942;153.932;0;T;True;3
1621247959000;11591375;153.921;153.941;153.931;1;T;True;3
1621247960000;11591376;153.921;153.941;153.931;0;T;True;3
1621247961000;11591377;153.921;153.941;153.931;0;T;True;3
1621247962000;11591380;153.924;153.944;153.934;2;T;True;3
1621247963000;11591382;153.925;153.945;153.935;1;T;True;3
1621247964000;11591386;153.924;153.944;153.934;3;T;True;3
1621247965000;11591388;153.925;153.945;153.935;1;T;True;3
1621247966000;11591390;153.927;153.947;153.937;1;T;True;3
1621247967000;11591392;153.926;153.946;153.936;1;T;True;3
1621247968000;11591393;153.926;153.946;153.936;0;T;True;3
1621247969000;11591394;153.926;153.946;153.936;0;T;True;3
1621247970000;11591395;153.926;153.946;153.936;0;T;True;3
1621247971000;11591396;153.926;153.946;153.936;0;T;True;3
1621247972000;11591398;153.925;153.945;153.935;1;T;True;3
1621247973000;11591400;153.926;153.946;153.936;1;T;True;3
1621247974000;11591402;153.925;153.945;153.935;1;T;True;3
1621247975000;11591405;153.922;153.942;153.932;2;T;True;3
1621247976000;11591406;153.922;153.942;153.932;0;T;True;3
1621247977000;11591408;153.921;153.941;153.931;1;T;True;3
1621247978000;11591409;153.921;153.941;153.931;0;T;True;3
1621247979000;11591410;153.921;153.941;153.931;0;T;True;3
1621247980000;11591413;153.917;153.937;153.927;2;T;True;3
1621247981000;11591414;153.917;153.937;153.927;0;T;True;3
1621247982000;11591415;153.917;153.937;153.927;0;T;True;3
1621247983000;11591416;153.917;153.937;153.927;0;T;True;3
1621247984000;11591417;153.917;153.937;153.927;0;T;True;3
1621247985000;11591418;153.917;153.937;153.927;0;T;True;3
1621247986000;11591420;153.918;153.938;153.928;1;T;True;3
1621247987000;11591421;153.918;153.938;153.928;0;T;True;3
1621247988000;11591422;153.918;153.938;153.928;0;T;True;3
1621247989000;11591423;153.918;153.938;153.928;0;T;True;3
1621247990000;11591424;153.918;153.938;153.928;0;T;True;3
1621247991000;11591425;153.918;153.938;153.928;0;T;True;3
1621247992000;11591429;153.921;153.941;153.931;3;T;True;3
1621247993000;11591430;153.921;153.941;153.931;0;T;True;3
1621247994000;11591431;153.921;153.941;153.931;0;T;True;3
1621247995000;11591432;153.921;153.941;153.931;0;T;True;3
1621247996000;11591436;153.919;153.939;153.929;3;T;True;3
1621247997000;11591437;153.919;153.939;153.929;0;T;True;3
1621247998000;11591438;153.919;153.939;153.929;0;T;True;3
1621247999000;11591439;153.919;153.939;153.929;0;T;True;3
1621248000000;11591441;153.921;153.941;153.931;1;T;True;3
1621248001000;11591442;153.921;153.941;153.931;0;T;True;3
1621248002000;11591443;153.921;153.941;153.931;0;T;True;3
1621248003000;11591444;153.921;153.941;153.931;0;T;True;3
1621248004000;11591445;153.921;153.941;153.931;0;T;True;3
1621248005000;11591446;153.921;153.941;153.931;0;T;True;3
1621248006000;11591447;153.921;153.941;153.931;0;T;True;3
1621248007000;11591448;153.921;153.941;153.931;0;T;True;3
1621248008000;11591449;153.921;153.941;153.931;0;T;True;3
1621248009000;11591450;153.921;153.941;153.931;0;T;True;3
1621248010000;11591453;153.917;153.937;153.927;2;T;True;3
1621248011000;11591459;153.921;153.941;153.931;5;T;True;3
1621248012000;11591460;153.921;153.941;153.931;0;T;True;3
1621248013000;11591462;153.922;153.942;153.932;1;T;True;3
1621248014000;11591466;153.925;153.945;153.935;3;T;True;3
1621248015000;11591467;153.925;153.945;153.935;0;T;True;3
1621248016000;11591468;153.925;153.945;153.935;0;T;True;3
1621248017000;11591469;153.925;153.945;153.935;0;T;True;3
1621248018000;11591474;153.939;153.959;153.949;4;T;True;3
1621248019000;11591475;153.939;153.959;153.949;0;T;True;3
1621248020000;11591476;153.939;153.959;153.949;0;T;True;3
1621248021000;11591477;153.939;153.959;153.949;0;T;True;3
1621248022000;11591478;153.939;153.959;153.949;0;T;True;3
1621248023000;11591479;153.939;153.959;153.949;0;T;True;3
1621248024000;11591480;153.939;153.959;153.949;0;T;True;3
1621248025000;11591481;153.939;153.959;153.949;0;T;True;3
1621248026000;11591482;153.939;153.959;153.949;0;T;True;3
1621248027000;11591483;153.939;153.959;153.949;0;T;True;3
1621248028000;11591486;153.937;153.957;153.947;2;T;True;3
1621248029000;11591488;153.936;153.956;153.946;1;T;True;3
1621248030000;11591492;153.941;153.961;153.951;3;T;True;3
1621248031000;11591493;153.941;153.961;153.951;0;T;True;3
1621248032000;11591494;153.941;153.961;153.951;0;T;True;3
1621248033000;11591499;153.941;153.961;153.951;4;T;True;3
1621248034000;11591500;153.941;153.961;153.951;0;T;True;3
1621248035000;11591503;153.938;153.958;153.948;2;T;True;3
1621248036000;11591505;153.939;153.959;153.949;1;T;True;3
1621248037000;11591506;153.939;153.959;153.949;0;T;True;3
1621248038000;11591507;153.939;153.959;153.949;0;T;True;3
1621248039000;11591508;153.939;153.959;153.949;0;T;True;3
1621248040000;11591509;153.939;153.959;153.949;0;T;True;3
1621248041000;11591510;153.939;153.959;153.949;0;T;True;3
1621248042000;11591511;153.939;153.959;153.949;0;T;True;3
1621248043000;11591512;153.939;153.959;153.949;0;T;True;3
1621248044000;11591513;153.939;153.959;153.949;0;T;True;3
1621248045000;11591514;153.939;153.959;153.949;0;T;True;3
1621248046000;11591515;153.939;153.959;153.949;0;T;True;3
1621248047000;11591516;153.939;153.959;153.949;0;T;True;3
1621248048000;11591518;153.945;153.965;153.955;1;T;True;3
1621248049000;11591519;153.945;153.965;153.955;0;T;True;3
1621248050000;11591520;153.945;153.965;153.955;0;T;True;3
1621248051000;11591521;153.945;153.965;153.955;0;T;True;3
1621248052000;11591522;153.945;153.965;153.955;0;T;True;3
1621248053000;11591523;153.945;153.965;153.955;0;T;True;3
1621248054000;11591524;153.945;153.965;153.955;0;T;True;3
1621248055000;11591526;153.943;153.963;153.953;1;T;True;3
1621248056000;11591527;153.943;153.963;153.953;0;T;True;3
1621248057000;11591528;153.943;153.963;153.953;0;T;True;3
1621248058000;11591529;153.943;153.963;153.953;0;T;True;3
1621248059000;11591530;153.943;153.963;153.953;0;T;True;3
1621248060000;11591531;153.943;153.963;153.953;0;T;True;3
1621248061000;11591534;153.937;153.957;153.947;2;T;True;3
1621248062000;11591535;153.937;153.957;153.947;0;T;True;3
1621248063000;11591536;153.937;153.957;153.947;0;T;True;3
1621248064000;11591537;153.937;153.957;153.947;0;T;True;3
1621248065000;11591538;153.937;153.957;153.947;0;T;True;3
1621248066000;11591539;153.937;153.957;153.947;0;T;True;3
1621248067000;11591542;153.932;153.952;153.942;2;T;True;3
1621248068000;11591543;153.932;153.952;153.942;0;T;True;3
1621248069000;11591550;153.929;153.949;153.939;6;T;True;3
1621248070000;11591552;153.93;153.95;153.94;1;T;True;3
1621248071000;11591554;153.929;153.949;153.939;1;T;True;3
1621248072000;11591556;153.927;153.947;153.937;1;T;True;3
1621248073000;11591557;153.927;153.947;153.937;0;T;True;3
1621248074000;11591558;153.927;153.947;153.937;0;T;True;3
1621248075000;11591559;153.927;153.947;153.937;0;T;True;3
1621248076000;11591562;153.925;153.945;153.935;2;T;True;3
1621248077000;11591564;153.923;153.943;153.933;1;T;True;3
1621248078000;11591565;153.923;153.943;153.933;0;T;True;3
1621248079000;11591566;153.923;153.943;153.933;0;T;True;3
1621248080000;11591567;153.923;153.943;153.933;0;T;True;3
1621248081000;11591568;153.923;153.943;153.933;0;T;True;3
1621248082000;11591573;153.911;153.931;153.921;4;T;True;3
1621248083000;11591574;153.911;153.931;153.921;0;T;True;3
1621248084000;11591575;153.911;153.931;153.921;0;T;True;3
1621248085000;11591576;153.911;153.931;153.921;0;T;True;3
1621248086000;11591578;153.912;153.932;153.922;1;T;True;3
1621248087000;11591580;153.911;153.931;153.921;1;T;True;3
1621248088000;11591581;153.911;153.931;153.921;0;T;True;3
1621248089000;11591582;153.911;153.931;153.921;0;T;True;3
1621248090000;11591583;153.911;153.931;153.921;0;T;True;3
1621248091000;11591585;153.912;153.932;153.922;1;T;True;3
1621248092000;11591586;153.912;153.932;153.922;0;T;True;3
1621248093000;11591588;153.913;153.933;153.923;1;T;True;3
1621248094000;11591591;153.916;153.936;153.926;2;T;True;3
1621248095000;11591592;153.916;153.936;153.926;0;T;True;3
1621248096000;11591593;153.916;153.936;153.926;0;T;True;3
1621248097000;11591594;153.916;153.936;153.926;0;T;True;3
1621248098000;11591595;153.916;153.936;153.926;0;T;True;3
1621248099000;11591596;153.916;153.936;153.926;0;T;True;3
1621248100000;11591599;153.923;153.943;153.933;2;T;True;3
1621248101000;11591600;153.923;153.943;153.933;0;T;True;3
1621248102000;11591605;153.926;153.946;153.936;4;T;True;3
1621248103000;11591606;153.926;153.946;153.936;0;T;True;3
1621248104000;11591608;153.925;153.945;153.935;1;T;True;3
1621248105000;11591609;153.925;153.945;153.935;0;T;True;3
1621248106000;11591610;153.925;153.945;153.935;0;T;True;3
1621248107000;11591611;153.925;153.945;153.935;0;T;True;3
1621248108000;11591614;153.928;153.948;153.938;2;T;True;3
1621248109000;11591617;153.931;153.951;153.941;2;T;True;3
1621248110000;11591618;153.931;153.951;153.941;0;T;True;3
1621248111000;11591619;153.931;153.951;153.941;0;T;True;3
1621248112000;11591620;153.931;153.951;153.941;0;T;True;3
1621248113000;11591621;153.931;153.951;153.941;0;T;True;3
1621248114000;11591622;153.931;153.951;153.941;0;T;True;3
1621248115000;11591623;153.931;153.951;153.941;0;T;True;3
1621248116000;11591624;153.931;153.951;153.941;0;T;True;3
1621248117000;11591625;153.931;153.951;153.941;0;T;True;3
1621248118000;11591626;153.931;153.951;153.941;0;T;True;3
1621248119000;11591628;153.933;153.953;153.943;1;T;True;3
1621248120000;11591629;153.933;153.953;153.943;0;T;True;3
1621248121000;11591630;153.933;153.953;153.943;0;T;True;3
1621248122000;11591631;153.933;153.953;153.943;0;T;True;3
1621248123000;11591632;153.933;153.953;153.943;0;T;True;3
1621248124000;11591633;153.933;153.953;153.943;0;T;True;3
1621248125000;11591634;153.933;153.953;153.943;0;T;True;3
1621248126000;11591639;153.933;153.953;153.943;4;T;True;3
1621248127000;11591640;153.933;153.953;153.943;0;T;True;3
1621248128000;11591641;153.933;153.953;153.943;0;T;True;3
1621248129000;11591642;153.933;153.953;153.943;0;T;True;3
1621248130000;11591643;153.933;153.953;153.943;0;T;True;3
1621248131000;11591644;153.933;153.953;153.943;0;T;True;3
1621248132000;11591645;153.933;153.953;153.943;0;T;True;3
1621248133000;11591646;153.933;153.953;153.943;0;T;True;3
1621248134000;11591651;153.951;153.971;153.961;4;T;True;3
1621248135000;11591652;153.951;153.971;153.961;0;T;True;3
1621248136000;11591653;153.951;153.971;153.961;0;T;True;3
1621248137000;11591657;153.952;153.972;153.962;3;T;True;3
1621248138000;11591659;153.945;153.965;153.955;1;T;True;3
1621248139000;11591664;153.937;153.957;153.947;4;T;True;3
1621248140000;11591667;153.937;153.957;153.947;2;T;True;3
1621248141000;11591668;153.937;153.957;153.947;0;T;True;3
1621248142000;11591671;153.933;153.953;153.943;2;T;True;3
1621248143000;11591672;153.933;153.953;153.943;0;T;True;3
1621248144000;11591674;153.931;153.951;153.941;1;T;True;3
1621248145000;11591675;153.931;153.951;153.941;0;T;True;3
1621248146000;11591676;153.931;153.951;153.941;0;T;True;3
1621248147000;11591677;153.931;153.951;153.941;0;T;True;3
1621248148000;11591678;153.931;153.951;153.941;0;T;True;3
1621248149000;11591679;153.931;153.951;153.941;0;T;True;3
1621248150000;11591680;153.931;153.951;153.941;0;T;True;3
1621248151000;11591686;153.939;153.959;153.949;5;T;True;3
1621248152000;11591687;153.939;153.959;153.949;0;T;True;3
1621248153000;11591688;153.939;153.959;153.949;0;T;True;3
1621248154000;11591689;153.939;153.959;153.949;0;T;True;3
1621248155000;11591690;153.939;153.959;153.949;0;T;True;3
1621248156000;11591691;153.939;153.959;153.949;0;T;True;3
1621248157000;11591692;153.939;153.959;153.949;0;T;True;3
1621248158000;11591693;153.939;153.959;153.949;0;T;True;3
1621248159000;11591694;153.939;153.959;153.949;0;T;True;3
1621248160000;11591695;153.939;153.959;153.949;0;T;True;3
1621248161000;11591696;153.939;153.959;153.949;0;T;True;3
1621248162000;11591697;153.939;153.959;153.949;0;T;True;3
1621248163000;11591698;153.939;153.959;153.949;0;T;True;3
1621248164000;11591699;153.939;153.959;153.949;0;T;True;3
1621248165000;11591700;153.939;153.959;153.949;0;T;True;3
1621248166000;11591701;153.939;153.959;153.949;0;T;True;3
1621248167000;11591702;153.939;153.959;153.949;0;T;True;3
1621248168000;11591705;153.939;153.959;153.949;2;T;True;3
1621248169000;11591706;153.939;153.959;153.949;0;T;True;3
1621248170000;11591707;153.939;153.959;153.949;0;T;True;3
1621248171000;11591708;153.939;153.959;153.949;0;T;True;3
1621248172000;11591709;153.939;153.959;153.949;0;T;True;3
1621248173000;11591710;153.939;153.959;153.949;0;T;True;3
1621248174000;11591711;153.939;153.959;153.949;0;T;True;3
1621248175000;11591712;153.939;153.959;153.949;0;T;True;3
1621248176000;11591713;153.939;153.959;153.949;0;T;True;3
1621248177000;11591714;153.939;153.959;153.949;0;T;True;3
1621248178000;11591715;153.939;153.959;153.949;0;T;True;3
1621248179000;11591716;153.939;153.959;153.949;0;T;True;3
1621248180000;11591722;153.929;153.949;153.939;5;T;True;3
1621248181000;11591723;153.929;153.949;153.939;0;T;True;3
1621248182000;11591724;153.929;153.949;153.939;0;T;True;3
1621248183000;11591726;153.931;153.951;153.941;1;T;True;3
1621248184000;11591729;153.935;153.955;153.945;2;T;True;3
1621248185000;11591730;153.935;153.955;153.945;0;T;True;3
1621248186000;11591732;153.933;153.953;153.943;1;T;True;3
1621248187000;11591733;153.933;153.953;153.943;0;T;True;3
1621248188000;11591735;153.932;153.952;153.942;1;T;True;3
1621248189000;11591739;153.935;153.955;153.945;3;T;True;3
1621248190000;11591740;153.935;153.955;153.945;0;T;True;3
1621248191000;11591741;153.935;153.955;153.945;0;T;True;3
1621248192000;11591742;153.935;153.955;153.945;0;T;True;3
1621248193000;11591743;153.935;153.955;153.945;0;T;True;3
1621248194000;11591744;153.935;153.955;153.945;0;T;True;3
1621248195000;11591745;153.935;153.955;153.945;0;T;True;3
1621248196000;11591746;153.935;153.955;153.945;0;T;True;3
1621248197000;11591747;153.935;153.955;153.945;0;T;True;3
1621248198000;11591748;153.935;153.955;153.945;0;T;True;3
1621248199000;11591749;153.935;153.955;153.945;0;T;True;3
1621248200000;11591750;153.935;153.955;153.945;0;T;True;3
1621248201000;11591751;153.935;153.955;153.945;0;T;True;3
1621248202000;11591752;153.935;153.955;153.945;0;T;True;3
1621248203000;11591753;153.935;153.955;153.945;0;T;True;3
1621248204000;11591754;153.935;153.955;153.945;0;T;True;3
1621248205000;11591755;153.935;153.955;153.945;0;T;True;3
1621248206000;11591759;153.934;153.954;153.944;3;T;True;3
1621248207000;11591761;153.935;153.955;153.945;1;T;True;3
1621248208000;11591762;153.935;153.955;153.945;0;T;True;3
1621248209000;11591763;153.935;153.955;153.945;0;T;True;3
1621248210000;11591764;153.935;153.955;153.945;0;T;True;3
1621248211000;11591766;153.933;153.953;153.943;1;T;True;3
1621248212000;11591767;153.933;153.953;153.943;0;T;True;3
1621248213000;11591769;153.931;153.951;153.941;1;T;True;3
1621248214000;11591771;153.933;153.953;153.943;1;T;True;3
1621248215000;11591773;153.931;153.951;153.941;1;T;True;3
1621248216000;11591774;153.931;153.951;153.941;0;T;True;3
1621248217000;11591775;153.931;153.951;153.941;0;T;True;3
1621248218000;11591776;153.931;153.951;153.941;0;T;True;3
1621248219000;11591777;153.931;153.951;153.941;0;T;True;3
1621248220000;11591778;153.931;153.951;153.941;0;T;True;3
1621248221000;11591779;153.931;153.951;153.941;0;T;True;3
1621248222000;11591780;153.931;153.951;153.941;0;T;True;3
1621248223000;11591781;153.931;153.951;153.941;0;T;True;3
1621248224000;11591786;153.928;153.948;153.938;4;T;True;3
1621248225000;11591788;153.926;153.946;153.936;1;T;True;3
1621248226000;11591789;153.926;153.946;153.936;0;T;True;3
1621248227000;11591790;153.926;153.946;153.936;0;T;True;3
1621248228000;11591791;153.926;153.946;153.936;0;T;True;3
1621248229000;11591795;153.922;153.942;153.932;3;T;True;3
1621248230000;11591797;153.921;153.941;153.931;1;T;True;3
1621248231000;11591798;153.921;153.941;153.931;0;T;True;3
1621248232000;11591799;153.921;153.941;153.931;0;T;True;3
1621248233000;11591800;153.921;153.941;153.931;0;T;True;3
1621248234000;11591801;153.921;153.941;153.931;0;T;True;3
1621248235000;11591802;153.921;153.941;153.931;0;T;True;3
1621248236000;11591803;153.921;153.941;153.931;0;T;True;3
1621248237000;11591806;153.921;153.941;153.931;2;T;True;3
1621248238000;11591807;153.921;153.941;153.931;0;T;True;3
1621248239000;11591808;153.921;153.941;153.931;0;T;True;3
1621248240000;11591809;153.921;153.941;153.931;0;T;True;3
1621248241000;11591810;153.921;153.941;153.931;0;T;True;3
1621248242000;11591812;153.92;153.94;153.93;1;T;True;3
1621248243000;11591814;153.919;153.939;153.929;1;T;True;3
1621248244000;11591817;153.921;153.941;153.931;2;T;True;3
1621248245000;11591818;153.921;153.941;153.931;0;T;True;3
1621248246000;11591819;153.921;153.941;153.931;0;T;True;3
1621248247000;11591820;153.921;153.941;153.931;0;T;True;3
1621248248000;11591821;153.921;153.941;153.931;0;T;True;3
1621248249000;11591822;153.921;153.941;153.931;0;T;True;3
1621248250000;11591823;153.921;153.941;153.931;0;T;True;3
1621248251000;11591824;153.921;153.941;153.931;0;T;True;3
1621248252000;11591825;153.921;153.941;153.931;0;T;True;3
1621248253000;11591826;153.921;153.941;153.931;0;T;True;3
1621248254000;11591827;153.921;153.941;153.931;0;T;True;3
1621248255000;11591828;153.921;153.941;153.931;0;T;True;3
1621248256000;11591829;153.921;153.941;153.931;0;T;True;3
1621248257000;11591830;153.921;153.941;153.931;0;T;True;3
1621248258000;11591831;153.921;153.941;153.931;0;T;True;3
1621248259000;11591832;153.921;153.941;153.931;0;T;True;3
1621248260000;11591833;153.921;153.941;153.931;0;T;True;3
1621248261000;11591836;153.923;153.943;153.933;2;T;True;3
1621248262000;11591839;153.922;153.942;153.932;2;T;True;3
1621248263000;11591840;153.922;153.942;153.932;0;T;True;3
1621248264000;11591842;153.923;153.943;153.933;1;T;True;3
1621248265000;11591843;153.923;153.943;153.933;0;T;True;3
1621248266000;11591844;153.923;153.943;153.933;0;T;True;3
1621248267000;11591845;153.923;153.943;153.933;0;T;True;3
1621248268000;11591846;153.923;153.943;153.933;0;T;True;3
1621248269000;11591850;153.936;153.956;153.946;3;T;True;3
1621248270000;11591852;153.934;153.954;153.944;1;T;True;3
1621248271000;11591855;153.929;153.949;153.939;2;T;True;3
1621248272000;11591857;153.932;153.952;153.942;1;T;True;3
1621248273000;11591862;153.941;153.961;153.951;4;T;True;3
1621248274000;11591863;153.941;153.961;153.951;0;T;True;3
1621248275000;11591865;153.943;153.963;153.953;1;T;True;3
1621248276000;11591866;153.943;153.963;153.953;0;T;True;3
1621248277000;11591868;153.945;153.965;153.955;1;T;True;3
1621248278000;11591869;153.945;153.965;153.955;0;T;True;3
1621248279000;11591870;153.945;153.965;153.955;0;T;True;3
1621248280000;11591873;153.949;153.969;153.959;2;T;True;3
1621248281000;11591874;153.949;153.969;153.959;0;T;True;3
1621248282000;11591876;153.947;153.967;153.957;1;T;True;3
1621248283000;11591877;153.947;153.967;153.957;0;T;True;3
1621248284000;11591878;153.947;153.967;153.957;0;T;True;3
1621248285000;11591879;153.947;153.967;153.957;0;T;True;3
1621248286000;11591880;153.947;153.967;153.957;0;T;True;3
1621248287000;11591881;153.947;153.967;153.957;0;T;True;3
1621248288000;11591882;153.947;153.967;153.957;0;T;True;3
1621248289000;11591883;153.947;153.967;153.957;0;T;True;3
1621248290000;11591884;153.947;153.967;153.957;0;T;True;3
1621248291000;11591888;153.951;153.971;153.961;3;T;True;3
1621248292000;11591889;153.951;153.971;153.961;0;T;True;3
1621248293000;11591890;153.951;153.971;153.961;0;T;True;3
1621248294000;11591895;153.941;153.961;153.951;4;T;True;3
1621248295000;11591896;153.941;153.961;153.951;0;T;True;3
1621248296000;11591897;153.941;153.961;153.951;0;T;True;3
1621248297000;11591898;153.941;153.961;153.951;0;T;True;3
1621248298000;11591901;153.938;153.958;153.948;2;T;True;3
1621248299000;11591903;153.933;153.953;153.943;1;T;True;3
1621248300000;11591904;153.933;153.953;153.943;0;T;True;3
1621248301000;11591905;153.933;153.953;153.943;0;T;True;3
1621248302000;11591906;153.933;153.953;153.943;0;T;True;3
1621248303000;11591907;153.933;153.953;153.943;0;T;True;3
1621248304000;11591908;153.933;153.953;153.943;0;T;True;3
1621248305000;11591909;153.933;153.953;153.943;0;T;True;3
1621248306000;11591911;153.931;153.951;153.941;1;T;True;3
1621248307000;11591912;153.931;153.951;153.941;0;T;True;3
1621248308000;11591913;153.931;153.951;153.941;0;T;True;3
1621248309000;11591914;153.931;153.951;153.941;0;T;True;3
1621248310000;11591915;153.931;153.951;153.941;0;T;True;3
1621248311000;11591916;153.931;153.951;153.941;0;T;True;3
1621248312000;11591917;153.931;153.951;153.941;0;T;True;3
1621248313000;11591918;153.931;153.951;153.941;0;T;True;3
1621248314000;11591919;153.931;153.951;153.941;0;T;True;3
1621248315000;11591920;153.931;153.951;153.941;0;T;True;3
1621248316000;11591921;153.931;153.951;153.941;0;T;True;3
1621248317000;11591922;153.931;153.951;153.941;0;T;True;3
1621248318000;11591923;153.931;153.951;153.941;0;T;True;3
1621248319000;11591925;153.933;153.953;153.943;1;T;True;3
1621248320000;11591926;153.933;153.953;153.943;0;T;True;3
1621248321000;11591927;153.933;153.953;153.943;0;T;True;3
1621248322000;11591929;153.935;153.955;153.945;1;T;True;3
1621248323000;11591930;153.935;153.955;153.945;0;T;True;3
1621248324000;11591931;153.935;153.955;153.945;0;T;True;3
1621248325000;11591932;153.935;153.955;153.945;0;T;True;3
1621248326000;11591933;153.935;153.955;153.945;0;T;True;3
1621248327000;11591934;153.935;153.955;153.945;0;T;True;3
1621248328000;11591935;153.935;153.955;153.945;0;T;True;3
1621248329000;11591936;153.935;153.955;153.945;0;T;True;3
1621248330000;11591937;153.935;153.955;153.945;0;T;True;3
1621248331000;11591938;153.935;153.955;153.945;0;T;True;3
1621248332000;11591939;153.935;153.955;153.945;0;T;True;3
1621248333000;11591941;153.934;153.954;153.944;1;T;True;3
1621248334000;11591942;153.934;153.954;153.944;0;T;True;3
1621248335000;11591943;153.934;153.954;153.944;0;T;True;3
1621248336000;11591944;153.934;153.954;153.944;0;T;True;3
1621248337000;11591945;153.934;153.954;153.944;0;T;True;3
1621248338000;11591946;153.934;153.954;153.944;0;T;True;3
1621248339000;11591947;153.934;153.954;153.944;0;T;True;3
1621248340000;11591948;153.934;153.954;153.944;0;T;True;3
1621248341000;11591949;153.934;153.954;153.944;0;T;True;3
1621248342000;11591951;153.935;153.955;153.945;1;T;True;3
1621248343000;11591952;153.935;153.955;153.945;0;T;True;3
1621248344000;11591953;153.935;153.955;153.945;0;T;True;3
1621248345000;11591954;153.935;153.955;153.945;0;T;True;3
1621248346000;11591955;153.935;153.955;153.945;0;T;True;3
1621248347000;11591956;153.935;153.955;153.945;0;T;True;3
1621248348000;11591957;153.935;153.955;153.945;0;T;True;3
1621248349000;11591958;153.935;153.955;153.945;0;T;True;3
1621248350000;11591959;153.935;153.955;153.945;0;T;True;3
1621248351000;11591961;153.933;153.953;153.943;1;T;True;3
1621248352000;11591963;153.934;153.954;153.944;1;T;True;3
1621248353000;11591965;153.933;153.953;153.943;1;T;True;3
1621248354000;11591966;153.933;153.953;153.943;0;T;True;3
1621248355000;11591967;153.933;153.953;153.943;0;T;True;3
1621248356000;11591968;153.933;153.953;153.943;0;T;True;3
1621248357000;11591969;153.933;153.953;153.943;0;T;True;3
1621248358000;11591970;153.933;153.953;153.943;0;T;True;3
1621248359000;11591971;153.933;153.953;153.943;0;T;True;3
1621248360000;11591972;153.933;153.953;153.943;0;T;True;3
1621248361000;11591973;153.933;153.953;153.943;0;T;True;3
1621248362000;11591974;153.933;153.953;153.943;0;T;True;3
1621248363000;11591975;153.933;153.953;153.943;0;T;True;3
1621248364000;11591976;153.933;153.953;153.943;0;T;True;3
1621248365000;11591977;153.933;153.953;153.943;0;T;True;3
1621248366000;11591979;153.934;153.954;153.944;1;T;True;3
1621248367000;11591980;153.934;153.954;153.944;0;T;True;3
1621248368000;11591981;153.934;153.954;153.944;0;T;True;3
1621248369000;11591984;153.939;153.959;153.949;2;T;True;3
1621248370000;11591985;153.939;153.959;153.949;0;T;True;3
1621248371000;11591986;153.939;153.959;153.949;0;T;True;3
1621248372000;11591987;153.939;153.959;153.949;0;T;True;3
1621248373000;11591988;153.939;153.959;153.949;0;T;True;3
1621248374000;11591989;153.939;153.959;153.949;0;T;True;3
1621248375000;11591990;153.939;153.959;153.949;0;T;True;3
1621248376000;11591992;153.941;153.961;153.951;1;T;True;3
1621248377000;11591993;153.941;153.961;153.951;0;T;True;3
1621248378000;11591994;153.941;153.961;153.951;0;T;True;3
1621248379000;11591995;153.941;153.961;153.951;0;T;True;3
1621248380000;11591996;153.941;153.961;153.951;0;T;True;3
1621248381000;11591999;153.945;153.965;153.955;2;T;True;3
1621248382000;11592000;153.945;153.965;153.955;0;T;True;3
1621248383000;11592001;153.945;153.965;153.955;0;T;True;3
1621248384000;11592005;153.95;153.97;153.96;3;T;True;3
1621248385000;11592009;153.949;153.969;153.959;3;T;True;3
1621248386000;11592010;153.949;153.969;153.959;0;T;True;3
1621248387000;11592011;153.949;153.969;153.959;0;T;True;3
1621248388000;11592012;153.949;153.969;153.959;0;T;True;3
1621248389000;11592013;153.949;153.969;153.959;0;T;True;3
1621248390000;11592014;153.949;153.969;153.959;0;T;True;3
1621248391000;11592015;153.949;153.969;153.959;0;T;True;3
1621248392000;11592016;153.949;153.969;153.959;0;T;True;3
1621248393000;11592017;153.949;153.969;153.959;0;T;True;3
1621248394000;11592018;153.949;153.969;153.959;0;T;True;3
1621248395000;11592019;153.949;153.969;153.959;0;T;True;3
1621248396000;11592020;153.949;153.969;153.959;0;T;True;3
1621248397000;11592021;153.949;153.969;153.959;0;T;True;3
1621248398000;11592022;153.949;153.969;153.959;0;T;True;3
1621248399000;11592023;153.949;153.969;153.959;0;T;True;3
1621248400000;11592024;153.949;153.969;153.959;0;T;True;3
1621248401000;11592025;153.949;153.969;153.959;0;T;True;3
1621248402000;11592026;153.949;153.969;153.959;0;T;True;3
1621248403000;11592027;153.949;153.969;153.959;0;T;True;3
1621248404000;11592028;153.949;153.969;153.959;0;T;True;3
1621248405000;11592032;153.945;153.965;153.955;3;T;True;3
1621248406000;11592033;153.945;153.965;153.955;0;T;True;3
1621248407000;11592034;153.945;153.965;153.955;0;T;True;3
1621248408000;11592035;153.945;153.965;153.955;0;T;True;3
1621248409000;11592036;153.945;153.965;153.955;0;T;True;3
1621248410000;11592037;153.945;153.965;153.955;0;T;True;3
1621248411000;11592040;153.945;153.965;153.955;2;T;True;3
1621248412000;11592041;153.945;153.965;153.955;0;T;True;3
1621248413000;11592042;153.945;153.965;153.955;0;T;True;3
1621248414000;11592043;153.945;153.965;153.955;0;T;True;3
1621248415000;11592044;153.945;153.965;153.955;0;T;True;3
1621248416000;11592046;153.946;153.966;153.956;1;T;True;3
1621248417000;11592049;153.946;153.966;153.956;2;T;True;3
1621248418000;11592050;153.946;153.966;153.956;0;T;True;3
1621248419000;11592051;153.946;153.966;153.956;0;T;True;3
1621248420000;11592053;153.947;153.967;153.957;1;T;True;3
1621248421000;11592056;153.949;153.969;153.959;2;T;True;3
1621248422000;11592057;153.949;153.969;153.959;0;T;True;3
1621248423000;11592058;153.949;153.969;153.959;0;T;True;3
1621248424000;11592059;153.949;153.969;153.959;0;T;True;3
1621248425000;11592061;153.95;153.97;153.96;1;T;True;3
1621248426000;11592062;153.95;153.97;153.96;0;T;True;3
1621248427000;11592063;153.95;153.97;153.96;0;T;True;3
1621248428000;11592064;153.95;153.97;153.96;0;T;True;3
1621248429000;11592065;153.95;153.97;153.96;0;T;True;3
1621248430000;11592067;153.949;153.969;153.959;1;T;True;3
1621248431000;11592068;153.949;153.969;153.959;0;T;True;3
1621248432000;11592069;153.949;153.969;153.959;0;T;True;3
1621248433000;11592071;153.95;153.97;153.96;1;T;True;3
1621248434000;11592074;153.953;153.973;153.963;2;T;True;3
1621248435000;11592077;153.954;153.974;153.964;2;T;True;3
1621248436000;11592078;153.954;153.974;153.964;0;T;True;3
1621248437000;11592081;153.955;153.975;153.965;2;T;True;3
1621248438000;11592082;153.955;153.975;153.965;0;T;True;3
1621248439000;11592084;153.956;153.976;153.966;1;T;True;3
1621248440000;11592085;153.956;153.976;153.966;0;T;True;3
1621248441000;11592087;153.955;153.975;153.965;1;T;True;3
1621248442000;11592088;153.955;153.975;153.965;0;T;True;3
1621248443000;11592089;153.955;153.975;153.965;0;T;True;3
1621248444000;11592090;153.955;153.975;153.965;0;T;True;3
1621248445000;11592091;153.955;153.975;153.965;0;T;True;3
1621248446000;11592092;153.955;153.975;153.965;0;T;True;3
1621248447000;11592095;153.957;153.977;153.967;2;T;True;3
1621248448000;11592096;153.957;153.977;153.967;0;T;True;3
1621248449000;11592099;153.956;153.976;153.966;2;T;True;3
1621248450000;11592100;153.956;153.976;153.966;0;T;True;3
1621248451000;11592102;153.957;153.977;153.967;1;T;True;3
1621248452000;11592103;153.957;153.977;153.967;0;T;True;3
1621248453000;11592104;153.957;153.977;153.967;0;T;True;3
1621248454000;11592105;153.957;153.977;153.967;0;T;True;3
1621248455000;11592106;153.957;153.977;153.967;0;T;True;3
1621248456000;11592108;153.961;153.981;153.971;1;T;True;3
1621248457000;11592112;153.96;153.98;153.97;3;T;True;3
1621248458000;11592114;153.961;153.981;153.971;1;T;True;3
1621248459000;11592115;153.961;153.981;153.971;0;T;True;3
1621248460000;11592116;153.961;153.981;153.971;0;T;True;3
1621248461000;11592117;153.961;153.981;153.971;0;T;True;3
1621248462000;11592118;153.961;153.981;153.971;0;T;True;3
1621248463000;11592120;153.959;153.979;153.969;1;T;True;3
1621248464000;11592122;153.957;153.977;153.967;1;T;True;3
1621248465000;11592123;153.957;153.977;153.967;0;T;True;3
1621248466000;11592124;153.957;153.977;153.967;0;T;True;3
1621248467000;11592125;153.957;153.977;153.967;0;T;True;3
1621248468000;11592126;153.957;153.977;153.967;0;T;True;3
1621248469000;11592128;153.959;153.979;153.969;1;T;True;3
1621248470000;11592129;153.959;153.979;153.969;0;T;True;3
1621248471000;11592130;153.959;153.979;153.969;0;T;True;3
1621248472000;11592131;153.959;153.979;153.969;0;T;True;3
1621248473000;11592132;153.959;153.979;153.969;0;T;True;3
1621248474000;11592133;153.959;153.979;153.969;0;T;True;3
1621248475000;11592134;153.959;153.979;153.969;0;T;True;3
1621248476000;11592135;153.959;153.979;153.969;0;T;True;3
1621248477000;11592136;153.959;153.979;153.969;0;T;True;3
1621248478000;11592137;153.959;153.979;153.969;0;T;True;3
1621248479000;11592138;153.959;153.979;153.969;0;T;True;3
1621248480000;11592139;153.959;153.979;153.969;0;T;True;3
1621248481000;11592141;153.96;153.98;153.97;1;T;True;3
1621248482000;11592142;153.96;153.98;153.97;0;T;True;3
1621248483000;11592143;153.96;153.98;153.97;0;T;True;3
1621248484000;11592144;153.96;153.98;153.97;0;T;True;3
1621248485000;11592145;153.96;153.98;153.97;0;T;True;3
1621248486000;11592146;153.96;153.98;153.97;0;T;True;3
1621248487000;11592147;153.96;153.98;153.97;0;T;True;3
1621248488000;11592153;153.968;153.988;153.978;5;T;True;3
1621248489000;11592160;153.983;154.003;153.993;6;T;True;3
1621248490000;11592161;153.983;154.003;153.993;0;T;True;3
1621248491000;11592162;153.983;154.003;153.993;0;T;True;3
1621248492000;11592164;153.984;154.004;153.994;1;T;True;3
1621248493000;11592168;153.974;153.994;153.984;3;T;True;3
1621248494000;11592169;153.974;153.994;153.984;0;T;True;3
1621248495000;11592170;153.974;153.994;153.984;0;T;True;3
1621248496000;11592171;153.974;153.994;153.984;0;T;True;3
1621248497000;11592172;153.974;153.994;153.984;0;T;True;3
1621248498000;11592174;153.973;153.993;153.983;1;T;True;3
1621248499000;11592175;153.973;153.993;153.983;0;T;True;3
1621248500000;11592179;153.977;153.997;153.987;3;T;True;3
1621248501000;11592180;153.977;153.997;153.987;0;T;True;3
1621248502000;11592181;153.977;153.997;153.987;0;T;True;3
1621248503000;11592183;153.979;153.999;153.989;1;T;True;3
1621248504000;11592185;153.981;154.001;153.991;1;T;True;3
1621248505000;11592186;153.981;154.001;153.991;0;T;True;3
1621248506000;11592187;153.981;154.001;153.991;0;T;True;3
1621248507000;11592188;153.981;154.001;153.991;0;T;True;3
1621248508000;11592189;153.981;154.001;153.991;0;T;True;3
1621248509000;11592190;153.981;154.001;153.991;0;T;True;3
1621248510000;11592191;153.981;154.001;153.991;0;T;True;3
1621248511000;11592192;153.981;154.001;153.991;0;T;True;3
1621248512000;11592195;153.981;154.001;153.991;2;T;True;3
1621248513000;11592196;153.981;154.001;153.991;0;T;True;3
1621248514000;11592198;153.983;154.003;153.993;1;T;True;3
1621248515000;11592201;153.987;154.007;153.997;2;T;True;3
1621248516000;11592204;153.991;154.011;154.001;2;T;True;3
1621248517000;11592206;153.993;154.013;154.003;1;T;True;3
1621248518000;11592207;153.993;154.013;154.003;0;T;True;3
1621248519000;11592208;153.993;154.013;154.003;0;T;True;3
1621248520000;11592209;153.993;154.013;154.003;0;T;True;3
1621248521000;11592211;153.994;154.014;154.004;1;T;True;3
1621248522000;11592212;153.994;154.014;154.004;0;T;True;3
1621248523000;11592213;153.994;154.014;154.004;0;T;True;3
1621248524000;11592217;153.993;154.013;154.003;3;T;True;3
1621248525000;11592218;153.993;154.013;154.003;0;T;True;3
1621248526000;11592220;153.994;154.014;154.004;1;T;True;3
1621248527000;11592221;153.994;154.014;154.004;0;T;True;3
1621248528000;11592222;153.994;154.014;154.004;0;T;True;3
1621248529000;11592223;153.994;154.014;154.004;0;T;True;3
1621248530000;11592224;153.994;154.014;154.004;0;T;True;3
1621248531000;11592225;153.994;154.014;154.004;0;T;True;3
1621248532000;11592226;153.994;154.014;154.004;0;T;True;3
1621248533000;11592227;153.994;154.014;154.004;0;T;True;3
1621248534000;11592228;153.994;154.014;154.004;0;T;True;3
1621248535000;11592229;153.994;154.014;154.004;0;T;True;3
1621248536000;11592231;153.995;154.015;154.005;1;T;True;3
1621248537000;11592233;153.999;154.019;154.009;1;T;True;3
1621248538000;11592234;153.999;154.019;154.009;0;T;True;3
1621248539000;11592236;153.998;154.018;154.008;1;T;True;3
1621248540000;11592237;153.998;154.018;154.008;0;T;True;3
1621248541000;11592239;153.997;154.017;154.007;1;T;True;3
1621248542000;11592241;153.996;154.016;154.006;1;T;True;3
1621248543000;11592243;153.995;154.015;154.005;1;T;True;3
1621248544000;11592246;153.995;154.015;154.005;2;T;True;3
1621248545000;11592247;153.995;154.015;154.005;0;T;True;3
1621248546000;11592248;153.995;154.015;154.005;0;T;True;3
1621248547000;11592249;153.995;154.015;154.005;0;T;True;3
1621248548000;11592250;153.995;154.015;154.005;0;T;True;3
1621248549000;11592251;153.995;154.015;154.005;0;T;True;3
1621248550000;11592252;153.995;154.015;154.005;0;T;True;3
1621248551000;11592253;153.995;154.015;154.005;0;T;True;3
1621248552000;11592255;153.993;154.013;154.003;1;T;True;3
1621248553000;11592259;153.993;154.013;154.003;3;T;True;3
1621248554000;11592261;153.994;154.014;154.004;1;T;True;3
1621248555000;11592263;153.993;154.013;154.003;1;T;True;3
1621248556000;11592265;153.992;154.012;154.002;1;T;True;3
1621248557000;11592267;153.991;154.011;154.001;1;T;True;3
1621248558000;11592268;153.991;154.011;154.001;0;T;True;3
1621248559000;11592270;153.992;154.012;154.002;1;T;True;3
1621248560000;11592271;153.992;154.012;154.002;0;T;True;3
1621248561000;11592273;153.993;154.013;154.003;1;T;True;3
1621248562000;11592275;153.994;154.014;154.004;1;T;True;3
1621248563000;11592276;153.994;154.014;154.004;0;T;True;3
1621248564000;11592278;153.995;154.015;154.005;1;T;True;3
1621248565000;11592279;153.995;154.015;154.005;0;T;True;3
1621248566000;11592280;153.995;154.015;154.005;0;T;True;3
1621248567000;11592281;153.995;154.015;154.005;0;T;True;3
1621248568000;11592282;153.995;154.015;154.005;0;T;True;3
1621248569000;11592283;153.995;154.015;154.005;0;T;True;3
1621248570000;11592284;153.995;154.015;154.005;0;T;True;3
1621248571000;11592285;153.995;154.015;154.005;0;T;True;3
1621248572000;11592286;153.995;154.015;154.005;0;T;True;3
1621248573000;11592287;153.995;154.015;154.005;0;T;True;3
1621248574000;11592288;153.995;154.015;154.005;0;T;True;3
1621248575000;11592289;153.995;154.015;154.005;0;T;True;3
1621248576000;11592290;153.995;154.015;154.005;0;T;True;3
1621248577000;11592291;153.995;154.015;154.005;0;T;True;3
1621248578000;11592292;153.995;154.015;154.005;0;T;True;3
1621248579000;11592298;153.985;154.005;153.995;5;T;True;3
1621248580000;11592299;153.985;154.005;153.995;0;T;True;3
1621248581000;11592300;153.985;154.005;153.995;0;T;True;3
1621248582000;11592301;153.985;154.005;153.995;0;T;True;3
1621248583000;11592302;153.985;154.005;153.995;0;T;True;3
1621248584000;11592303;153.985;154.005;153.995;0;T;True;3
1621248585000;11592310;153.997;154.017;154.007;6;T;True;3
1621248586000;11592316;154.001;154.021;154.011;5;T;True;3
1621248587000;11592321;154.005;154.025;154.015;4;T;True;3
1621248588000;11592322;154.005;154.025;154.015;0;T;True;3
1621248589000;11592324;154.004;154.024;154.014;1;T;True;3
1621248590000;11592326;154.003;154.023;154.013;1;T;True;3
1621248591000;11592327;154.003;154.023;154.013;0;T;True;3
1621248592000;11592328;154.003;154.023;154.013;0;T;True;3
1621248593000;11592329;154.003;154.023;154.013;0;T;True;3
1621248594000;11592332;154.003;154.023;154.013;2;T;True;3
1621248595000;11592334;154.005;154.025;154.015;1;T;True;3
1621248596000;11592336;154.008;154.028;154.018;1;T;True;3
1621248597000;11592338;154.007;154.027;154.017;1;T;True;3
1621248598000;11592340;154.009;154.029;154.019;1;T;True;3
1621248599000;11592343;154.009;154.029;154.019;2;T;True;3
1621248600000;11592344;154.009;154.029;154.019;0;T;True;3
1621248601000;11592348;154.003;154.023;154.013;3;T;True;3
1621248602000;11592349;154.003;154.023;154.013;0;T;True;3
1621248603000;11592350;154.003;154.023;154.013;0;T;True;3
1621248604000;11592353;154.003;154.023;154.013;2;T;True;3
1621248605000;11592354;154.003;154.023;154.013;0;T;True;3
1621248606000;11592355;154.003;154.023;154.013;0;T;True;3
1621248607000;11592356;154.003;154.023;154.013;0;T;True;3
1621248608000;11592357;154.003;154.023;154.013;0;T;True;3
1621248609000;11592361;153.995;154.015;154.005;3;T;True;3
1621248610000;11592363;153.993;154.013;154.003;1;T;True;3
1621248611000;11592364;153.993;154.013;154.003;0;T;True;3
1621248612000;11592365;153.993;154.013;154.003;0;T;True;3
1621248613000;11592366;153.993;154.013;154.003;0;T;True;3
1621248614000;11592367;153.993;154.013;154.003;0;T;True;3
1621248615000;11592368;153.993;154.013;154.003;0;T;True;3
1621248616000;11592369;153.993;154.013;154.003;0;T;True;3
1621248617000;11592370;153.993;154.013;154.003;0;T;True;3
1621248618000;11592371;153.993;154.013;154.003;0;T;True;3
1621248619000;11592373;153.991;154.011;154.001;1;T;True;3
1621248620000;11592377;153.989;154.009;153.999;3;T;True;3
1621248621000;11592378;153.989;154.009;153.999;0;T;True;3
1621248622000;11592382;153.983;154.003;153.993;3;T;True;3
1621248623000;11592383;153.983;154.003;153.993;0;T;True;3
1621248624000;11592384;153.983;154.003;153.993;0;T;True;3
1621248625000;11592385;153.983;154.003;153.993;0;T;True;3
1621248626000;11592386;153.983;154.003;153.993;0;T;True;3
1621248627000;11592387;153.983;154.003;153.993;0;T;True;3
1621248628000;11592388;153.983;154.003;153.993;0;T;True;3
1621248629000;11592389;153.983;154.003;153.993;0;T;True;3
1621248630000;11592390;153.983;154.003;153.993;0;T;True;3
1621248631000;11592391;153.983;154.003;153.993;0;T;True;3
1621248632000;11592392;153.983;154.003;153.993;0;T;True;3
1621248633000;11592393;153.983;154.003;153.993;0;T;True;3
1621248634000;11592398;153.989;154.009;153.999;4;T;True;3
1621248635000;11592401;153.993;154.013;154.003;2;T;True;3
1621248636000;11592402;153.993;154.013;154.003;0;T;True;3
1621248637000;11592403;153.993;154.013;154.003;0;T;True;3
1621248638000;11592404;153.993;154.013;154.003;0;T;True;3
1621248639000;11592405;153.993;154.013;154.003;0;T;True;3
1621248640000;11592406;153.993;154.013;154.003;0;T;True;3
1621248641000;11592407;153.993;154.013;154.003;0;T;True;3
1621248642000;11592408;153.993;154.013;154.003;0;T;True;3
1621248643000;11592409;153.993;154.013;154.003;0;T;True;3
1621248644000;11592410;153.993;154.013;154.003;0;T;True;3
1621248645000;11592411;153.993;154.013;154.003;0;T;True;3
1621248646000;11592412;153.993;154.013;154.003;0;T;True;3
1621248647000;11592413;153.993;154.013;154.003;0;T;True;3
1621248648000;11592414;153.993;154.013;154.003;0;T;True;3
1621248649000;11592415;153.993;154.013;154.003;0;T;True;3
1621248650000;11592417;153.995;154.015;154.005;1;T;True;3
1621248651000;11592418;153.995;154.015;154.005;0;T;True;3
1621248652000;11592421;153.992;154.012;154.002;2;T;True;3
1621248653000;11592422;153.992;154.012;154.002;0;T;True;3
1621248654000;11592423;153.992;154.012;154.002;0;T;True;3
1621248655000;11592424;153.992;154.012;154.002;0;T;True;3
1621248656000;11592425;153.992;154.012;154.002;0;T;True;3
1621248657000;11592426;153.992;154.012;154.002;0;T;True;3
1621248658000;11592428;153.991;154.011;154.001;1;T;True;3
1621248659000;11592429;153.991;154.011;154.001;0;T;True;3
1621248660000;11592430;153.991;154.011;154.001;0;T;True;3
1621248661000;11592431;153.991;154.011;154.001;0;T;True;3
1621248662000;11592433;153.989;154.009;153.999;1;T;True;3
1621248663000;11592434;153.989;154.009;153.999;0;T;True;3
1621248664000;11592435;153.989;154.009;153.999;0;T;True;3
1621248665000;11592436;153.989;154.009;153.999;0;T;True;3
1621248666000;11592437;153.989;154.009;153.999;0;T;True;3
1621248667000;11592438;153.989;154.009;153.999;0;T;True;3
1621248668000;11592440;153.991;154.011;154.001;1;T;True;3
1621248669000;11592441;153.991;154.011;154.001;0;T;True;3
1621248670000;11592442;153.991;154.011;154.001;0;T;True;3
1621248671000;11592443;153.991;154.011;154.001;0;T;True;3
1621248672000;11592444;153.991;154.011;154.001;0;T;True;3
1621248673000;11592445;153.991;154.011;154.001;0;T;True;3
1621248674000;11592446;153.991;154.011;154.001;0;T;True;3
1621248675000;11592447;153.991;154.011;154.001;0;T;True;3
1621248676000;11592448;153.991;154.011;154.001;0;T;True;3
1621248677000;11592449;153.991;154.011;154.001;0;T;True;3
1621248678000;11592450;153.991;154.011;154.001;0;T;True;3
1621248679000;11592451;153.991;154.011;154.001;0;T;True;3
1621248680000;11592452;153.991;154.011;154.001;0;T;True;3
1621248681000;11592453;153.991;154.011;154.001;0;T;True;3
1621248682000;11592454;153.991;154.011;154.001;0;T;True;3
1621248683000;11592455;153.991;154.011;154.001;0;T;True;3
1621248684000;11592456;153.991;154.011;154.001;0;T;True;3
1621248685000;11592457;153.991;154.011;154.001;0;T;True;3
1621248686000;11592459;153.989;154.009;153.999;1;T;True;3
1621248687000;11592461;153.991;154.011;154.001;1;T;True;3
1621248688000;11592462;153.991;154.011;154.001;0;T;True;3
1621248689000;11592463;153.991;154.011;154.001;0;T;True;3
1621248690000;11592464;153.991;154.011;154.001;0;T;True;3
1621248691000;11592465;153.991;154.011;154.001;0;T;True;3
1621248692000;11592466;153.991;154.011;154.001;0;T;True;3
1621248693000;11592467;153.991;154.011;154.001;0;T;True;3
1621248694000;11592468;153.991;154.011;154.001;0;T;True;3
1621248695000;11592470;153.993;154.013;154.003;1;T;True;3
1621248696000;11592471;153.993;154.013;154.003;0;T;True;3
1621248697000;11592472;153.993;154.013;154.003;0;T;True;3
1621248698000;11592473;153.993;154.013;154.003;0;T;True;3
1621248699000;11592475;153.994;154.014;154.004;1;T;True;3
1621248700000;11592476;153.994;154.014;154.004;0;T;True;3
1621248701000;11592477;153.994;154.014;154.004;0;T;True;3
1621248702000;11592478;153.994;154.014;154.004;0;T;True;3
1621248703000;11592479;153.994;154.014;154.004;0;T;True;3
1621248704000;11592480;153.994;154.014;154.004;0;T;True;3
1621248705000;11592481;153.994;154.014;154.004;0;T;True;3
1621248706000;11592482;153.994;154.014;154.004;0;T;True;3
1621248707000;11592483;153.994;154.014;154.004;0;T;True;3
1621248708000;11592484;153.994;154.014;154.004;0;T;True;3
1621248709000;11592485;153.994;154.014;154.004;0;T;True;3
1621248710000;11592486;153.994;154.014;154.004;0;T;True;3
1621248711000;11592488;153.993;154.013;154.003;1;T;True;3
1621248712000;11592489;153.993;154.013;154.003;0;T;True;3
1621248713000;11592490;153.993;154.013;154.003;0;T;True;3
1621248714000;11592491;153.993;154.013;154.003;0;T;True;3
1621248715000;11592492;153.993;154.013;154.003;0;T;True;3
1621248716000;11592493;153.993;154.013;154.003;0;T;True;3
1621248717000;11592495;153.99;154.01;154.0;1;T;True;3
1621248718000;11592506;153.966;153.986;153.976;10;T;True;3
1621248719000;11592508;153.965;153.985;153.975;1;T;True;3
1621248720000;11592509;153.965;153.985;153.975;0;T;True;3
1621248721000;11592510;153.965;153.985;153.975;0;T;True;3
1621248722000;11592512;153.963;153.983;153.973;1;T;True;3
1621248723000;11592513;153.963;153.983;153.973;0;T;True;3
1621248724000;11592514;153.963;153.983;153.973;0;T;True;3
1621248725000;11592515;153.963;153.983;153.973;0;T;True;3
1621248726000;11592517;153.961;153.981;153.971;1;T;True;3
1621248727000;11592520;153.959;153.979;153.969;2;T;True;3
1621248728000;11592521;153.959;153.979;153.969;0;T;True;3
1621248729000;11592522;153.959;153.979;153.969;0;T;True;3
1621248730000;11592524;153.958;153.978;153.968;1;T;True;3
1621248731000;11592527;153.958;153.978;153.968;2;T;True;3
1621248732000;11592529;153.959;153.979;153.969;1;T;True;3
1621248733000;11592532;153.961;153.981;153.971;2;T;True;3
1621248734000;11592535;153.961;153.981;153.971;2;T;True;3
1621248735000;11592537;153.963;153.983;153.973;1;T;True;3
1621248736000;11592538;153.963;153.983;153.973;0;T;True;3
1621248737000;11592539;153.963;153.983;153.973;0;T;True;3
1621248738000;11592540;153.963;153.983;153.973;0;T;True;3
1621248739000;11592541;153.963;153.983;153.973;0;T;True;3
1621248740000;11592542;153.963;153.983;153.973;0;T;True;3
1621248741000;11592543;153.963;153.983;153.973;0;T;True;3
1621248742000;11592544;153.963;153.983;153.973;0;T;True;3
1621248743000;11592546;153.965;153.985;153.975;1;T;True;3
1621248744000;11592547;153.965;153.985;153.975;0;T;True;3
1621248745000;11592548;153.965;153.985;153.975;0;T;True;3
1621248746000;11592549;153.965;153.985;153.975;0;T;True;3
1621248747000;11592550;153.965;153.985;153.975;0;T;True;3
1621248748000;11592555;153.96;153.98;153.97;4;T;True;3
1621248749000;11592558;153.961;153.981;153.971;2;T;True;3
1621248750000;11592560;153.959;153.979;153.969;1;T;True;3
1621248751000;11592562;153.96;153.98;153.97;1;T;True;3
1621248752000;11592565;153.963;153.983;153.973;2;T;True;3
1621248753000;11592566;153.963;153.983;153.973;0;T;True;3
1621248754000;11592571;153.956;153.976;153.966;4;T;True;3
1621248755000;11592572;153.956;153.976;153.966;0;T;True;3
1621248756000;11592573;153.956;153.976;153.966;0;T;True;3
1621248757000;11592574;153.956;153.976;153.966;0;T;True;3
1621248758000;11592575;153.956;153.976;153.966;0;T;True;3
1621248759000;11592576;153.956;153.976;153.966;0;T;True;3
1621248760000;11592581;153.957;153.977;153.967;4;T;True;3
1621248761000;11592582;153.957;153.977;153.967;0;T;True;3
1621248762000;11592583;153.957;153.977;153.967;0;T;True;3
1621248763000;11592584;153.957;153.977;153.967;0;T;True;3
1621248764000;11592585;153.957;153.977;153.967;0;T;True;3
1621248765000;11592587;153.956;153.976;153.966;1;T;True;3
1621248766000;11592588;153.956;153.976;153.966;0;T;True;3
1621248767000;11592589;153.956;153.976;153.966;0;T;True;3
1621248768000;11592590;153.956;153.976;153.966;0;T;True;3
1621248769000;11592591;153.956;153.976;153.966;0;T;True;3
1621248770000;11592593;153.957;153.977;153.967;1;T;True;3
1621248771000;11592594;153.957;153.977;153.967;0;T;True;3
1621248772000;11592595;153.957;153.977;153.967;0;T;True;3
1621248773000;11592596;153.957;153.977;153.967;0;T;True;3
1621248774000;11592597;153.957;153.977;153.967;0;T;True;3
1621248775000;11592598;153.957;153.977;153.967;0;T;True;3
1621248776000;11592601;153.963;153.983;153.973;2;T;True;3
1621248777000;11592602;153.963;153.983;153.973;0;T;True;3
1621248778000;11592605;153.965;153.985;153.975;2;T;True;3
1621248779000;11592606;153.965;153.985;153.975;0;T;True;3
1621248780000;11592607;153.965;153.985;153.975;0;T;True;3
1621248781000;11592608;153.965;153.985;153.975;0;T;True;3
1621248782000;11592609;153.965;153.985;153.975;0;T;True;3
1621248783000;11592610;153.965;153.985;153.975;0;T;True;3
1621248784000;11592612;153.967;153.987;153.977;1;T;True;3
1621248785000;11592613;153.967;153.987;153.977;0;T;True;3
1621248786000;11592614;153.967;153.987;153.977;0;T;True;3
1621248787000;11592615;153.967;153.987;153.977;0;T;True;3
1621248788000;11592616;153.967;153.987;153.977;0;T;True;3
1621248789000;11592617;153.967;153.987;153.977;0;T;True;3
1621248790000;11592618;153.967;153.987;153.977;0;T;True;3
1621248791000;11592619;153.967;153.987;153.977;0;T;True;3
1621248792000;11592620;153.967;153.987;153.977;0;T;True;3
1621248793000;11592621;153.967;153.987;153.977;0;T;True;3
1621248794000;11592622;153.967;153.987;153.977;0;T;True;3
1621248795000;11592624;153.971;153.991;153.981;1;T;True;3
1621248796000;11592630;153.966;153.986;153.976;5;T;True;3
1621248797000;11592632;153.967;153.987;153.977;1;T;True;3
1621248798000;11592633;153.967;153.987;153.977;0;T;True;3
1621248799000;11592639;153.971;153.991;153.981;5;T;True;3
1621248800000;11592640;153.971;153.991;153.981;0;T;True;3
1621248801000;11592644;153.975;153.995;153.985;3;T;True;3
1621248802000;11592645;153.975;153.995;153.985;0;T;True;3
1621248803000;11592646;153.975;153.995;153.985;0;T;True;3
1621248804000;11592647;153.975;153.995;153.985;0;T;True;3
1621248805000;11592649;153.977;153.997;153.987;1;T;True;3
1621248806000;11592651;153.979;153.999;153.989;1;T;True;3
1621248807000;11592652;153.979;153.999;153.989;0;T;True;3
1621248808000;11592654;153.98;154.0;153.99;1;T;True;3
1621248809000;11592655;153.98;154.0;153.99;0;T;True;3
1621248810000;11592657;153.979;153.999;153.989;1;T;True;3
1621248811000;11592658;153.979;153.999;153.989;0;T;True;3
1621248812000;11592660;153.977;153.997;153.987;1;T;True;3
1621248813000;11592664;153.979;153.999;153.989;3;T;True;3
1621248814000;11592665;153.979;153.999;153.989;0;T;True;3
1621248815000;11592667;153.981;154.001;153.991;1;T;True;3
1621248816000;11592668;153.981;154.001;153.991;0;T;True;3
1621248817000;11592670;153.982;154.002;153.992;1;T;True;3
1621248818000;11592671;153.982;154.002;153.992;0;T;True;3
1621248819000;11592672;153.982;154.002;153.992;0;T;True;3
1621248820000;11592673;153.982;154.002;153.992;0;T;True;3
1621248821000;11592677;153.979;153.999;153.989;3;T;True;3
1621248822000;11592678;153.979;153.999;153.989;0;T;True;3
1621248823000;11592679;153.979;153.999;153.989;0;T;True;3
1621248824000;11592681;153.975;153.995;153.985;1;T;True;3
1621248825000;11592682;153.975;153.995;153.985;0;T;True;3
1621248826000;11592683;153.975;153.995;153.985;0;T;True;3
1621248827000;11592684;153.975;153.995;153.985;0;T;True;3
1621248828000;11592685;153.975;153.995;153.985;0;T;True;3
1621248829000;11592686;153.975;153.995;153.985;0;T;True;3
1621248830000;11592687;153.975;153.995;153.985;0;T;True;3
1621248831000;11592688;153.975;153.995;153.985;0;T;True;3
1621248832000;11592689;153.975;153.995;153.985;0;T;True;3
1621248833000;11592690;153.975;153.995;153.985;0;T;True;3
1621248834000;11592691;153.975;153.995;153.985;0;T;True;3
1621248835000;11592692;153.975;153.995;153.985;0;T;True;3
1621248836000;11592693;153.975;153.995;153.985;0;T;True;3
1621248837000;11592695;153.974;153.994;153.984;1;T;True;3
1621248838000;11592696;153.974;153.994;153.984;0;T;True;3
1621248839000;11592697;153.974;153.994;153.984;0;T;True;3
1621248840000;11592699;153.973;153.993;153.983;1;T;True;3
1621248841000;11592702;153.971;153.991;153.981;2;T;True;3
1621248842000;11592704;153.97;153.99;153.98;1;T;True;3
1621248843000;11592706;153.969;153.989;153.979;1;T;True;3
1621248844000;11592708;153.97;153.99;153.98;1;T;True;3
1621248845000;11592709;153.97;153.99;153.98;0;T;True;3
1621248846000;11592711;153.971;153.991;153.981;1;T;True;3
1621248847000;11592712;153.971;153.991;153.981;0;T;True;3
1621248848000;11592718;153.964;153.984;153.974;5;T;True;3
1621248849000;11592720;153.966;153.986;153.976;1;T;True;3
1621248850000;11592722;153.965;153.985;153.975;1;T;True;3
1621248851000;11592724;153.961;153.981;153.971;1;T;True;3
1621248852000;11592725;153.961;153.981;153.971;0;T;True;3
1621248853000;11592726;153.961;153.981;153.971;0;T;True;3
1621248854000;11592727;153.961;153.981;153.971;0;T;True;3
1621248855000;11592728;153.961;153.981;153.971;0;T;True;3
1621248856000;11592731;153.963;153.983;153.973;2;T;True;3
1621248857000;11592732;153.963;153.983;153.973;0;T;True;3
1621248858000;11592734;153.965;153.985;153.975;1;T;True;3
1621248859000;11592735;153.965;153.985;153.975;0;T;True;3
1621248860000;11592736;153.965;153.985;153.975;0;T;True;3
1621248861000;11592739;153.96;153.98;153.97;2;T;True;3
1621248862000;11592743;153.971;153.991;153.981;3;T;True;3
1621248863000;11592744;153.971;153.991;153.981;0;T;True;3
1621248864000;11592745;153.971;153.991;153.981;0;T;True;3
1621248865000;11592747;153.972;153.992;153.982;1;T;True;3
1621248866000;11592748;153.972;153.992;153.982;0;T;True;3
1621248867000;11592749;153.972;153.992;153.982;0;T;True;3
1621248868000;11592750;153.972;153.992;153.982;0;T;True;3
1621248869000;11592752;153.971;153.991;153.981;1;T;True;3
1621248870000;11592753;153.971;153.991;153.981;0;T;True;3
1621248871000;11592754;153.971;153.991;153.981;0;T;True;3
1621248872000;11592755;153.971;153.991;153.981;0;T;True;3
1621248873000;11592756;153.971;153.991;153.981;0;T;True;3
1621248874000;11592758;153.972;153.992;153.982;1;T;True;3
1621248875000;11592759;153.972;153.992;153.982;0;T;True;3
1621248876000;11592760;153.972;153.992;153.982;0;T;True;3
1621248877000;11592761;153.972;153.992;153.982;0;T;True;3
1621248878000;11592763;153.973;153.993;153.983;1;T;True;3
1621248879000;11592764;153.973;153.993;153.983;0;T;True;3
1621248880000;11592765;153.973;153.993;153.983;0;T;True;3
1621248881000;11592768;153.969;153.989;153.979;2;T;True;3
1621248882000;11592771;153.966;153.986;153.976;2;T;True;3
1621248883000;11592774;153.968;153.988;153.978;2;T;True;3
1621248884000;11592777;153.968;153.988;153.978;2;T;True;3
1621248885000;11592778;153.968;153.988;153.978;0;T;True;3
1621248886000;11592783;153.983;154.003;153.993;4;T;True;3
1621248887000;11592786;153.983;154.003;153.993;2;T;True;3
1621248888000;11592792;153.986;154.006;153.996;5;T;True;3
1621248889000;11592793;153.986;154.006;153.996;0;T;True;3
1621248890000;11592794;153.986;154.006;153.996;0;T;True;3
1621248891000;11592796;153.987;154.007;153.997;1;T;True;3
1621248892000;11592797;153.987;154.007;153.997;0;T;True;3
1621248893000;11592798;153.987;154.007;153.997;0;T;True;3
1621248894000;11592800;153.989;154.009;153.999;1;T;True;3
1621248895000;11592802;153.987;154.007;153.997;1;T;True;3
1621248896000;11592804;153.988;154.008;153.998;1;T;True;3
1621248897000;11592806;153.987;154.007;153.997;1;T;True;3
1621248898000;11592807;153.987;154.007;153.997;0;T;True;3
1621248899000;11592810;153.989;154.009;153.999;2;T;True;3
1621248900000;11592811;153.989;154.009;153.999;0;T;True;3
1621248901000;11592812;153.989;154.009;153.999;0;T;True;3
1621248902000;11592815;153.987;154.007;153.997;2;T;True;3
1621248903000;11592817;153.986;154.006;153.996;1;T;True;3
1621248904000;11592823;153.969;153.989;153.979;5;T;True;3
1621248905000;11592825;153.97;153.99;153.98;1;T;True;3
1621248906000;11592827;153.969;153.989;153.979;1;T;True;3
1621248907000;11592829;153.967;153.987;153.977;1;T;True;3
1621248908000;11592830;153.967;153.987;153.977;0;T;True;3
1621248909000;11592831;153.967;153.987;153.977;0;T;True;3
1621248910000;11592833;153.965;153.985;153.975;1;T;True;3
1621248911000;11592834;153.965;153.985;153.975;0;T;True;3
1621248912000;11592835;153.965;153.985;153.975;0;T;True;3
1621248913000;11592836;153.965;153.985;153.975;0;T;True;3
1621248914000;11592837;153.965;153.985;153.975;0;T;True;3
1621248915000;11592838;153.965;153.985;153.975;0;T;True;3
1621248916000;11592839;153.965;153.985;153.975;0;T;True;3
1621248917000;11592840;153.965;153.985;153.975;0;T;True;3
1621248918000;11592841;153.965;153.985;153.975;0;T;True;3
1621248919000;11592842;153.965;153.985;153.975;0;T;True;3
1621248920000;11592843;153.965;153.985;153.975;0;T;True;3
1621248921000;11592845;153.963;153.983;153.973;1;T;True;3
1621248922000;11592852;153.94;153.96;153.95;6;T;True;3
1621248923000;11592854;153.939;153.959;153.949;1;T;True;3
1621248924000;11592856;153.941;153.961;153.951;1;T;True;3
1621248925000;11592861;153.929;153.949;153.939;4;T;True;3
1621248926000;11592865;153.941;153.961;153.951;3;T;True;3
1621248927000;11592868;153.943;153.963;153.953;2;T;True;3
1621248928000;11592869;153.943;153.963;153.953;0;T;True;3
1621248929000;11592871;153.945;153.965;153.955;1;T;True;3
1621248930000;11592872;153.945;153.965;153.955;0;T;True;3
1621248931000;11592874;153.943;153.963;153.953;1;T;True;3
1621248932000;11592877;153.943;153.963;153.953;2;T;True;3
1621248933000;11592881;153.928;153.948;153.938;3;T;True;3
1621248934000;11592888;153.919;153.939;153.929;6;T;True;3
1621248935000;11592889;153.919;153.939;153.929;0;T;True;3
1621248936000;11592891;153.917;153.937;153.927;1;T;True;3
1621248937000;11592894;153.919;153.939;153.929;2;T;True;3
1621248938000;11592895;153.919;153.939;153.929;0;T;True;3
1621248939000;11592897;153.917;153.937;153.927;1;T;True;3
1621248940000;11592901;153.939;153.959;153.949;3;T;True;3
1621248941000;11592902;153.939;153.959;153.949;0;T;True;3
1621248942000;11592904;153.937;153.957;153.947;1;T;True;3
1621248943000;11592906;153.933;153.953;153.943;1;T;True;3
1621248944000;11592909;153.929;153.949;153.939;2;T;True;3
1621248945000;11592911;153.931;153.951;153.941;1;T;True;3
1621248946000;11592912;153.931;153.951;153.941;0;T;True;3
1621248947000;11592913;153.931;153.951;153.941;0;T;True;3
1621248948000;11592916;153.927;153.947;153.937;2;T;True;3
1621248949000;11592918;153.923;153.943;153.933;1;T;True;3
1621248950000;11592923;153.915;153.935;153.925;4;T;True;3
1621248951000;11592927;153.909;153.929;153.919;3;T;True;3
1621248952000;11592928;153.909;153.929;153.919;0;T;True;3
1621248953000;11592931;153.913;153.933;153.923;2;T;True;3
1621248954000;11592934;153.911;153.931;153.921;2;T;True;3
1621248955000;11592936;153.913;153.933;153.923;1;T;True;3
1621248956000;11592938;153.911;153.931;153.921;1;T;True;3
1621248957000;11592941;153.907;153.927;153.917;2;T;True;3
1621248958000;11592946;153.907;153.927;153.917;4;T;True;3
1621248959000;11592950;153.897;153.917;153.907;3;T;True;3
1621248960000;11592953;153.897;153.917;153.907;2;T;True;3
1621248961000;11592959;153.901;153.921;153.911;5;T;True;3
1621248962000;11592960;153.901;153.921;153.911;0;T;True;3
1621248963000;11592962;153.903;153.923;153.913;1;T;True;3
1621248964000;11592964;153.901;153.921;153.911;1;T;True;3
1621248965000;11592966;153.899;153.919;153.909;1;T;True;3
1621248966000;11592967;153.899;153.919;153.909;0;T;True;3
1621248967000;11592970;153.895;153.915;153.905;2;T;True;3
1621248968000;11592973;153.899;153.919;153.909;2;T;True;3
1621248969000;11592974;153.899;153.919;153.909;0;T;True;3
1621248970000;11592977;153.896;153.916;153.906;2;T;True;3
1621248971000;11592979;153.897;153.917;153.907;1;T;True;3
1621248972000;11592981;153.9;153.92;153.91;1;T;True;3
1621248973000;11592984;153.902;153.922;153.912;2;T;True;3
1621248974000;11592986;153.901;153.921;153.911;1;T;True;3
1621248975000;11592989;153.909;153.929;153.919;2;T;True;3
1621248976000;11592990;153.909;153.929;153.919;0;T;True;3
1621248977000;11592991;153.909;153.929;153.919;0;T;True;3
1621248978000;11592992;153.909;153.929;153.919;0;T;True;3
1621248979000;11592993;153.909;153.929;153.919;0;T;True;3
1621248980000;11592994;153.909;153.929;153.919;0;T;True;3
1621248981000;11592997;153.917;153.937;153.927;2;T;True;3
1621248982000;11592998;153.917;153.937;153.927;0;T;True;3
1621248983000;11593001;153.919;153.939;153.929;2;T;True;3
1621248984000;11593002;153.919;153.939;153.929;0;T;True;3
1621248985000;11593003;153.919;153.939;153.929;0;T;True;3
1621248986000;11593008;153.932;153.952;153.942;4;T;True;3
1621248987000;11593011;153.935;153.955;153.945;2;T;True;3
