ts;n;bid;ask;value;volume;phase;round;active_id
1621240062000;11578333;153.999;154.019;154.009;3;T;True;3
1621240063000;11578339;153.997;154.017;154.007;5;T;True;3
1621240064000;11578340;153.997;154.017;154.007;0;T;True;3
1621240065000;11578343;153.994;154.014;154.004;2;T;True;3
1621240066000;11578344;153.994;154.014;154.004;0;T;True;3
1621240067000;11578346;153.993;154.013;154.003;1;T;True;3
1621240068000;11578347;153.993;154.013;154.003;0;T;True;3
1621240069000;11578348;153.993;154.013;154.003;0;T;True;3
1621240070000;11578349;153.993;154.013;154.003;0;T;True;3
1621240071000;11578350;153.993;154.013;154.003;0;T;True;3
1621240072000;11578352;153.991;154.011;154.001;1;T;True;3
1621240073000;11578353;153.991;154.011;154.001;0;T;True;3
1621240074000;11578354;153.991;154.011;154.001;0;T;True;3
1621240075000;11578355;153.991;154.011;154.001;0;T;True;3
1621240076000;11578356;153.991;154.011;154.001;0;T;True;3
1621240077000;11578357;153.991;154.011;154.001;0;T;True;3
1621240078000;11578359;153.992;154.012;154.002;1;T;True;3
1621240079000;11578360;153.992;154.012;154.002;0;T;True;3
1621240080000;11578361;153.992;154.012;154.002;0;T;True;3
1621240081000;11578362;153.992;154.012;154.002;0;T;True;3
1621240082000;11578363;153.992;154.012;154.002;0;T;True;3
1621240083000;11578365;153.989;154.009;153.999;1;T;True;3
1621240084000;11578366;153.989;154.009;153.999;0;T;True;3
1621240085000;11578367;153.989;154.009;153.999;0;T;True;3
1621240086000;11578370;153.991;154.011;154.001;2;T;True;3
1621240087000;11578372;153.992;154.012;154.002;1;T;True;3
1621240088000;11578376;153.987;154.007;153.997;3;T;True;3
1621240089000;11578377;153.987;154.007;153.997;0;T;True;3
1621240090000;11578378;153.987;154.007;153.997;0;T;True;3
1621240091000;11578379;153.987;154.007;153.997;0;T;True;3
1621240092000;11578380;153.987;154.007;153.997;0;T;True;3
1621240093000;11578381;153.987;154.007;153.997;0;T;True;3
1621240094000;11578382;153.987;154.007;153.997;0;T;True;3
1621240095000;11578383;153.987;154.007;153.997;0;T;True;3
1621240096000;11578386;153.991;154.011;154.001;2;T;True;3
1621240097000;11578389;153.989;154.009;153.999;2;T;True;3
1621240098000;11578391;153.99;154.01;154.0;1;T;True;3
1621240099000;11578393;153.993;154.013;154.003;1;T;True;3
1621240100000;11578395;153.991;154.011;154.001;1;T;True;3
1621240101000;11578397;153.989;154.009;153.999;1;T;True;3
1621240102000;11578398;153.989;154.009;153.999;0;T;True;3
1621240103000;11578399;153.989;154.009;153.999;0;T;True;3
1621240104000;11578400;153.989;154.009;153.999;0;T;True;3
1621240105000;11578401;153.989;154.009;153.999;0;T;True;3
1621240106000;11578402;153.989;154.009;153.999;0;T;True;3
1621240107000;11578403;153.989;154.009;153.999;0;T;True;3
1621240108000;11578404;153.989;154.009;153.999;0;T;True;3
1621240109000;11578406;153.985;154.005;153.995;1;T;True;3
1621240110000;11578408;153.983;154.003;153.993;1;T;True;3
1621240111000;11578409;153.983;154.003;153.993;0;T;True;3
1621240112000;11578410;153.983;154.003;153.993;0;T;True;3
1621240113000;11578411;153.983;154.003;153.993;0;T;True;3
1621240114000;11578413;153.982;154.002;153.992;1;T;True;3
1621240115000;11578414;153.982;154.002;153.992;0;T;True;3
1621240116000;11578415;153.982;154.002;153.992;0;T;True;3
1621240117000;11578416;153.982;154.002;153.992;0;T;True;3
1621240118000;11578417;153.982;154.002;153.992;0;T;True;3
1621240119000;11578418;153.982;154.002;153.992;0;T;True;3
1621240120000;11578419;153.982;154.002;153.992;0;T;True;3
1621240121000;11578421;153.983;154.003;153.993;1;T;True;3
1621240122000;11578422;153.983;154.003;153.993;0;T;True;3
1621240123000;11578424;153.985;154.005;153.995;1;T;True;3
1621240124000;11578425;153.985;154.005;153.995;0;T;True;3
1621240125000;11578427;153.986;154.006;153.996;1;T;True;3
1621240126000;11578428;153.986;154.006;153.996;0;T;True;3
1621240127000;11578429;153.986;154.006;153.996;0;T;True;3
1621240128000;11578430;153.986;154.006;153.996;0;T;True;3
1621240129000;11578431;153.986;154.006;153.996;0;T;True;3
1621240130000;11578432;153.986;154.006;153.996;0;T;True;3
1621240131000;11578435;153.983;154.003;153.993;2;T;True;3
1621240132000;11578441;153.976;153.996;153.986;5;T;True;3
1621240133000;11578444;153.973;153.993;153.983;2;T;True;3
1621240134000;11578449;153.965;153.985;153.975;4;T;True;3
1621240135000;11578451;153.963;153.983;153.973;1;T;True;3
1621240136000;11578453;153.965;153.985;153.975;1;T;True;3
1621240137000;11578455;153.966;153.986;153.976;1;T;True;3
1621240138000;11578456;153.966;153.986;153.976;0;T;True;3
1621240139000;11578457;153.966;153.986;153.976;0;T;True;3
1621240140000;11578458;153.966;153.986;153.976;0;T;True;3
1621240141000;11578459;153.966;153.986;153.976;0;T;True;3
1621240142000;11578462;153.971;153.991;153.981;2;T;True;3
1621240143000;11578465;153.967;153.987;153.977;2;T;True;3
1621240144000;11578466;153.967;153.987;153.977;0;T;True;3
1621240145000;11578468;153.966;153.986;153.976;1;T;True;3
1621240146000;11578470;153.967;153.987;153.977;1;T;True;3
1621240147000;11578471;153.967;153.987;153.977;0;T;True;3
1621240148000;11578472;153.967;153.987;153.977;0;T;True;3
1621240149000;11578474;153.966;153.986;153.976;1;T;True;3
1621240150000;11578476;153.963;153.983;153.973;1;T;True;3
1621240151000;11578478;153.964;153.984;153.974;1;T;True;3
1621240152000;11578480;153.963;153.983;153.973;1;T;True;3
1621240153000;11578481;153.963;153.983;153.973;0;T;True;3
1621240154000;11578482;153.963;153.983;153.973;0;T;True;3
1621240155000;11578483;153.963;153.983;153.973;0;T;True;3
1621240156000;11578484;153.963;153.983;153.973;0;T;True;3
1621240157000;11578485;153.963;153.983;153.973;0;T;True;3
1621240158000;11578486;153.963;153.983;153.973;0;T;True;3
1621240159000;11578487;153.963;153.983;153.973;0;T;True;3
1621240160000;11578488;153.963;153.983;153.973;0;T;True;3
1621240161000;11578489;153.963;153.983;153.973;0;T;True;3
1621240162000;11578492;153.961;153.981;153.971;2;T;True;3
1621240163000;11578493;153.961;153.981;153.971;0;T;True;3
1621240164000;11578494;153.961;153.981;153.971;0;T;True;3
1621240165000;11578495;153.961;153.981;153.971;0;T;True;3
1621240166000;11578496;153.961;153.981;153.971;0;T;True;3
1621240167000;11578500;153.965;153.985;153.975;3;T;True;3
1621240168000;11578501;153.965;153.985;153.975;0;T;True;3
1621240169000;11578502;153.965;153.985;153.975;0;T;True;3
1621240170000;11578503;153.965;153.985;153.975;0;T;True;3
1621240171000;11578504;153.965;153.985;153.975;0;T;True;3
1621240172000;11578505;153.965;153.985;153.975;0;T;True;3
1621240173000;11578510;153.967;153.987;153.977;4;T;True;3
1621240174000;11578511;153.967;153.987;153.977;0;T;True;3
1621240175000;11578516;153.972;153.992;153.982;4;T;True;3
1621240176000;11578518;153.973;153.993;153.983;1;T;True;3
1621240177000;11578522;153.984;154.004;153.994;3;T;True;3
1621240178000;11578524;153.985;154.005;153.995;1;T;True;3
1621240179000;11578527;153.987;154.007;153.997;2;T;True;3
1621240180000;11578530;153.99;154.01;154.0;2;T;True;3
1621240181000;11578535;153.995;154.015;154.005;4;T;True;3
1621240182000;11578537;153.997;154.017;154.007;1;T;True;3
1621240183000;11578538;153.997;154.017;154.007;0;T;True;3
1621240184000;11578542;153.999;154.019;154.009;3;T;True;3
1621240185000;11578543;153.999;154.019;154.009;0;T;True;3
1621240186000;11578545;153.997;154.017;154.007;1;T;True;3
1621240187000;11578546;153.997;154.017;154.007;0;T;True;3
1621240188000;11578547;153.997;154.017;154.007;0;T;True;3
1621240189000;11578548;153.997;154.017;154.007;0;T;True;3
1621240190000;11578549;153.997;154.017;154.007;0;T;True;3
1621240191000;11578550;153.997;154.017;154.007;0;T;True;3
1621240192000;11578551;153.997;154.017;154.007;0;T;True;3
1621240193000;11578552;153.997;154.017;154.007;0;T;True;3
1621240194000;11578556;154.002;154.022;154.012;3;T;True;3
1621240195000;11578557;154.002;154.022;154.012;0;T;True;3
1621240196000;11578560;154.0;154.02;154.01;2;T;True;3
1621240197000;11578565;153.998;154.018;154.008;4;T;True;3
1621240198000;11578566;153.998;154.018;154.008;0;T;True;3
1621240199000;11578570;153.997;154.017;154.007;3;T;True;3
1621240200000;11578571;153.997;154.017;154.007;0;T;True;3
1621240201000;11578572;153.997;154.017;154.007;0;T;True;3
1621240202000;11578573;153.997;154.017;154.007;0;T;True;3
1621240203000;11578574;153.997;154.017;154.007;0;T;True;3
1621240204000;11578577;153.997;154.017;154.007;2;T;True;3
1621240205000;11578578;153.997;154.017;154.007;0;T;True;3
1621240206000;11578580;153.999;154.019;154.009;1;T;True;3
1621240207000;11578583;154.001;154.021;154.011;2;T;True;3
1621240208000;11578584;154.001;154.021;154.011;0;T;True;3
1621240209000;11578586;154.0;154.02;154.01;1;T;True;3
1621240210000;11578587;154.0;154.02;154.01;0;T;True;3
1621240211000;11578588;154.0;154.02;154.01;0;T;True;3
1621240212000;11578589;154.0;154.02;154.01;0;T;True;3
1621240213000;11578592;154.003;154.023;154.013;2;T;True;3
1621240214000;11578593;154.003;154.023;154.013;0;T;True;3
1621240215000;11578594;154.003;154.023;154.013;0;T;True;3
1621240216000;11578595;154.003;154.023;154.013;0;T;True;3
1621240217000;11578596;154.003;154.023;154.013;0;T;True;3
1621240218000;11578598;154.001;154.021;154.011;1;T;True;3
1621240219000;11578600;153.999;154.019;154.009;1;T;True;3
1621240220000;11578601;153.999;154.019;154.009;0;T;True;3
1621240221000;11578603;153.993;154.013;154.003;1;T;True;3
1621240222000;11578604;153.993;154.013;154.003;0;T;True;3
1621240223000;11578605;153.993;154.013;154.003;0;T;True;3
1621240224000;11578607;153.998;154.018;154.008;1;T;True;3
1621240225000;11578608;153.998;154.018;154.008;0;T;True;3
1621240226000;11578609;153.998;154.018;154.008;0;T;True;3
1621240227000;11578614;153.993;154.013;154.003;4;T;True;3
1621240228000;11578615;153.993;154.013;154.003;0;T;True;3
1621240229000;11578616;153.993;154.013;154.003;0;T;True;3
1621240230000;11578617;153.993;154.013;154.003;0;T;True;3
1621240231000;11578618;153.993;154.013;154.003;0;T;True;3
1621240232000;11578619;153.993;154.013;154.003;0;T;True;3
1621240233000;11578620;153.993;154.013;154.003;0;T;True;3
1621240234000;11578623;153.993;154.013;154.003;2;T;True;3
1621240235000;11578624;153.993;154.013;154.003;0;T;True;3
1621240236000;11578625;153.993;154.013;154.003;0;T;True;3
1621240237000;11578626;153.993;154.013;154.003;0;T;True;3
1621240238000;11578627;153.993;154.013;154.003;0;T;True;3
1621240239000;11578628;153.993;154.013;154.003;0;T;True;3
1621240240000;11578629;153.993;154.013;154.003;0;T;True;3
1621240241000;11578630;153.993;154.013;154.003;0;T;True;3
1621240242000;11578634;154.001;154.021;154.011;3;T;True;3
1621240243000;11578635;154.001;154.021;154.011;0;T;True;3
1621240244000;11578638;153.999;154.019;154.009;2;T;True;3
1621240245000;11578640;153.997;154.017;154.007;1;T;True;3
1621240246000;11578644;153.993;154.013;154.003;3;T;True;3
1621240247000;11578648;154.0;154.02;154.01;3;T;True;3
1621240248000;11578649;154.0;154.02;154.01;0;T;True;3
1621240249000;11578652;153.997;154.017;154.007;2;T;True;3
1621240250000;11578659;154.004;154.024;154.014;6;T;True;3
1621240251000;11578661;154.003;154.023;154.013;1;T;True;3
1621240252000;11578662;154.003;154.023;154.013;0;T;True;3
1621240253000;11578664;154.005;154.025;154.015;1;T;True;3
1621240254000;11578668;153.999;154.019;154.009;3;T;True;3
1621240255000;11578669;153.999;154.019;154.009;0;T;True;3
1621240256000;11578671;154.003;154.023;154.013;1;T;True;3
1621240257000;11578672;154.003;154.023;154.013;0;T;True;3
1621240258000;11578674;154.001;154.021;154.011;1;T;True;3
1621240259000;11578675;154.001;154.021;154.011;0;T;True;3
1621240260000;11578676;154.001;154.021;154.011;0;T;True;3
1621240261000;11578677;154.001;154.021;154.011;0;T;True;3
1621240262000;11578678;154.001;154.021;154.011;0;T;True;3
1621240263000;11578679;154.001;154.021;154.011;0;T;True;3
1621240264000;11578680;154.001;154.021;154.011;0;T;True;3
1621240265000;11578681;154.001;154.021;154.011;0;T;True;3
1621240266000;11578682;154.001;154.021;154.011;0;T;True;3
1621240267000;11578686;154.009;154.029;154.019;3;T;True;3
1621240268000;11578687;154.009;154.029;154.019;0;T;True;3
1621240269000;11578689;154.011;154.031;154.021;1;T;True;3
1621240270000;11578690;154.011;154.031;154.021;0;T;True;3
1621240271000;11578692;154.012;154.032;154.022;1;T;True;3
1621240272000;11578693;154.012;154.032;154.022;0;T;True;3
1621240273000;11578694;154.012;154.032;154.022;0;T;True;3
1621240274000;11578695;154.012;154.032;154.022;0;T;True;3
1621240275000;11578696;154.012;154.032;154.022;0;T;True;3
1621240276000;11578701;154.005;154.025;154.015;4;T;True;3
1621240277000;11578702;154.005;154.025;154.015;0;T;True;3
1621240278000;11578703;154.005;154.025;154.015;0;T;True;3
1621240279000;11578704;154.005;154.025;154.015;0;T;True;3
1621240280000;11578706;154.007;154.027;154.017;1;T;True;3
1621240281000;11578707;154.007;154.027;154.017;0;T;True;3
1621240282000;11578708;154.007;154.027;154.017;0;T;True;3
1621240283000;11578709;154.007;154.027;154.017;0;T;True;3
1621240284000;11578711;154.005;154.025;154.015;1;T;True;3
1621240285000;11578712;154.005;154.025;154.015;0;T;True;3
1621240286000;11578714;154.003;154.023;154.013;1;T;True;3
1621240287000;11578715;154.003;154.023;154.013;0;T;True;3
1621240288000;11578718;154.007;154.027;154.017;2;T;True;3
1621240289000;11578724;154.003;154.023;154.013;5;T;True;3
1621240290000;11578725;154.003;154.023;154.013;0;T;True;3
1621240291000;11578727;154.002;154.022;154.012;1;T;True;3
1621240292000;11578728;154.002;154.022;154.012;0;T;True;3
1621240293000;11578732;154.006;154.026;154.016;3;T;True;3
1621240294000;11578733;154.006;154.026;154.016;0;T;True;3
1621240295000;11578734;154.006;154.026;154.016;0;T;True;3
1621240296000;11578735;154.006;154.026;154.016;0;T;True;3
1621240297000;11578736;154.006;154.026;154.016;0;T;True;3
1621240298000;11578737;154.006;154.026;154.016;0;T;True;3
1621240299000;11578738;154.006;154.026;154.016;0;T;True;3
1621240300000;11578739;154.006;154.026;154.016;0;T;True;3
1621240301000;11578740;154.006;154.026;154.016;0;T;True;3
1621240302000;11578747;154.0;154.02;154.01;6;T;True;3
1621240303000;11578749;154.001;154.021;154.011;1;T;True;3
1621240304000;11578751;154.0;154.02;154.01;1;T;True;3
1621240305000;11578752;154.0;154.02;154.01;0;T;True;3
1621240306000;11578756;154.001;154.021;154.011;3;T;True;3
1621240307000;11578757;154.001;154.021;154.011;0;T;True;3
1621240308000;11578758;154.001;154.021;154.011;0;T;True;3
1621240309000;11578760;154.002;154.022;154.012;1;T;True;3
1621240310000;11578764;154.007;154.027;154.017;3;T;True;3
1621240311000;11578765;154.007;154.027;154.017;0;T;True;3
1621240312000;11578766;154.007;154.027;154.017;0;T;True;3
1621240313000;11578768;154.006;154.026;154.016;1;T;True;3
1621240314000;11578769;154.006;154.026;154.016;0;T;True;3
1621240315000;11578770;154.006;154.026;154.016;0;T;True;3
1621240316000;11578772;154.007;154.027;154.017;1;T;True;3
1621240317000;11578774;154.006;154.026;154.016;1;T;True;3
1621240318000;11578776;154.005;154.025;154.015;1;T;True;3
1621240319000;11578777;154.005;154.025;154.015;0;T;True;3
1621240320000;11578778;154.005;154.025;154.015;0;T;True;3
1621240321000;11578779;154.005;154.025;154.015;0;T;True;3
1621240322000;11578780;154.005;154.025;154.015;0;T;True;3
1621240323000;11578781;154.005;154.025;154.015;0;T;True;3
1621240324000;11578782;154.005;154.025;154.015;0;T;True;3
1621240325000;11578783;154.005;154.025;154.015;0;T;True;3
1621240326000;11578784;154.005;154.025;154.015;0;T;True;3
1621240327000;11578786;154.007;154.027;154.017;1;T;True;3
1621240328000;11578787;154.007;154.027;154.017;0;T;True;3
1621240329000;11578788;154.007;154.027;154.017;0;T;True;3
1621240330000;11578789;154.007;154.027;154.017;0;T;True;3
1621240331000;11578790;154.007;154.027;154.017;0;T;True;3
1621240332000;11578792;154.009;154.029;154.019;1;T;True;3
1621240333000;11578795;154.011;154.031;154.021;2;T;True;3
1621240334000;11578798;154.013;154.033;154.023;2;T;True;3
1621240335000;11578800;154.011;154.031;154.021;1;T;True;3
1621240336000;11578801;154.011;154.031;154.021;0;T;True;3
1621240337000;11578802;154.011;154.031;154.021;0;T;True;3
1621240338000;11578804;154.01;154.03;154.02;1;T;True;3
1621240339000;11578806;154.013;154.033;154.023;1;T;True;3
1621240340000;11578808;154.011;154.031;154.021;1;T;True;3
1621240341000;11578812;154.011;154.031;154.021;3;T;True;3
1621240342000;11578813;154.011;154.031;154.021;0;T;True;3
1621240343000;11578815;154.01;154.03;154.02;1;T;True;3
1621240344000;11578816;154.01;154.03;154.02;0;T;True;3
1621240345000;11578817;154.01;154.03;154.02;0;T;True;3
1621240346000;11578818;154.01;154.03;154.02;0;T;True;3
1621240347000;11578819;154.01;154.03;154.02;0;T;True;3
1621240348000;11578822;154.019;154.039;154.029;2;T;True;3
1621240349000;11578824;154.016;154.036;154.026;1;T;True;3
1621240350000;11578826;154.013;154.033;154.023;1;T;True;3
1621240351000;11578827;154.013;154.033;154.023;0;T;True;3
1621240352000;11578828;154.013;154.033;154.023;0;T;True;3
1621240353000;11578829;154.013;154.033;154.023;0;T;True;3
1621240354000;11578830;154.013;154.033;154.023;0;T;True;3
1621240355000;11578833;154.007;154.027;154.017;2;T;True;3
1621240356000;11578834;154.007;154.027;154.017;0;T;True;3
1621240357000;11578837;154.009;154.029;154.019;2;T;True;3
1621240358000;11578838;154.009;154.029;154.019;0;T;True;3
1621240359000;11578839;154.009;154.029;154.019;0;T;True;3
1621240360000;11578842;154.005;154.025;154.015;2;T;True;3
1621240361000;11578847;154.002;154.022;154.012;4;T;True;3
1621240362000;11578848;154.002;154.022;154.012;0;T;True;3
1621240363000;11578849;154.002;154.022;154.012;0;T;True;3
1621240364000;11578852;154.005;154.025;154.015;2;T;True;3
1621240365000;11578856;154.002;154.022;154.012;3;T;True;3
1621240366000;11578858;153.997;154.017;154.007;1;T;True;3
1621240367000;11578861;153.997;154.017;154.007;2;T;True;3
1621240368000;11578862;153.997;154.017;154.007;0;T;True;3
1621240369000;11578864;153.998;154.018;154.008;1;T;True;3
1621240370000;11578865;153.998;154.018;154.008;0;T;True;3
1621240371000;11578868;153.999;154.019;154.009;2;T;True;3
1621240372000;11578869;153.999;154.019;154.009;0;T;True;3
1621240373000;11578870;153.999;154.019;154.009;0;T;True;3
1621240374000;11578872;154.0;154.02;154.01;1;T;True;3
1621240375000;11578875;154.0;154.02;154.01;2;T;True;3
1621240376000;11578876;154.0;154.02;154.01;0;T;True;3
1621240377000;11578879;153.997;154.017;154.007;2;T;True;3
1621240378000;11578881;153.999;154.019;154.009;1;T;True;3
1621240379000;11578884;154.002;154.022;154.012;2;T;True;3
1621240380000;11578887;154.002;154.022;154.012;2;T;True;3
1621240381000;11578889;154.003;154.023;154.013;1;T;True;3
1621240382000;11578890;154.003;154.023;154.013;0;T;True;3
1621240383000;11578892;154.005;154.025;154.015;1;T;True;3
1621240384000;11578894;154.003;154.023;154.013;1;T;True;3
1621240385000;11578896;154.002;154.022;154.012;1;T;True;3
1621240386000;11578898;153.999;154.019;154.009;1;T;True;3
1621240387000;11578900;154.002;154.022;154.012;1;T;True;3
1621240388000;11578902;154.001;154.021;154.011;1;T;True;3
1621240389000;11578903;154.001;154.021;154.011;0;T;True;3
1621240390000;11578904;154.001;154.021;154.011;0;T;True;3
1621240391000;11578905;154.001;154.021;154.011;0;T;True;3
1621240392000;11578906;154.001;154.021;154.011;0;T;True;3
1621240393000;11578907;154.001;154.021;154.011;0;T;True;3
1621240394000;11578908;154.001;154.021;154.011;0;T;True;3
1621240395000;11578909;154.001;154.021;154.011;0;T;True;3
1621240396000;11578910;154.001;154.021;154.011;0;T;True;3
1621240397000;11578912;154.003;154.023;154.013;1;T;True;3
1621240398000;11578914;154.001;154.021;154.011;1;T;True;3
1621240399000;11578917;154.003;154.023;154.013;2;T;True;3
1621240400000;11578920;154.003;154.023;154.013;2;T;True;3
1621240401000;11578923;154.003;154.023;154.013;2;T;True;3
1621240402000;11578924;154.003;154.023;154.013;0;T;True;3
1621240403000;11578928;153.999;154.019;154.009;3;T;True;3
1621240404000;11578929;153.999;154.019;154.009;0;T;True;3
1621240405000;11578932;154.002;154.022;154.012;2;T;True;3
1621240406000;11578933;154.002;154.022;154.012;0;T;True;3
1621240407000;11578935;154.003;154.023;154.013;1;T;True;3
1621240408000;11578936;154.003;154.023;154.013;0;T;True;3
1621240409000;11578938;154.005;154.025;154.015;1;T;True;3
1621240410000;11578939;154.005;154.025;154.015;0;T;True;3
1621240411000;11578940;154.005;154.025;154.015;0;T;True;3
1621240412000;11578941;154.005;154.025;154.015;0;T;True;3
1621240413000;11578942;154.005;154.025;154.015;0;T;True;3
1621240414000;11578945;154.009;154.029;154.019;2;T;True;3
1621240415000;11578947;154.007;154.027;154.017;1;T;True;3
1621240416000;11578948;154.007;154.027;154.017;0;T;True;3
1621240417000;11578951;154.001;154.021;154.011;2;T;True;3
1621240418000;11578954;154.001;154.021;154.011;2;T;True;3
1621240419000;11578955;154.001;154.021;154.011;0;T;True;3
1621240420000;11578956;154.001;154.021;154.011;0;T;True;3
1621240421000;11578957;154.001;154.021;154.011;0;T;True;3
1621240422000;11578959;154.002;154.022;154.012;1;T;True;3
1621240423000;11578960;154.002;154.022;154.012;0;T;True;3
1621240424000;11578964;154.003;154.023;154.013;3;T;True;3
1621240425000;11578967;154.003;154.023;154.013;2;T;True;3
1621240426000;11578968;154.003;154.023;154.013;0;T;True;3
1621240427000;11578972;154.003;154.023;154.013;3;T;True;3
1621240428000;11578974;154.001;154.021;154.011;1;T;True;3
1621240429000;11578975;154.001;154.021;154.011;0;T;True;3
1621240430000;11578978;153.997;154.017;154.007;2;T;True;3
1621240431000;11578980;153.999;154.019;154.009;1;T;True;3
1621240432000;11578981;153.999;154.019;154.009;0;T;True;3
1621240433000;11578982;153.999;154.019;154.009;0;T;True;3
1621240434000;11578985;153.996;154.016;154.006;2;T;True;3
1621240435000;11578989;153.997;154.017;154.007;3;T;True;3
1621240436000;11578990;153.997;154.017;154.007;0;T;True;3
1621240437000;11578991;153.997;154.017;154.007;0;T;True;3
1621240438000;11578992;153.997;154.017;154.007;0;T;True;3
1621240439000;11578993;153.997;154.017;154.007;0;T;True;3
1621240440000;11578994;153.997;154.017;154.007;0;T;True;3
1621240441000;11578996;153.999;154.019;154.009;1;T;True;3
1621240442000;11578997;153.999;154.019;154.009;0;T;True;3
1621240443000;11578999;154.001;154.021;154.011;1;T;True;3
1621240444000;11579003;153.998;154.018;154.008;3;T;True;3
1621240445000;11579004;153.998;154.018;154.008;0;T;True;3
1621240446000;11579006;153.999;154.019;154.009;1;T;True;3
1621240447000;11579009;153.996;154.016;154.006;2;T;True;3
1621240448000;11579011;153.997;154.017;154.007;1;T;True;3
1621240449000;11579012;153.997;154.017;154.007;0;T;True;3
1621240450000;11579014;154.0;154.02;154.01;1;T;True;3
1621240451000;11579017;154.001;154.021;154.011;2;T;True;3
1621240452000;11579018;154.001;154.021;154.011;0;T;True;3
1621240453000;11579020;153.997;154.017;154.007;1;T;True;3
1621240454000;11579021;153.997;154.017;154.007;0;T;True;3
1621240455000;11579022;153.997;154.017;154.007;0;T;True;3
1621240456000;11579023;153.997;154.017;154.007;0;T;True;3
1621240457000;11579024;153.997;154.017;154.007;0;T;True;3
1621240458000;11579026;153.995;154.015;154.005;1;T;True;3
1621240459000;11579027;153.995;154.015;154.005;0;T;True;3
1621240460000;11579028;153.995;154.015;154.005;0;T;True;3
1621240461000;11579029;153.995;154.015;154.005;0;T;True;3
1621240462000;11579032;153.995;154.015;154.005;2;T;True;3
1621240463000;11579033;153.995;154.015;154.005;0;T;True;3
1621240464000;11579034;153.995;154.015;154.005;0;T;True;3
1621240465000;11579035;153.995;154.015;154.005;0;T;True;3
1621240466000;11579036;153.995;154.015;154.005;0;T;True;3
1621240467000;11579037;153.995;154.015;154.005;0;T;True;3
1621240468000;11579038;153.995;154.015;154.005;0;T;True;3
1621240469000;11579040;153.996;154.016;154.006;1;T;True;3
1621240470000;11579041;153.996;154.016;154.006;0;T;True;3
1621240471000;11579046;153.993;154.013;154.003;4;T;True;3
1621240472000;11579047;153.993;154.013;154.003;0;T;True;3
1621240473000;11579048;153.993;154.013;154.003;0;T;True;3
1621240474000;11579049;153.993;154.013;154.003;0;T;True;3
1621240475000;11579051;153.994;154.014;154.004;1;T;True;3
1621240476000;11579053;153.997;154.017;154.007;1;T;True;3
1621240477000;11579056;153.997;154.017;154.007;2;T;True;3
1621240478000;11579057;153.997;154.017;154.007;0;T;True;3
1621240479000;11579058;153.997;154.017;154.007;0;T;True;3
1621240480000;11579059;153.997;154.017;154.007;0;T;True;3
1621240481000;11579060;153.997;154.017;154.007;0;T;True;3
1621240482000;11579062;154.001;154.021;154.011;1;T;True;3
1621240483000;11579063;154.001;154.021;154.011;0;T;True;3
1621240484000;11579064;154.001;154.021;154.011;0;T;True;3
1621240485000;11579066;154.003;154.023;154.013;1;T;True;3
1621240486000;11579067;154.003;154.023;154.013;0;T;True;3
1621240487000;11579068;154.003;154.023;154.013;0;T;True;3
1621240488000;11579069;154.003;154.023;154.013;0;T;True;3
1621240489000;11579071;154.001;154.021;154.011;1;T;True;3
1621240490000;11579073;154.0;154.02;154.01;1;T;True;3
1621240491000;11579074;154.0;154.02;154.01;0;T;True;3
1621240492000;11579076;154.001;154.021;154.011;1;T;True;3
1621240493000;11579077;154.001;154.021;154.011;0;T;True;3
1621240494000;11579079;153.999;154.019;154.009;1;T;True;3
1621240495000;11579082;154.005;154.025;154.015;2;T;True;3
1621240496000;11579084;154.008;154.028;154.018;1;T;True;3
1621240497000;11579085;154.008;154.028;154.018;0;T;True;3
1621240498000;11579086;154.008;154.028;154.018;0;T;True;3
1621240499000;11579087;154.008;154.028;154.018;0;T;True;3
1621240500000;11579088;154.008;154.028;154.018;0;T;True;3
1621240501000;11579090;154.011;154.031;154.021;1;T;True;3
1621240502000;11579091;154.011;154.031;154.021;0;T;True;3
1621240503000;11579093;154.009;154.029;154.019;1;T;True;3
1621240504000;11579094;154.009;154.029;154.019;0;T;True;3
1621240505000;11579095;154.009;154.029;154.019;0;T;True;3
1621240506000;11579096;154.009;154.029;154.019;0;T;True;3
1621240507000;11579097;154.009;154.029;154.019;0;T;True;3
1621240508000;11579099;154.01;154.03;154.02;1;T;True;3
1621240509000;11579100;154.01;154.03;154.02;0;T;True;3
1621240510000;11579101;154.01;154.03;154.02;0;T;True;3
1621240511000;11579103;154.009;154.029;154.019;1;T;True;3
1621240512000;11579104;154.009;154.029;154.019;0;T;True;3
1621240513000;11579105;154.009;154.029;154.019;0;T;True;3
1621240514000;11579106;154.009;154.029;154.019;0;T;True;3
1621240515000;11579107;154.009;154.029;154.019;0;T;True;3
1621240516000;11579108;154.009;154.029;154.019;0;T;True;3
1621240517000;11579109;154.009;154.029;154.019;0;T;True;3
1621240518000;11579110;154.009;154.029;154.019;0;T;True;3
1621240519000;11579112;154.007;154.027;154.017;1;T;True;3
1621240520000;11579115;154.003;154.023;154.013;2;T;True;3
1621240521000;11579116;154.003;154.023;154.013;0;T;True;3
1621240522000;11579120;154.008;154.028;154.018;3;T;True;3
1621240523000;11579121;154.008;154.028;154.018;0;T;True;3
1621240524000;11579122;154.008;154.028;154.018;0;T;True;3
1621240525000;11579124;154.009;154.029;154.019;1;T;True;3
1621240526000;11579130;154.011;154.031;154.021;5;T;True;3
1621240527000;11579133;154.012;154.032;154.022;2;T;True;3
1621240528000;11579134;154.012;154.032;154.022;0;T;True;3
1621240529000;11579135;154.012;154.032;154.022;0;T;True;3
1621240530000;11579136;154.012;154.032;154.022;0;T;True;3
1621240531000;11579141;154.009;154.029;154.019;4;T;True;3
1621240532000;11579142;154.009;154.029;154.019;0;T;True;3
1621240533000;11579144;154.007;154.027;154.017;1;T;True;3
1621240534000;11579145;154.007;154.027;154.017;0;T;True;3
1621240535000;11579146;154.007;154.027;154.017;0;T;True;3
1621240536000;11579147;154.007;154.027;154.017;0;T;True;3
1621240537000;11579148;154.007;154.027;154.017;0;T;True;3
1621240538000;11579149;154.007;154.027;154.017;0;T;True;3
1621240539000;11579151;154.008;154.028;154.018;1;T;True;3
1621240540000;11579152;154.008;154.028;154.018;0;T;True;3
1621240541000;11579153;154.008;154.028;154.018;0;T;True;3
1621240542000;11579155;154.009;154.029;154.019;1;T;True;3
1621240543000;11579158;154.007;154.027;154.017;2;T;True;3
1621240544000;11579159;154.007;154.027;154.017;0;T;True;3
1621240545000;11579160;154.007;154.027;154.017;0;T;True;3
1621240546000;11579161;154.007;154.027;154.017;0;T;True;3
1621240547000;11579162;154.007;154.027;154.017;0;T;True;3
1621240548000;11579165;154.007;154.027;154.017;2;T;True;3
1621240549000;11579167;154.008;154.028;154.018;1;T;True;3
1621240550000;11579171;154.011;154.031;154.021;3;T;True;3
1621240551000;11579173;154.009;154.029;154.019;1;T;True;3
1621240552000;11579175;154.007;154.027;154.017;1;T;True;3
1621240553000;11579176;154.007;154.027;154.017;0;T;True;3
1621240554000;11579177;154.007;154.027;154.017;0;T;True;3
1621240555000;11579178;154.007;154.027;154.017;0;T;True;3
1621240556000;11579179;154.007;154.027;154.017;0;T;True;3
1621240557000;11579180;154.007;154.027;154.017;0;T;True;3
1621240558000;11579181;154.007;154.027;154.017;0;T;True;3
1621240559000;11579182;154.007;154.027;154.017;0;T;True;3
1621240560000;11579183;154.007;154.027;154.017;0;T;True;3
1621240561000;11579184;154.007;154.027;154.017;0;T;True;3
1621240562000;11579185;154.007;154.027;154.017;0;T;True;3
1621240563000;11579186;154.007;154.027;154.017;0;T;True;3
1621240564000;11579187;154.007;154.027;154.017;0;T;True;3
1621240565000;11579188;154.007;154.027;154.017;0;T;True;3
1621240566000;11579190;154.008;154.028;154.018;1;T;True;3
1621240567000;11579191;154.008;154.028;154.018;0;T;True;3
1621240568000;11579195;154.011;154.031;154.021;3;T;True;3
1621240569000;11579199;154.006;154.026;154.016;3;T;True;3
1621240570000;11579200;154.006;154.026;154.016;0;T;True;3
1621240571000;11579201;154.006;154.026;154.016;0;T;True;3
1621240572000;11579202;154.006;154.026;154.016;0;T;True;3
1621240573000;11579203;154.006;154.026;154.016;0;T;True;3
1621240574000;11579205;154.007;154.027;154.017;1;T;True;3
1621240575000;11579206;154.007;154.027;154.017;0;T;True;3
1621240576000;11579207;154.007;154.027;154.017;0;T;True;3
1621240577000;11579208;154.007;154.027;154.017;0;T;True;3
1621240578000;11579209;154.007;154.027;154.017;0;T;True;3
1621240579000;11579210;154.007;154.027;154.017;0;T;True;3
1621240580000;11579211;154.007;154.027;154.017;0;T;True;3
1621240581000;11579212;154.007;154.027;154.017;0;T;True;3
1621240582000;11579214;154.006;154.026;154.016;1;T;True;3
1621240583000;11579218;154.007;154.027;154.017;3;T;True;3
1621240584000;11579219;154.007;154.027;154.017;0;T;True;3
1621240585000;11579220;154.007;154.027;154.017;0;T;True;3
1621240586000;11579221;154.007;154.027;154.017;0;T;True;3
1621240587000;11579222;154.007;154.027;154.017;0;T;True;3
1621240588000;11579223;154.007;154.027;154.017;0;T;True;3
1621240589000;11579226;154.011;154.031;154.021;2;T;True;3
1621240590000;11579227;154.011;154.031;154.021;0;T;True;3
1621240591000;11579228;154.011;154.031;154.021;0;T;True;3
1621240592000;11579229;154.011;154.031;154.021;0;T;True;3
1621240593000;11579231;154.014;154.034;154.024;1;T;True;3
1621240594000;11579232;154.014;154.034;154.024;0;T;True;3
1621240595000;11579233;154.014;154.034;154.024;0;T;True;3
1621240596000;11579234;154.014;154.034;154.024;0;T;True;3
1621240597000;11579235;154.014;154.034;154.024;0;T;True;3
1621240598000;11579236;154.014;154.034;154.024;0;T;True;3
1621240599000;11579240;154.018;154.038;154.028;3;T;True;3
1621240600000;11579241;154.018;154.038;154.028;0;T;True;3
1621240601000;11579243;154.017;154.037;154.027;1;T;True;3
1621240602000;11579246;154.02;154.04;154.03;2;T;True;3
1621240603000;11579247;154.02;154.04;154.03;0;T;True;3
1621240604000;11579248;154.02;154.04;154.03;0;T;True;3
1621240605000;11579250;154.021;154.041;154.031;1;T;True;3
1621240606000;11579251;154.021;154.041;154.031;0;T;True;3
1621240607000;11579256;154.022;154.042;154.032;4;T;True;3
1621240608000;11579257;154.022;154.042;154.032;0;T;True;3
1621240609000;11579258;154.022;154.042;154.032;0;T;True;3
1621240610000;11579260;154.021;154.041;154.031;1;T;True;3
1621240611000;11579261;154.021;154.041;154.031;0;T;True;3
1621240612000;11579262;154.021;154.041;154.031;0;T;True;3
1621240613000;11579263;154.021;154.041;154.031;0;T;True;3
1621240614000;11579266;154.019;154.039;154.029;2;T;True;3
1621240615000;11579267;154.019;154.039;154.029;0;T;True;3
1621240616000;11579272;154.023;154.043;154.033;4;T;True;3
1621240617000;11579273;154.023;154.043;154.033;0;T;True;3
1621240618000;11579274;154.023;154.043;154.033;0;T;True;3
1621240619000;11579275;154.023;154.043;154.033;0;T;True;3
1621240620000;11579276;154.023;154.043;154.033;0;T;True;3
1621240621000;11579277;154.023;154.043;154.033;0;T;True;3
1621240622000;11579278;154.023;154.043;154.033;0;T;True;3
1621240623000;11579279;154.023;154.043;154.033;0;T;True;3
1621240624000;11579282;154.026;154.046;154.036;2;T;True;3
1621240625000;11579284;154.025;154.045;154.035;1;T;True;3
1621240626000;11579285;154.025;154.045;154.035;0;T;True;3
1621240627000;11579287;154.023;154.043;154.033;1;T;True;3
1621240628000;11579288;154.023;154.043;154.033;0;T;True;3
1621240629000;11579291;154.023;154.043;154.033;2;T;True;3
1621240630000;11579292;154.023;154.043;154.033;0;T;True;3
1621240631000;11579293;154.023;154.043;154.033;0;T;True;3
1621240632000;11579294;154.023;154.043;154.033;0;T;True;3
1621240633000;11579295;154.023;154.043;154.033;0;T;True;3
1621240634000;11579296;154.023;154.043;154.033;0;T;True;3
1621240635000;11579297;154.023;154.043;154.033;0;T;True;3
1621240636000;11579298;154.023;154.043;154.033;0;T;True;3
1621240637000;11579299;154.023;154.043;154.033;0;T;True;3
1621240638000;11579300;154.023;154.043;154.033;0;T;True;3
1621240639000;11579301;154.023;154.043;154.033;0;T;True;3
1621240640000;11579303;154.025;154.045;154.035;1;T;True;3
1621240641000;11579305;154.029;154.049;154.039;1;T;True;3
1621240642000;11579306;154.029;154.049;154.039;0;T;True;3
1621240643000;11579307;154.029;154.049;154.039;0;T;True;3
1621240644000;11579308;154.029;154.049;154.039;0;T;True;3
1621240645000;11579311;154.031;154.051;154.041;2;T;True;3
1621240646000;11579313;154.033;154.053;154.043;1;T;True;3
1621240647000;11579315;154.032;154.052;154.042;1;T;True;3
1621240648000;11579320;154.033;154.053;154.043;4;T;True;3
1621240649000;11579321;154.033;154.053;154.043;0;T;True;3
1621240650000;11579322;154.033;154.053;154.043;0;T;True;3
1621240651000;11579323;154.033;154.053;154.043;0;T;True;3
1621240652000;11579325;154.034;154.054;154.044;1;T;True;3
1621240653000;11579326;154.034;154.054;154.044;0;T;True;3
1621240654000;11579327;154.034;154.054;154.044;0;T;True;3
1621240655000;11579331;154.032;154.052;154.042;3;T;True;3
1621240656000;11579332;154.032;154.052;154.042;0;T;True;3
1621240657000;11579333;154.032;154.052;154.042;0;T;True;3
1621240658000;11579335;154.035;154.055;154.045;1;T;True;3
1621240659000;11579336;154.035;154.055;154.045;0;T;True;3
1621240660000;11579337;154.035;154.055;154.045;0;T;True;3
1621240661000;11579340;154.038;154.058;154.048;2;T;True;3
1621240662000;11579342;154.039;154.059;154.049;1;T;True;3
1621240663000;11579344;154.038;154.058;154.048;1;T;True;3
1621240664000;11579345;154.038;154.058;154.048;0;T;True;3
1621240665000;11579347;154.039;154.059;154.049;1;T;True;3
1621240666000;11579350;154.045;154.065;154.055;2;T;True;3
1621240667000;11579352;154.043;154.063;154.053;1;T;True;3
1621240668000;11579353;154.043;154.063;154.053;0;T;True;3
1621240669000;11579354;154.043;154.063;154.053;0;T;True;3
1621240670000;11579355;154.043;154.063;154.053;0;T;True;3
1621240671000;11579357;154.041;154.061;154.051;1;T;True;3
1621240672000;11579358;154.041;154.061;154.051;0;T;True;3
1621240673000;11579359;154.041;154.061;154.051;0;T;True;3
1621240674000;11579360;154.041;154.061;154.051;0;T;True;3
1621240675000;11579361;154.041;154.061;154.051;0;T;True;3
1621240676000;11579362;154.041;154.061;154.051;0;T;True;3
1621240677000;11579365;154.036;154.056;154.046;2;T;True;3
1621240678000;11579367;154.035;154.055;154.045;1;T;True;3
1621240679000;11579368;154.035;154.055;154.045;0;T;True;3
1621240680000;11579369;154.035;154.055;154.045;0;T;True;3
1621240681000;11579370;154.035;154.055;154.045;0;T;True;3
1621240682000;11579376;154.021;154.041;154.031;5;T;True;3
1621240683000;11579377;154.021;154.041;154.031;0;T;True;3
1621240684000;11579378;154.021;154.041;154.031;0;T;True;3
1621240685000;11579379;154.021;154.041;154.031;0;T;True;3
1621240686000;11579380;154.021;154.041;154.031;0;T;True;3
1621240687000;11579382;154.022;154.042;154.032;1;T;True;3
1621240688000;11579383;154.022;154.042;154.032;0;T;True;3
1621240689000;11579385;154.023;154.043;154.033;1;T;True;3
1621240690000;11579387;154.021;154.041;154.031;1;T;True;3
1621240691000;11579388;154.021;154.041;154.031;0;T;True;3
1621240692000;11579389;154.021;154.041;154.031;0;T;True;3
1621240693000;11579390;154.021;154.041;154.031;0;T;True;3
1621240694000;11579391;154.021;154.041;154.031;0;T;True;3
1621240695000;11579392;154.021;154.041;154.031;0;T;True;3
1621240696000;11579393;154.021;154.041;154.031;0;T;True;3
1621240697000;11579396;154.024;154.044;154.034;2;T;True;3
1621240698000;11579398;154.022;154.042;154.032;1;T;True;3
1621240699000;11579399;154.022;154.042;154.032;0;T;True;3
1621240700000;11579400;154.022;154.042;154.032;0;T;True;3
1621240701000;11579402;154.023;154.043;154.033;1;T;True;3
1621240702000;11579403;154.023;154.043;154.033;0;T;True;3
1621240703000;11579404;154.023;154.043;154.033;0;T;True;3
1621240704000;11579405;154.023;154.043;154.033;0;T;True;3
1621240705000;11579406;154.023;154.043;154.033;0;T;True;3
1621240706000;11579410;154.035;154.055;154.045;3;T;True;3
1621240707000;11579411;154.035;154.055;154.045;0;T;True;3
1621240708000;11579412;154.035;154.055;154.045;0;T;True;3
1621240709000;11579413;154.035;154.055;154.045;0;T;True;3
1621240710000;11579414;154.035;154.055;154.045;0;T;True;3
1621240711000;11579415;154.035;154.055;154.045;0;T;True;3
1621240712000;11579417;154.036;154.056;154.046;1;T;True;3
1621240713000;11579421;154.037;154.057;154.047;3;T;True;3
1621240714000;11579422;154.037;154.057;154.047;0;T;True;3
1621240715000;11579424;154.039;154.059;154.049;1;T;True;3
1621240716000;11579425;154.039;154.059;154.049;0;T;True;3
1621240717000;11579428;154.039;154.059;154.049;2;T;True;3
1621240718000;11579430;154.041;154.061;154.051;1;T;True;3
1621240719000;11579431;154.041;154.061;154.051;0;T;True;3
1621240720000;11579434;154.039;154.059;154.049;2;T;True;3
1621240721000;11579435;154.039;154.059;154.049;0;T;True;3
1621240722000;11579439;154.037;154.057;154.047;3;T;True;3
1621240723000;11579441;154.034;154.054;154.044;1;T;True;3
1621240724000;11579443;154.035;154.055;154.045;1;T;True;3
1621240725000;11579445;154.037;154.057;154.047;1;T;True;3
1621240726000;11579446;154.037;154.057;154.047;0;T;True;3
1621240727000;11579447;154.037;154.057;154.047;0;T;True;3
1621240728000;11579449;154.039;154.059;154.049;1;T;True;3
1621240729000;11579450;154.039;154.059;154.049;0;T;True;3
1621240730000;11579451;154.039;154.059;154.049;0;T;True;3
1621240731000;11579452;154.039;154.059;154.049;0;T;True;3
1621240732000;11579453;154.039;154.059;154.049;0;T;True;3
1621240733000;11579454;154.039;154.059;154.049;0;T;True;3
1621240734000;11579455;154.039;154.059;154.049;0;T;True;3
1621240735000;11579456;154.039;154.059;154.049;0;T;True;3
1621240736000;11579457;154.039;154.059;154.049;0;T;True;3
1621240737000;11579458;154.039;154.059;154.049;0;T;True;3
1621240738000;11579459;154.039;154.059;154.049;0;T;True;3
1621240739000;11579460;154.039;154.059;154.049;0;T;True;3
1621240740000;11579464;154.039;154.059;154.049;3;T;True;3
1621240741000;11579466;154.038;154.058;154.048;1;T;True;3
1621240742000;11579471;154.043;154.063;154.053;4;T;True;3
1621240743000;11579473;154.045;154.065;154.055;1;T;True;3
1621240744000;11579474;154.045;154.065;154.055;0;T;True;3
1621240745000;11579475;154.045;154.065;154.055;0;T;True;3
1621240746000;11579476;154.045;154.065;154.055;0;T;True;3
1621240747000;11579477;154.045;154.065;154.055;0;T;True;3
1621240748000;11579478;154.045;154.065;154.055;0;T;True;3
1621240749000;11579479;154.045;154.065;154.055;0;T;True;3
1621240750000;11579480;154.045;154.065;154.055;0;T;True;3
1621240751000;11579482;154.043;154.063;154.053;1;T;True;3
1621240752000;11579484;154.041;154.061;154.051;1;T;True;3
1621240753000;11579486;154.04;154.06;154.05;1;T;True;3
1621240754000;11579488;154.039;154.059;154.049;1;T;True;3
1621240755000;11579490;154.038;154.058;154.048;1;T;True;3
1621240756000;11579494;154.037;154.057;154.047;3;T;True;3
1621240757000;11579496;154.039;154.059;154.049;1;T;True;3
1621240758000;11579497;154.039;154.059;154.049;0;T;True;3
1621240759000;11579498;154.039;154.059;154.049;0;T;True;3
1621240760000;11579499;154.039;154.059;154.049;0;T;True;3
1621240761000;11579500;154.039;154.059;154.049;0;T;True;3
1621240762000;11579501;154.039;154.059;154.049;0;T;True;3
1621240763000;11579503;154.037;154.057;154.047;1;T;True;3
1621240764000;11579504;154.037;154.057;154.047;0;T;True;3
1621240765000;11579506;154.039;154.059;154.049;1;T;True;3
1621240766000;11579507;154.039;154.059;154.049;0;T;True;3
1621240767000;11579508;154.039;154.059;154.049;0;T;True;3
1621240768000;11579511;154.045;154.065;154.055;2;T;True;3
1621240769000;11579518;154.042;154.062;154.052;6;T;True;3
1621240770000;11579519;154.042;154.062;154.052;0;T;True;3
1621240771000;11579521;154.041;154.061;154.051;1;T;True;3
1621240772000;11579522;154.041;154.061;154.051;0;T;True;3
1621240773000;11579523;154.041;154.061;154.051;0;T;True;3
1621240774000;11579526;154.037;154.057;154.047;2;T;True;3
1621240775000;11579528;154.039;154.059;154.049;1;T;True;3
1621240776000;11579531;154.045;154.065;154.055;2;T;True;3
1621240777000;11579533;154.046;154.066;154.056;1;T;True;3
1621240778000;11579534;154.046;154.066;154.056;0;T;True;3
1621240779000;11579535;154.046;154.066;154.056;0;T;True;3
1621240780000;11579536;154.046;154.066;154.056;0;T;True;3
1621240781000;11579540;154.036;154.056;154.046;3;T;True;3
1621240782000;11579541;154.036;154.056;154.046;0;T;True;3
1621240783000;11579542;154.036;154.056;154.046;0;T;True;3
1621240784000;11579543;154.036;154.056;154.046;0;T;True;3
1621240785000;11579545;154.035;154.055;154.045;1;T;True;3
1621240786000;11579546;154.035;154.055;154.045;0;T;True;3
1621240787000;11579547;154.035;154.055;154.045;0;T;True;3
1621240788000;11579548;154.035;154.055;154.045;0;T;True;3
1621240789000;11579549;154.035;154.055;154.045;0;T;True;3
1621240790000;11579550;154.035;154.055;154.045;0;T;True;3
1621240791000;11579551;154.035;154.055;154.045;0;T;True;3
1621240792000;11579552;154.035;154.055;154.045;0;T;True;3
1621240793000;11579554;154.036;154.056;154.046;1;T;True;3
1621240794000;11579555;154.036;154.056;154.046;0;T;True;3
1621240795000;11579558;154.039;154.059;154.049;2;T;True;3
1621240796000;11579559;154.039;154.059;154.049;0;T;True;3
1621240797000;11579560;154.039;154.059;154.049;0;T;True;3
1621240798000;11579561;154.039;154.059;154.049;0;T;True;3
1621240799000;11579563;154.045;154.065;154.055;1;T;True;3
1621240800000;11579564;154.045;154.065;154.055;0;T;True;3
1621240801000;11579565;154.045;154.065;154.055;0;T;True;3
1621240802000;11579566;154.045;154.065;154.055;0;T;True;3
1621240803000;11579567;154.045;154.065;154.055;0;T;True;3
1621240804000;11579571;154.035;154.055;154.045;3;T;True;3
1621240805000;11579573;154.036;154.056;154.046;1;T;True;3
1621240806000;11579575;154.035;154.055;154.045;1;T;True;3
1621240807000;11579576;154.035;154.055;154.045;0;T;True;3
1621240808000;11579577;154.035;154.055;154.045;0;T;True;3
1621240809000;11579578;154.035;154.055;154.045;0;T;True;3
1621240810000;11579580;154.033;154.053;154.043;1;T;True;3
1621240811000;11579581;154.033;154.053;154.043;0;T;True;3
1621240812000;11579582;154.033;154.053;154.043;0;T;True;3
1621240813000;11579584;154.034;154.054;154.044;1;T;True;3
1621240814000;11579585;154.034;154.054;154.044;0;T;True;3
1621240815000;11579587;154.037;154.057;154.047;1;T;True;3
1621240816000;11579589;154.035;154.055;154.045;1;T;True;3
1621240817000;11579590;154.035;154.055;154.045;0;T;True;3
1621240818000;11579591;154.035;154.055;154.045;0;T;True;3
1621240819000;11579592;154.035;154.055;154.045;0;T;True;3
1621240820000;11579593;154.035;154.055;154.045;0;T;True;3
1621240821000;11579595;154.033;154.053;154.043;1;T;True;3
1621240822000;11579596;154.033;154.053;154.043;0;T;True;3
1621240823000;11579598;154.035;154.055;154.045;1;T;True;3
1621240824000;11579599;154.035;154.055;154.045;0;T;True;3
1621240825000;11579600;154.035;154.055;154.045;0;T;True;3
1621240826000;11579601;154.035;154.055;154.045;0;T;True;3
1621240827000;11579603;154.036;154.056;154.046;1;T;True;3
1621240828000;11579604;154.036;154.056;154.046;0;T;True;3
1621240829000;11579606;154.039;154.059;154.049;1;T;True;3
1621240830000;11579608;154.043;154.063;154.053;1;T;True;3
1621240831000;11579611;154.046;154.066;154.056;2;T;True;3
1621240832000;11579612;154.046;154.066;154.056;0;T;True;3
1621240833000;11579613;154.046;154.066;154.056;0;T;True;3
1621240834000;11579614;154.046;154.066;154.056;0;T;True;3
1621240835000;11579616;154.047;154.067;154.057;1;T;True;3
1621240836000;11579618;154.046;154.066;154.056;1;T;True;3
1621240837000;11579619;154.046;154.066;154.056;0;T;True;3
1621240838000;11579620;154.046;154.066;154.056;0;T;True;3
1621240839000;11579621;154.046;154.066;154.056;0;T;True;3
1621240840000;11579626;154.046;154.066;154.056;4;T;True;3
1621240841000;11579628;154.045;154.065;154.055;1;T;True;3
1621240842000;11579632;154.041;154.061;154.051;3;T;True;3
1621240843000;11579633;154.041;154.061;154.051;0;T;True;3
1621240844000;11579634;154.041;154.061;154.051;0;T;True;3
1621240845000;11579635;154.041;154.061;154.051;0;T;True;3
1621240846000;11579637;154.039;154.059;154.049;1;T;True;3
1621240847000;11579638;154.039;154.059;154.049;0;T;True;3
1621240848000;11579639;154.039;154.059;154.049;0;T;True;3
1621240849000;11579640;154.039;154.059;154.049;0;T;True;3
1621240850000;11579641;154.039;154.059;154.049;0;T;True;3
1621240851000;11579644;154.035;154.055;154.045;2;T;True;3
1621240852000;11579646;154.038;154.058;154.048;1;T;True;3
1621240853000;11579647;154.038;154.058;154.048;0;T;True;3
1621240854000;11579648;154.038;154.058;154.048;0;T;True;3
1621240855000;11579649;154.038;154.058;154.048;0;T;True;3
1621240856000;11579650;154.038;154.058;154.048;0;T;True;3
1621240857000;11579651;154.038;154.058;154.048;0;T;True;3
1621240858000;11579652;154.038;154.058;154.048;0;T;True;3
1621240859000;11579653;154.038;154.058;154.048;0;T;True;3
1621240860000;11579654;154.038;154.058;154.048;0;T;True;3
1621240861000;11579655;154.038;154.058;154.048;0;T;True;3
1621240862000;11579659;154.039;154.059;154.049;3;T;True;3
1621240863000;11579662;154.043;154.063;154.053;2;T;True;3
1621240864000;11579663;154.043;154.063;154.053;0;T;True;3
1621240865000;11579664;154.043;154.063;154.053;0;T;True;3
1621240866000;11579665;154.043;154.063;154.053;0;T;True;3
1621240867000;11579667;154.045;154.065;154.055;1;T;True;3
1621240868000;11579668;154.045;154.065;154.055;0;T;True;3
1621240869000;11579670;154.044;154.064;154.054;1;T;True;3
1621240870000;11579675;154.039;154.059;154.049;4;T;True;3
1621240871000;11579676;154.039;154.059;154.049;0;T;True;3
1621240872000;11579677;154.039;154.059;154.049;0;T;True;3
1621240873000;11579678;154.039;154.059;154.049;0;T;True;3
1621240874000;11579679;154.039;154.059;154.049;0;T;True;3
1621240875000;11579681;154.04;154.06;154.05;1;T;True;3
1621240876000;11579685;154.035;154.055;154.045;3;T;True;3
1621240877000;11579686;154.035;154.055;154.045;0;T;True;3
1621240878000;11579687;154.035;154.055;154.045;0;T;True;3
1621240879000;11579688;154.035;154.055;154.045;0;T;True;3
1621240880000;11579689;154.035;154.055;154.045;0;T;True;3
1621240881000;11579690;154.035;154.055;154.045;0;T;True;3
1621240882000;11579691;154.035;154.055;154.045;0;T;True;3
1621240883000;11579692;154.035;154.055;154.045;0;T;True;3
1621240884000;11579695;154.037;154.057;154.047;2;T;True;3
1621240885000;11579701;154.047;154.067;154.057;5;T;True;3
1621240886000;11579705;154.054;154.074;154.064;3;T;True;3
1621240887000;11579707;154.055;154.075;154.065;1;T;True;3
1621240888000;11579710;154.053;154.073;154.063;2;T;True;3
1621240889000;11579711;154.053;154.073;154.063;0;T;True;3
1621240890000;11579712;154.053;154.073;154.063;0;T;True;3
1621240891000;11579713;154.053;154.073;154.063;0;T;True;3
1621240892000;11579715;154.05;154.07;154.06;1;T;True;3
1621240893000;11579719;154.049;154.069;154.059;3;T;True;3
1621240894000;11579720;154.049;154.069;154.059;0;T;True;3
1621240895000;11579721;154.049;154.069;154.059;0;T;True;3
1621240896000;11579724;154.041;154.061;154.051;2;T;True;3
1621240897000;11579726;154.042;154.062;154.052;1;T;True;3
1621240898000;11579727;154.042;154.062;154.052;0;T;True;3
1621240899000;11579728;154.042;154.062;154.052;0;T;True;3
1621240900000;11579731;154.043;154.063;154.053;2;T;True;3
1621240901000;11579733;154.041;154.061;154.051;1;T;True;3
1621240902000;11579737;154.037;154.057;154.047;3;T;True;3
1621240903000;11579740;154.033;154.053;154.043;2;T;True;3
1621240904000;11579742;154.032;154.052;154.042;1;T;True;3
1621240905000;11579744;154.033;154.053;154.043;1;T;True;3
1621240906000;11579745;154.033;154.053;154.043;0;T;True;3
1621240907000;11579746;154.033;154.053;154.043;0;T;True;3
1621240908000;11579747;154.033;154.053;154.043;0;T;True;3
1621240909000;11579748;154.033;154.053;154.043;0;T;True;3
1621240910000;11579749;154.033;154.053;154.043;0;T;True;3
1621240911000;11579751;154.032;154.052;154.042;1;T;True;3
1621240912000;11579752;154.032;154.052;154.042;0;T;True;3
1621240913000;11579753;154.032;154.052;154.042;0;T;True;3
1621240914000;11579754;154.032;154.052;154.042;0;T;True;3
1621240915000;11579755;154.032;154.052;154.042;0;T;True;3
1621240916000;11579756;154.032;154.052;154.042;0;T;True;3
1621240917000;11579759;154.035;154.055;154.045;2;T;True;3
1621240918000;11579760;154.035;154.055;154.045;0;T;True;3
1621240919000;11579761;154.035;154.055;154.045;0;T;True;3
1621240920000;11579762;154.035;154.055;154.045;0;T;True;3
1621240921000;11579765;154.035;154.055;154.045;2;T;True;3
1621240922000;11579766;154.035;154.055;154.045;0;T;True;3
1621240923000;11579767;154.035;154.055;154.045;0;T;True;3
1621240924000;11579769;154.037;154.057;154.047;1;T;True;3
1621240925000;11579770;154.037;154.057;154.047;0;T;True;3
1621240926000;11579771;154.037;154.057;154.047;0;T;True;3
1621240927000;11579772;154.037;154.057;154.047;0;T;True;3
1621240928000;11579774;154.039;154.059;154.049;1;T;True;3
1621240929000;11579776;154.04;154.06;154.05;1;T;True;3
1621240930000;11579780;154.037;154.057;154.047;3;T;True;3
1621240931000;11579782;154.039;154.059;154.049;1;T;True;3
1621240932000;11579783;154.039;154.059;154.049;0;T;True;3
1621240933000;11579784;154.039;154.059;154.049;0;T;True;3
1621240934000;11579786;154.041;154.061;154.051;1;T;True;3
1621240935000;11579787;154.041;154.061;154.051;0;T;True;3
1621240936000;11579790;154.041;154.061;154.051;2;T;True;3
1621240937000;11579791;154.041;154.061;154.051;0;T;True;3
1621240938000;11579792;154.041;154.061;154.051;0;T;True;3
1621240939000;11579793;154.041;154.061;154.051;0;T;True;3
1621240940000;11579795;154.043;154.063;154.053;1;T;True;3
1621240941000;11579796;154.043;154.063;154.053;0;T;True;3
1621240942000;11579798;154.044;154.064;154.054;1;T;True;3
1621240943000;11579801;154.044;154.064;154.054;2;T;True;3
1621240944000;11579803;154.043;154.063;154.053;1;T;True;3
1621240945000;11579806;154.043;154.063;154.053;2;T;True;3
1621240946000;11579809;154.039;154.059;154.049;2;T;True;3
1621240947000;11579812;154.036;154.056;154.046;2;T;True;3
1621240948000;11579816;154.037;154.057;154.047;3;T;True;3
1621240949000;11579817;154.037;154.057;154.047;0;T;True;3
1621240950000;11579818;154.037;154.057;154.047;0;T;True;3
1621240951000;11579819;154.037;154.057;154.047;0;T;True;3
1621240952000;11579820;154.037;154.057;154.047;0;T;True;3
1621240953000;11579821;154.037;154.057;154.047;0;T;True;3
1621240954000;11579822;154.037;154.057;154.047;0;T;True;3
1621240955000;11579823;154.037;154.057;154.047;0;T;True;3
1621240956000;11579824;154.037;154.057;154.047;0;T;True;3
1621240957000;11579825;154.037;154.057;154.047;0;T;True;3
1621240958000;11579827;154.039;154.059;154.049;1;T;True;3
1621240959000;11579828;154.039;154.059;154.049;0;T;True;3
1621240960000;11579829;154.039;154.059;154.049;0;T;True;3
1621240961000;11579830;154.039;154.059;154.049;0;T;True;3
1621240962000;11579831;154.039;154.059;154.049;0;T;True;3
1621240963000;11579832;154.039;154.059;154.049;0;T;True;3
1621240964000;11579835;154.045;154.065;154.055;2;T;True;3
1621240965000;11579836;154.045;154.065;154.055;0;T;True;3
1621240966000;11579837;154.045;154.065;154.055;0;T;True;3
1621240967000;11579838;154.045;154.065;154.055;0;T;True;3
1621240968000;11579840;154.049;154.069;154.059;1;T;True;3
1621240969000;11579841;154.049;154.069;154.059;0;T;True;3
1621240970000;11579842;154.049;154.069;154.059;0;T;True;3
1621240971000;11579849;154.057;154.077;154.067;6;T;True;3
1621240972000;11579852;154.053;154.073;154.063;2;T;True;3
1621240973000;11579856;154.052;154.072;154.062;3;T;True;3
1621240974000;11579858;154.053;154.073;154.063;1;T;True;3
1621240975000;11579859;154.053;154.073;154.063;0;T;True;3
1621240976000;11579860;154.053;154.073;154.063;0;T;True;3
1621240977000;11579861;154.053;154.073;154.063;0;T;True;3
1621240978000;11579864;154.053;154.073;154.063;2;T;True;3
1621240979000;11579866;154.052;154.072;154.062;1;T;True;3
1621240980000;11579868;154.053;154.073;154.063;1;T;True;3
1621240981000;11579871;154.053;154.073;154.063;2;T;True;3
1621240982000;11579872;154.053;154.073;154.063;0;T;True;3
1621240983000;11579875;154.051;154.071;154.061;2;T;True;3
1621240984000;11579878;154.057;154.077;154.067;2;T;True;3
1621240985000;11579879;154.057;154.077;154.067;0;T;True;3
1621240986000;11579880;154.057;154.077;154.067;0;T;True;3
1621240987000;11579881;154.057;154.077;154.067;0;T;True;3
1621240988000;11579882;154.057;154.077;154.067;0;T;True;3
1621240989000;11579883;154.057;154.077;154.067;0;T;True;3
1621240990000;11579884;154.057;154.077;154.067;0;T;True;3
1621240991000;11579886;154.058;154.078;154.068;1;T;True;3
1621240992000;11579887;154.058;154.078;154.068;0;T;True;3
1621240993000;11579888;154.058;154.078;154.068;0;T;True;3
1621240994000;11579889;154.058;154.078;154.068;0;T;True;3
1621240995000;11579891;154.059;154.079;154.069;1;T;True;3
1621240996000;11579892;154.059;154.079;154.069;0;T;True;3
1621240997000;11579893;154.059;154.079;154.069;0;T;True;3
1621240998000;11579895;154.057;154.077;154.067;1;T;True;3
1621240999000;11579896;154.057;154.077;154.067;0;T;True;3
1621241000000;11579898;154.058;154.078;154.068;1;T;True;3
1621241001000;11579899;154.058;154.078;154.068;0;T;True;3
1621241002000;11579900;154.058;154.078;154.068;0;T;True;3
1621241003000;11579903;154.055;154.075;154.065;2;T;True;3
1621241004000;11579906;154.053;154.073;154.063;2;T;True;3
1621241005000;11579907;154.053;154.073;154.063;0;T;True;3
1621241006000;11579908;154.053;154.073;154.063;0;T;True;3
1621241007000;11579909;154.053;154.073;154.063;0;T;True;3
1621241008000;11579910;154.053;154.073;154.063;0;T;True;3
1621241009000;11579911;154.053;154.073;154.063;0;T;True;3
1621241010000;11579914;154.051;154.071;154.061;2;T;True;3
1621241011000;11579915;154.051;154.071;154.061;0;T;True;3
1621241012000;11579916;154.051;154.071;154.061;0;T;True;3
1621241013000;11579918;154.049;154.069;154.059;1;T;True;3
1621241014000;11579919;154.049;154.069;154.059;0;T;True;3
1621241015000;11579920;154.049;154.069;154.059;0;T;True;3
1621241016000;11579921;154.049;154.069;154.059;0;T;True;3
1621241017000;11579922;154.049;154.069;154.059;0;T;True;3
1621241018000;11579925;154.049;154.069;154.059;2;T;True;3
1621241019000;11579926;154.049;154.069;154.059;0;T;True;3
1621241020000;11579927;154.049;154.069;154.059;0;T;True;3
1621241021000;11579928;154.049;154.069;154.059;0;T;True;3
1621241022000;11579931;154.057;154.077;154.067;2;T;True;3
1621241023000;11579932;154.057;154.077;154.067;0;T;True;3
1621241024000;11579935;154.063;154.083;154.073;2;T;True;3
1621241025000;11579936;154.063;154.083;154.073;0;T;True;3
1621241026000;11579937;154.063;154.083;154.073;0;T;True;3
1621241027000;11579938;154.063;154.083;154.073;0;T;True;3
1621241028000;11579939;154.063;154.083;154.073;0;T;True;3
1621241029000;11579940;154.063;154.083;154.073;0;T;True;3
1621241030000;11579941;154.063;154.083;154.073;0;T;True;3
1621241031000;11579942;154.063;154.083;154.073;0;T;True;3
1621241032000;11579943;154.063;154.083;154.073;0;T;True;3
1621241033000;11579944;154.063;154.083;154.073;0;T;True;3
1621241034000;11579945;154.063;154.083;154.073;0;T;True;3
1621241035000;11579946;154.063;154.083;154.073;0;T;True;3
1621241036000;11579947;154.063;154.083;154.073;0;T;True;3
1621241037000;11579950;154.068;154.088;154.078;2;T;True;3
1621241038000;11579954;154.077;154.097;154.087;3;T;True;3
1621241039000;11579957;154.076;154.096;154.086;2;T;True;3
1621241040000;11579960;154.076;154.096;154.086;2;T;True;3
1621241041000;11579961;154.076;154.096;154.086;0;T;True;3
1621241042000;11579966;154.075;154.095;154.085;4;T;True;3
1621241043000;11579973;154.069;154.089;154.079;6;T;True;3
1621241044000;11579974;154.069;154.089;154.079;0;T;True;3
1621241045000;11579977;154.071;154.091;154.081;2;T;True;3
1621241046000;11579979;154.07;154.09;154.08;1;T;True;3
1621241047000;11579980;154.07;154.09;154.08;0;T;True;3
1621241048000;11579984;154.066;154.086;154.076;3;T;True;3
1621241049000;11579985;154.066;154.086;154.076;0;T;True;3
1621241050000;11579987;154.064;154.084;154.074;1;T;True;3
1621241051000;11579989;154.063;154.083;154.073;1;T;True;3
1621241052000;11579993;154.059;154.079;154.069;3;T;True;3
1621241053000;11580000;154.04;154.06;154.05;6;T;True;3
1621241054000;11580002;154.039;154.059;154.049;1;T;True;3
1621241055000;11580003;154.039;154.059;154.049;0;T;True;3
1621241056000;11580005;154.036;154.056;154.046;1;T;True;3
1621241057000;11580009;154.031;154.051;154.041;3;T;True;3
1621241058000;11580011;154.029;154.049;154.039;1;T;True;3
1621241059000;11580013;154.03;154.05;154.04;1;T;True;3
1621241060000;11580014;154.03;154.05;154.04;0;T;True;3
1621241061000;11580016;154.029;154.049;154.039;1;T;True;3
1621241062000;11580021;154.043;154.063;154.053;4;T;True;3
1621241063000;11580023;154.042;154.062;154.052;1;T;True;3
1621241064000;11580024;154.042;154.062;154.052;0;T;True;3
1621241065000;11580025;154.042;154.062;154.052;0;T;True;3
1621241066000;11580029;154.043;154.063;154.053;3;T;True;3
1621241067000;11580030;154.043;154.063;154.053;0;T;True;3
1621241068000;11580031;154.043;154.063;154.053;0;T;True;3
1621241069000;11580033;154.044;154.064;154.054;1;T;True;3
1621241070000;11580035;154.045;154.065;154.055;1;T;True;3
1621241071000;11580036;154.045;154.065;154.055;0;T;True;3
1621241072000;11580045;154.067;154.087;154.077;8;T;True;3
1621241073000;11580046;154.067;154.087;154.077;0;T;True;3
1621241074000;11580047;154.067;154.087;154.077;0;T;True;3
1621241075000;11580050;154.069;154.089;154.079;2;T;True;3
1621241076000;11580051;154.069;154.089;154.079;0;T;True;3
1621241077000;11580052;154.069;154.089;154.079;0;T;True;3
1621241078000;11580053;154.069;154.089;154.079;0;T;True;3
1621241079000;11580054;154.069;154.089;154.079;0;T;True;3
1621241080000;11580055;154.069;154.089;154.079;0;T;True;3
1621241081000;11580056;154.069;154.089;154.079;0;T;True;3
1621241082000;11580059;154.064;154.084;154.074;2;T;True;3
1621241083000;11580061;154.061;154.081;154.071;1;T;True;3
1621241084000;11580062;154.061;154.081;154.071;0;T;True;3
1621241085000;11580063;154.061;154.081;154.071;0;T;True;3
1621241086000;11580066;154.061;154.081;154.071;2;T;True;3
1621241087000;11580071;154.059;154.079;154.069;4;T;True;3
1621241088000;11580075;154.057;154.077;154.067;3;T;True;3
1621241089000;11580076;154.057;154.077;154.067;0;T;True;3
1621241090000;11580077;154.057;154.077;154.067;0;T;True;3
1621241091000;11580078;154.057;154.077;154.067;0;T;True;3
1621241092000;11580079;154.057;154.077;154.067;0;T;True;3
1621241093000;11580080;154.057;154.077;154.067;0;T;True;3
1621241094000;11580084;154.061;154.081;154.071;3;T;True;3
1621241095000;11580085;154.061;154.081;154.071;0;T;True;3
1621241096000;11580086;154.061;154.081;154.071;0;T;True;3
1621241097000;11580089;154.063;154.083;154.073;2;T;True;3
1621241098000;11580091;154.065;154.085;154.075;1;T;True;3
1621241099000;11580092;154.065;154.085;154.075;0;T;True;3
1621241100000;11580093;154.065;154.085;154.075;0;T;True;3
1621241101000;11580096;154.065;154.085;154.075;2;T;True;3
1621241102000;11580097;154.065;154.085;154.075;0;T;True;3
1621241103000;11580099;154.063;154.083;154.073;1;T;True;3
1621241104000;11580100;154.063;154.083;154.073;0;T;True;3
1621241105000;11580102;154.062;154.082;154.072;1;T;True;3
1621241106000;11580103;154.062;154.082;154.072;0;T;True;3
1621241107000;11580104;154.062;154.082;154.072;0;T;True;3
1621241108000;11580105;154.062;154.082;154.072;0;T;True;3
1621241109000;11580106;154.062;154.082;154.072;0;T;True;3
1621241110000;11580107;154.062;154.082;154.072;0;T;True;3
1621241111000;11580108;154.062;154.082;154.072;0;T;True;3
1621241112000;11580109;154.062;154.082;154.072;0;T;True;3
1621241113000;11580110;154.062;154.082;154.072;0;T;True;3
1621241114000;11580111;154.062;154.082;154.072;0;T;True;3
1621241115000;11580113;154.063;154.083;154.073;1;T;True;3
1621241116000;11580115;154.065;154.085;154.075;1;T;True;3
1621241117000;11580116;154.065;154.085;154.075;0;T;True;3
1621241118000;11580119;154.068;154.088;154.078;2;T;True;3
1621241119000;11580121;154.069;154.089;154.079;1;T;True;3
1621241120000;11580122;154.069;154.089;154.079;0;T;True;3
1621241121000;11580123;154.069;154.089;154.079;0;T;True;3
1621241122000;11580125;154.066;154.086;154.076;1;T;True;3
1621241123000;11580127;154.064;154.084;154.074;1;T;True;3
1621241124000;11580130;154.066;154.086;154.076;2;T;True;3
1621241125000;11580132;154.065;154.085;154.075;1;T;True;3
1621241126000;11580133;154.065;154.085;154.075;0;T;True;3
1621241127000;11580134;154.065;154.085;154.075;0;T;True;3
1621241128000;11580135;154.065;154.085;154.075;0;T;True;3
1621241129000;11580137;154.067;154.087;154.077;1;T;True;3
1621241130000;11580138;154.067;154.087;154.077;0;T;True;3
1621241131000;11580139;154.067;154.087;154.077;0;T;True;3
1621241132000;11580140;154.067;154.087;154.077;0;T;True;3
1621241133000;11580141;154.067;154.087;154.077;0;T;True;3
1621241134000;11580142;154.067;154.087;154.077;0;T;True;3
1621241135000;11580146;154.07;154.09;154.08;3;T;True;3
1621241136000;11580147;154.07;154.09;154.08;0;T;True;3
1621241137000;11580149;154.071;154.091;154.081;1;T;True;3
1621241138000;11580150;154.071;154.091;154.081;0;T;True;3
1621241139000;11580151;154.071;154.091;154.081;0;T;True;3
1621241140000;11580152;154.071;154.091;154.081;0;T;True;3
1621241141000;11580153;154.071;154.091;154.081;0;T;True;3
1621241142000;11580154;154.071;154.091;154.081;0;T;True;3
1621241143000;11580158;154.073;154.093;154.083;3;T;True;3
1621241144000;11580159;154.073;154.093;154.083;0;T;True;3
1621241145000;11580160;154.073;154.093;154.083;0;T;True;3
1621241146000;11580162;154.071;154.091;154.081;1;T;True;3
1621241147000;11580163;154.071;154.091;154.081;0;T;True;3
1621241148000;11580165;154.069;154.089;154.079;1;T;True;3
1621241149000;11580166;154.069;154.089;154.079;0;T;True;3
1621241150000;11580168;154.071;154.091;154.081;1;T;True;3
1621241151000;11580169;154.071;154.091;154.081;0;T;True;3
1621241152000;11580171;154.072;154.092;154.082;1;T;True;3
1621241153000;11580172;154.072;154.092;154.082;0;T;True;3
1621241154000;11580173;154.072;154.092;154.082;0;T;True;3
1621241155000;11580174;154.072;154.092;154.082;0;T;True;3
1621241156000;11580175;154.072;154.092;154.082;0;T;True;3
1621241157000;11580177;154.071;154.091;154.081;1;T;True;3
1621241158000;11580178;154.071;154.091;154.081;0;T;True;3
1621241159000;11580179;154.071;154.091;154.081;0;T;True;3
1621241160000;11580180;154.071;154.091;154.081;0;T;True;3
1621241161000;11580181;154.071;154.091;154.081;0;T;True;3
1621241162000;11580182;154.071;154.091;154.081;0;T;True;3
1621241163000;11580183;154.071;154.091;154.081;0;T;True;3
1621241164000;11580184;154.071;154.091;154.081;0;T;True;3
1621241165000;11580185;154.071;154.091;154.081;0;T;True;3
1621241166000;11580186;154.071;154.091;154.081;0;T;True;3
1621241167000;11580187;154.071;154.091;154.081;0;T;True;3
1621241168000;11580190;154.075;154.095;154.085;2;T;True;3
1621241169000;11580194;154.067;154.087;154.077;3;T;True;3
1621241170000;11580196;154.068;154.088;154.078;1;T;True;3
1621241171000;11580197;154.068;154.088;154.078;0;T;True;3
1621241172000;11580199;154.069;154.089;154.079;1;T;True;3
1621241173000;11580202;154.075;154.095;154.085;2;T;True;3
1621241174000;11580203;154.075;154.095;154.085;0;T;True;3
1621241175000;11580204;154.075;154.095;154.085;0;T;True;3
1621241176000;11580205;154.075;154.095;154.085;0;T;True;3
1621241177000;11580206;154.075;154.095;154.085;0;T;True;3
1621241178000;11580207;154.075;154.095;154.085;0;T;True;3
1621241179000;11580208;154.075;154.095;154.085;0;T;True;3
1621241180000;11580210;154.073;154.093;154.083;1;T;True;3
1621241181000;11580211;154.073;154.093;154.083;0;T;True;3
1621241182000;11580212;154.073;154.093;154.083;0;T;True;3
1621241183000;11580213;154.073;154.093;154.083;0;T;True;3
1621241184000;11580214;154.073;154.093;154.083;0;T;True;3
1621241185000;11580217;154.073;154.093;154.083;2;T;True;3
1621241186000;11580221;154.074;154.094;154.084;3;T;True;3
1621241187000;11580222;154.074;154.094;154.084;0;T;True;3
1621241188000;11580224;154.075;154.095;154.085;1;T;True;3
1621241189000;11580229;154.075;154.095;154.085;4;T;True;3
1621241190000;11580230;154.075;154.095;154.085;0;T;True;3
1621241191000;11580231;154.075;154.095;154.085;0;T;True;3
1621241192000;11580232;154.075;154.095;154.085;0;T;True;3
1621241193000;11580234;154.074;154.094;154.084;1;T;True;3
1621241194000;11580235;154.074;154.094;154.084;0;T;True;3
1621241195000;11580236;154.074;154.094;154.084;0;T;True;3
1621241196000;11580238;154.079;154.099;154.089;1;T;True;3
1621241197000;11580240;154.081;154.101;154.091;1;T;True;3
1621241198000;11580241;154.081;154.101;154.091;0;T;True;3
1621241199000;11580242;154.081;154.101;154.091;0;T;True;3
1621241200000;11580244;154.083;154.103;154.093;1;T;True;3
1621241201000;11580245;154.083;154.103;154.093;0;T;True;3
1621241202000;11580248;154.085;154.105;154.095;2;T;True;3
1621241203000;11580252;154.079;154.099;154.089;3;T;True;3
1621241204000;11580253;154.079;154.099;154.089;0;T;True;3
1621241205000;11580254;154.079;154.099;154.089;0;T;True;3
1621241206000;11580259;154.067;154.087;154.077;4;T;True;3
1621241207000;11580261;154.066;154.086;154.076;1;T;True;3
1621241208000;11580263;154.067;154.087;154.077;1;T;True;3
1621241209000;11580264;154.067;154.087;154.077;0;T;True;3
1621241210000;11580265;154.067;154.087;154.077;0;T;True;3
1621241211000;11580266;154.067;154.087;154.077;0;T;True;3
1621241212000;11580267;154.067;154.087;154.077;0;T;True;3
1621241213000;11580270;154.07;154.09;154.08;2;T;True;3
1621241214000;11580272;154.071;154.091;154.081;1;T;True;3
1621241215000;11580274;154.072;154.092;154.082;1;T;True;3
1621241216000;11580275;154.072;154.092;154.082;0;T;True;3
1621241217000;11580277;154.071;154.091;154.081;1;T;True;3
1621241218000;11580278;154.071;154.091;154.081;0;T;True;3
1621241219000;11580279;154.071;154.091;154.081;0;T;True;3
1621241220000;11580281;154.07;154.09;154.08;1;T;True;3
1621241221000;11580282;154.07;154.09;154.08;0;T;True;3
1621241222000;11580285;154.072;154.092;154.082;2;T;True;3
1621241223000;11580286;154.072;154.092;154.082;0;T;True;3
1621241224000;11580287;154.072;154.092;154.082;0;T;True;3
1621241225000;11580288;154.072;154.092;154.082;0;T;True;3
1621241226000;11580290;154.073;154.093;154.083;1;T;True;3
1621241227000;11580291;154.073;154.093;154.083;0;T;True;3
1621241228000;11580294;154.074;154.094;154.084;2;T;True;3
1621241229000;11580295;154.074;154.094;154.084;0;T;True;3
1621241230000;11580298;154.078;154.098;154.088;2;T;True;3
1621241231000;11580300;154.078;154.098;154.088;1;T;True;3
1621241232000;11580302;154.079;154.099;154.089;1;T;True;3
1621241233000;11580303;154.079;154.099;154.089;0;T;True;3
1621241234000;11580304;154.079;154.099;154.089;0;T;True;3
1621241235000;11580306;154.08;154.1;154.09;1;T;True;3
1621241236000;11580310;154.083;154.103;154.093;3;T;True;3
1621241237000;11580312;154.082;154.102;154.092;1;T;True;3
1621241238000;11580313;154.082;154.102;154.092;0;T;True;3
1621241239000;11580315;154.083;154.103;154.093;1;T;True;3
1621241240000;11580318;154.083;154.103;154.093;2;T;True;3
1621241241000;11580320;154.084;154.104;154.094;1;T;True;3
1621241242000;11580321;154.084;154.104;154.094;0;T;True;3
1621241243000;11580322;154.084;154.104;154.094;0;T;True;3
1621241244000;11580323;154.084;154.104;154.094;0;T;True;3
1621241245000;11580325;154.085;154.105;154.095;1;T;True;3
1621241246000;11580326;154.085;154.105;154.095;0;T;True;3
1621241247000;11580327;154.085;154.105;154.095;0;T;True;3
1621241248000;11580328;154.085;154.105;154.095;0;T;True;3
1621241249000;11580329;154.085;154.105;154.095;0;T;True;3
1621241250000;11580330;154.085;154.105;154.095;0;T;True;3
1621241251000;11580331;154.085;154.105;154.095;0;T;True;3
1621241252000;11580332;154.085;154.105;154.095;0;T;True;3
1621241253000;11580333;154.085;154.105;154.095;0;T;True;3
1621241254000;11580334;154.085;154.105;154.095;0;T;True;3
1621241255000;11580335;154.085;154.105;154.095;0;T;True;3
1621241256000;11580336;154.085;154.105;154.095;0;T;True;3
1621241257000;11580337;154.085;154.105;154.095;0;T;True;3
1621241258000;11580338;154.085;154.105;154.095;0;T;True;3
1621241259000;11580339;154.085;154.105;154.095;0;T;True;3
1621241260000;11580340;154.085;154.105;154.095;0;T;True;3
1621241261000;11580341;154.085;154.105;154.095;0;T;True;3
1621241262000;11580342;154.085;154.105;154.095;0;T;True;3
1621241263000;11580343;154.085;154.105;154.095;0;T;True;3
1621241264000;11580344;154.085;154.105;154.095;0;T;True;3
1621241265000;11580345;154.085;154.105;154.095;0;T;True;3
1621241266000;11580346;154.085;154.105;154.095;0;T;True;3
1621241267000;11580347;154.085;154.105;154.095;0;T;True;3
1621241268000;11580348;154.085;154.105;154.095;0;T;True;3
1621241269000;11580351;154.081;154.101;154.091;2;T;True;3
1621241270000;11580352;154.081;154.101;154.091;0;T;True;3
1621241271000;11580353;154.081;154.101;154.091;0;T;True;3
1621241272000;11580354;154.081;154.101;154.091;0;T;True;3
1621241273000;11580355;154.081;154.101;154.091;0;T;True;3
1621241274000;11580361;154.077;154.097;154.087;5;T;True;3
1621241275000;11580362;154.077;154.097;154.087;0;T;True;3
1621241276000;11580366;154.081;154.101;154.091;3;T;True;3
1621241277000;11580368;154.083;154.103;154.093;1;T;True;3
1621241278000;11580369;154.083;154.103;154.093;0;T;True;3
1621241279000;11580370;154.083;154.103;154.093;0;T;True;3
1621241280000;11580372;154.084;154.104;154.094;1;T;True;3
1621241281000;11580374;154.085;154.105;154.095;1;T;True;3
1621241282000;11580377;154.085;154.105;154.095;2;T;True;3
1621241283000;11580378;154.085;154.105;154.095;0;T;True;3
1621241284000;11580379;154.085;154.105;154.095;0;T;True;3
1621241285000;11580380;154.085;154.105;154.095;0;T;True;3
1621241286000;11580381;154.085;154.105;154.095;0;T;True;3
1621241287000;11580382;154.085;154.105;154.095;0;T;True;3
1621241288000;11580383;154.085;154.105;154.095;0;T;True;3
1621241289000;11580384;154.085;154.105;154.095;0;T;True;3
1621241290000;11580386;154.083;154.103;154.093;1;T;True;3
1621241291000;11580387;154.083;154.103;154.093;0;T;True;3
1621241292000;11580388;154.083;154.103;154.093;0;T;True;3
1621241293000;11580389;154.083;154.103;154.093;0;T;True;3
1621241294000;11580394;154.079;154.099;154.089;4;T;True;3
1621241295000;11580398;154.075;154.095;154.085;3;T;True;3
1621241296000;11580399;154.075;154.095;154.085;0;T;True;3
1621241297000;11580400;154.075;154.095;154.085;0;T;True;3
1621241298000;11580401;154.075;154.095;154.085;0;T;True;3
1621241299000;11580402;154.075;154.095;154.085;0;T;True;3
1621241300000;11580403;154.075;154.095;154.085;0;T;True;3
1621241301000;11580404;154.075;154.095;154.085;0;T;True;3
1621241302000;11580405;154.075;154.095;154.085;0;T;True;3
1621241303000;11580406;154.075;154.095;154.085;0;T;True;3
1621241304000;11580407;154.075;154.095;154.085;0;T;True;3
1621241305000;11580408;154.075;154.095;154.085;0;T;True;3
1621241306000;11580409;154.075;154.095;154.085;0;T;True;3
1621241307000;11580410;154.075;154.095;154.085;0;T;True;3
1621241308000;11580412;154.077;154.097;154.087;1;T;True;3
1621241309000;11580413;154.077;154.097;154.087;0;T;True;3
1621241310000;11580414;154.077;154.097;154.087;0;T;True;3
1621241311000;11580415;154.077;154.097;154.087;0;T;True;3
1621241312000;11580416;154.077;154.097;154.087;0;T;True;3
1621241313000;11580420;154.08;154.1;154.09;3;T;True;3
1621241314000;11580426;154.069;154.089;154.079;5;T;True;3
1621241315000;11580427;154.069;154.089;154.079;0;T;True;3
1621241316000;11580428;154.069;154.089;154.079;0;T;True;3
1621241317000;11580430;154.068;154.088;154.078;1;T;True;3
1621241318000;11580431;154.068;154.088;154.078;0;T;True;3
1621241319000;11580432;154.068;154.088;154.078;0;T;True;3
1621241320000;11580433;154.068;154.088;154.078;0;T;True;3
1621241321000;11580434;154.068;154.088;154.078;0;T;True;3
1621241322000;11580435;154.068;154.088;154.078;0;T;True;3
1621241323000;11580436;154.068;154.088;154.078;0;T;True;3
1621241324000;11580437;154.068;154.088;154.078;0;T;True;3
1621241325000;11580438;154.068;154.088;154.078;0;T;True;3
1621241326000;11580443;154.077;154.097;154.087;4;T;True;3
1621241327000;11580444;154.077;154.097;154.087;0;T;True;3
1621241328000;11580445;154.077;154.097;154.087;0;T;True;3
1621241329000;11580446;154.077;154.097;154.087;0;T;True;3
1621241330000;11580448;154.075;154.095;154.085;1;T;True;3
1621241331000;11580449;154.075;154.095;154.085;0;T;True;3
1621241332000;11580450;154.075;154.095;154.085;0;T;True;3
1621241333000;11580453;154.081;154.101;154.091;2;T;True;3
1621241334000;11580454;154.081;154.101;154.091;0;T;True;3
1621241335000;11580455;154.081;154.101;154.091;0;T;True;3
1621241336000;11580456;154.081;154.101;154.091;0;T;True;3
1621241337000;11580457;154.081;154.101;154.091;0;T;True;3
1621241338000;11580458;154.081;154.101;154.091;0;T;True;3
1621241339000;11580462;154.079;154.099;154.089;3;T;True;3
1621241340000;11580463;154.079;154.099;154.089;0;T;True;3
1621241341000;11580464;154.079;154.099;154.089;0;T;True;3
1621241342000;11580465;154.079;154.099;154.089;0;T;True;3
1621241343000;11580466;154.079;154.099;154.089;0;T;True;3
1621241344000;11580467;154.079;154.099;154.089;0;T;True;3
1621241345000;11580469;154.081;154.101;154.091;1;T;True;3
1621241346000;11580470;154.081;154.101;154.091;0;T;True;3
1621241347000;11580471;154.081;154.101;154.091;0;T;True;3
1621241348000;11580472;154.081;154.101;154.091;0;T;True;3
1621241349000;11580473;154.081;154.101;154.091;0;T;True;3
1621241350000;11580474;154.081;154.101;154.091;0;T;True;3
1621241351000;11580475;154.081;154.101;154.091;0;T;True;3
1621241352000;11580476;154.081;154.101;154.091;0;T;True;3
1621241353000;11580477;154.081;154.101;154.091;0;T;True;3
1621241354000;11580478;154.081;154.101;154.091;0;T;True;3
1621241355000;11580479;154.081;154.101;154.091;0;T;True;3
1621241356000;11580484;154.077;154.097;154.087;4;T;True;3
1621241357000;11580486;154.076;154.096;154.086;1;T;True;3
1621241358000;11580488;154.077;154.097;154.087;1;T;True;3
1621241359000;11580490;154.073;154.093;154.083;1;T;True;3
1621241360000;11580491;154.073;154.093;154.083;0;T;True;3
1621241361000;11580492;154.073;154.093;154.083;0;T;True;3
1621241362000;11580493;154.073;154.093;154.083;0;T;True;3
1621241363000;11580496;154.076;154.096;154.086;2;T;True;3
1621241364000;11580498;154.077;154.097;154.087;1;T;True;3
1621241365000;11580499;154.077;154.097;154.087;0;T;True;3
1621241366000;11580502;154.083;154.103;154.093;2;T;True;3
1621241367000;11580506;154.083;154.103;154.093;3;T;True;3
1621241368000;11580507;154.083;154.103;154.093;0;T;True;3
1621241369000;11580508;154.083;154.103;154.093;0;T;True;3
1621241370000;11580509;154.083;154.103;154.093;0;T;True;3
1621241371000;11580510;154.083;154.103;154.093;0;T;True;3
1621241372000;11580511;154.083;154.103;154.093;0;T;True;3
1621241373000;11580512;154.083;154.103;154.093;0;T;True;3
1621241374000;11580513;154.083;154.103;154.093;0;T;True;3
1621241375000;11580514;154.083;154.103;154.093;0;T;True;3
1621241376000;11580515;154.083;154.103;154.093;0;T;True;3
1621241377000;11580516;154.083;154.103;154.093;0;T;True;3
1621241378000;11580517;154.083;154.103;154.093;0;T;True;3
1621241379000;11580518;154.083;154.103;154.093;0;T;True;3
1621241380000;11580524;154.085;154.105;154.095;5;T;True;3
1621241381000;11580525;154.085;154.105;154.095;0;T;True;3
1621241382000;11580527;154.087;154.107;154.097;1;T;True;3
1621241383000;11580528;154.087;154.107;154.097;0;T;True;3
1621241384000;11580529;154.087;154.107;154.097;0;T;True;3
1621241385000;11580534;154.086;154.106;154.096;4;T;True;3
1621241386000;11580536;154.085;154.105;154.095;1;T;True;3
1621241387000;11580537;154.085;154.105;154.095;0;T;True;3
1621241388000;11580538;154.085;154.105;154.095;0;T;True;3
1621241389000;11580540;154.084;154.104;154.094;1;T;True;3
1621241390000;11580541;154.084;154.104;154.094;0;T;True;3
1621241391000;11580542;154.084;154.104;154.094;0;T;True;3
1621241392000;11580543;154.084;154.104;154.094;0;T;True;3
1621241393000;11580545;154.083;154.103;154.093;1;T;True;3
1621241394000;11580547;154.085;154.105;154.095;1;T;True;3
1621241395000;11580548;154.085;154.105;154.095;0;T;True;3
1621241396000;11580550;154.086;154.106;154.096;1;T;True;3
1621241397000;11580551;154.086;154.106;154.096;0;T;True;3
1621241398000;11580552;154.086;154.106;154.096;0;T;True;3
1621241399000;11580553;154.086;154.106;154.096;0;T;True;3
1621241400000;11580554;154.086;154.106;154.096;0;T;True;3
1621241401000;11580557;154.09;154.11;154.1;2;T;True;3
1621241402000;11580562;154.092;154.112;154.102;4;T;True;3
1621241403000;11580565;154.087;154.107;154.097;2;T;True;3
1621241404000;11580568;154.09;154.11;154.1;2;T;True;3
1621241405000;11580569;154.09;154.11;154.1;0;T;True;3
1621241406000;11580573;154.089;154.109;154.099;3;T;True;3
1621241407000;11580574;154.089;154.109;154.099;0;T;True;3
1621241408000;11580575;154.089;154.109;154.099;0;T;True;3
1621241409000;11580576;154.089;154.109;154.099;0;T;True;3
1621241410000;11580577;154.089;154.109;154.099;0;T;True;3
1621241411000;11580578;154.089;154.109;154.099;0;T;True;3
1621241412000;11580579;154.089;154.109;154.099;0;T;True;3
1621241413000;11580580;154.089;154.109;154.099;0;T;True;3
1621241414000;11580581;154.089;154.109;154.099;0;T;True;3
1621241415000;11580583;154.087;154.107;154.097;1;T;True;3
1621241416000;11580585;154.086;154.106;154.096;1;T;True;3
1621241417000;11580586;154.086;154.106;154.096;0;T;True;3
1621241418000;11580587;154.086;154.106;154.096;0;T;True;3
1621241419000;11580588;154.086;154.106;154.096;0;T;True;3
1621241420000;11580589;154.086;154.106;154.096;0;T;True;3
1621241421000;11580591;154.087;154.107;154.097;1;T;True;3
1621241422000;11580592;154.087;154.107;154.097;0;T;True;3
1621241423000;11580593;154.087;154.107;154.097;0;T;True;3
1621241424000;11580594;154.087;154.107;154.097;0;T;True;3
1621241425000;11580595;154.087;154.107;154.097;0;T;True;3
1621241426000;11580596;154.087;154.107;154.097;0;T;True;3
1621241427000;11580598;154.089;154.109;154.099;1;T;True;3
1621241428000;11580599;154.089;154.109;154.099;0;T;True;3
1621241429000;11580600;154.089;154.109;154.099;0;T;True;3
1621241430000;11580601;154.089;154.109;154.099;0;T;True;3
1621241431000;11580602;154.089;154.109;154.099;0;T;True;3
1621241432000;11580605;154.087;154.107;154.097;2;T;True;3
1621241433000;11580607;154.085;154.105;154.095;1;T;True;3
1621241434000;11580609;154.082;154.102;154.092;1;T;True;3
1621241435000;11580611;154.081;154.101;154.091;1;T;True;3
1621241436000;11580614;154.085;154.105;154.095;2;T;True;3
1621241437000;11580615;154.085;154.105;154.095;0;T;True;3
1621241438000;11580616;154.085;154.105;154.095;0;T;True;3
1621241439000;11580617;154.085;154.105;154.095;0;T;True;3
1621241440000;11580618;154.085;154.105;154.095;0;T;True;3
1621241441000;11580619;154.085;154.105;154.095;0;T;True;3
1621241442000;11580620;154.085;154.105;154.095;0;T;True;3
1621241443000;11580621;154.085;154.105;154.095;0;T;True;3
1621241444000;11580622;154.085;154.105;154.095;0;T;True;3
1621241445000;11580624;154.084;154.104;154.094;1;T;True;3
1621241446000;11580625;154.084;154.104;154.094;0;T;True;3
1621241447000;11580632;154.094;154.114;154.104;6;T;True;3
1621241448000;11580637;154.094;154.114;154.104;4;T;True;3
1621241449000;11580642;154.095;154.115;154.105;4;T;True;3
1621241450000;11580643;154.095;154.115;154.105;0;T;True;3
1621241451000;11580644;154.095;154.115;154.105;0;T;True;3
1621241452000;11580645;154.095;154.115;154.105;0;T;True;3
1621241453000;11580647;154.094;154.114;154.104;1;T;True;3
1621241454000;11580648;154.094;154.114;154.104;0;T;True;3
1621241455000;11580649;154.094;154.114;154.104;0;T;True;3
1621241456000;11580650;154.094;154.114;154.104;0;T;True;3
1621241457000;11580651;154.094;154.114;154.104;0;T;True;3
1621241458000;11580653;154.095;154.115;154.105;1;T;True;3
1621241459000;11580654;154.095;154.115;154.105;0;T;True;3
1621241460000;11580655;154.095;154.115;154.105;0;T;True;3
1621241461000;11580657;154.097;154.117;154.107;1;T;True;3
1621241462000;11580659;154.095;154.115;154.105;1;T;True;3
1621241463000;11580661;154.092;154.112;154.102;1;T;True;3
1621241464000;11580665;154.094;154.114;154.104;3;T;True;3
1621241465000;11580666;154.094;154.114;154.104;0;T;True;3
1621241466000;11580667;154.094;154.114;154.104;0;T;True;3
1621241467000;11580669;154.093;154.113;154.103;1;T;True;3
1621241468000;11580672;154.093;154.113;154.103;2;T;True;3
1621241469000;11580673;154.093;154.113;154.103;0;T;True;3
1621241470000;11580674;154.093;154.113;154.103;0;T;True;3
1621241471000;11580675;154.093;154.113;154.103;0;T;True;3
1621241472000;11580676;154.093;154.113;154.103;0;T;True;3
1621241473000;11580677;154.093;154.113;154.103;0;T;True;3
1621241474000;11580678;154.093;154.113;154.103;0;T;True;3
1621241475000;11580679;154.093;154.113;154.103;0;T;True;3
1621241476000;11580680;154.093;154.113;154.103;0;T;True;3
1621241477000;11580681;154.093;154.113;154.103;0;T;True;3
1621241478000;11580682;154.093;154.113;154.103;0;T;True;3
1621241479000;11580683;154.093;154.113;154.103;0;T;True;3
1621241480000;11580684;154.093;154.113;154.103;0;T;True;3
1621241481000;11580685;154.093;154.113;154.103;0;T;True;3
1621241482000;11580689;154.089;154.109;154.099;3;T;True;3
1621241483000;11580690;154.089;154.109;154.099;0;T;True;3
1621241484000;11580691;154.089;154.109;154.099;0;T;True;3
1621241485000;11580692;154.089;154.109;154.099;0;T;True;3
1621241486000;11580693;154.089;154.109;154.099;0;T;True;3
1621241487000;11580694;154.089;154.109;154.099;0;T;True;3
1621241488000;11580695;154.089;154.109;154.099;0;T;True;3
1621241489000;11580696;154.089;154.109;154.099;0;T;True;3
1621241490000;11580697;154.089;154.109;154.099;0;T;True;3
1621241491000;11580698;154.089;154.109;154.099;0;T;True;3
1621241492000;11580699;154.089;154.109;154.099;0;T;True;3
1621241493000;11580700;154.089;154.109;154.099;0;T;True;3
1621241494000;11580701;154.089;154.109;154.099;0;T;True;3
1621241495000;11580703;154.088;154.108;154.098;1;T;True;3
1621241496000;11580705;154.087;154.107;154.097;1;T;True;3
1621241497000;11580706;154.087;154.107;154.097;0;T;True;3
1621241498000;11580707;154.087;154.107;154.097;0;T;True;3
1621241499000;11580708;154.087;154.107;154.097;0;T;True;3
1621241500000;11580709;154.087;154.107;154.097;0;T;True;3
1621241501000;11580710;154.087;154.107;154.097;0;T;True;3
1621241502000;11580713;154.087;154.107;154.097;2;T;True;3
1621241503000;11580714;154.087;154.107;154.097;0;T;True;3
1621241504000;11580716;154.088;154.108;154.098;1;T;True;3
1621241505000;11580717;154.088;154.108;154.098;0;T;True;3
1621241506000;11580721;154.087;154.107;154.097;3;T;True;3
1621241507000;11580722;154.087;154.107;154.097;0;T;True;3
1621241508000;11580723;154.087;154.107;154.097;0;T;True;3
1621241509000;11580724;154.087;154.107;154.097;0;T;True;3
1621241510000;11580725;154.087;154.107;154.097;0;T;True;3
1621241511000;11580726;154.087;154.107;154.097;0;T;True;3
1621241512000;11580728;154.086;154.106;154.096;1;T;True;3
1621241513000;11580729;154.086;154.106;154.096;0;T;True;3
1621241514000;11580736;154.093;154.113;154.103;6;T;True;3
1621241515000;11580738;154.094;154.114;154.104;1;T;True;3
1621241516000;11580740;154.095;154.115;154.105;1;T;True;3
1621241517000;11580741;154.095;154.115;154.105;0;T;True;3
1621241518000;11580742;154.095;154.115;154.105;0;T;True;3
1621241519000;11580743;154.095;154.115;154.105;0;T;True;3
1621241520000;11580744;154.095;154.115;154.105;0;T;True;3
1621241521000;11580745;154.095;154.115;154.105;0;T;True;3
1621241522000;11580746;154.095;154.115;154.105;0;T;True;3
1621241523000;11580747;154.095;154.115;154.105;0;T;True;3
1621241524000;11580748;154.095;154.115;154.105;0;T;True;3
1621241525000;11580751;154.095;154.115;154.105;2;T;True;3
1621241526000;11580753;154.093;154.113;154.103;1;T;True;3
1621241527000;11580754;154.093;154.113;154.103;0;T;True;3
1621241528000;11580755;154.093;154.113;154.103;0;T;True;3
1621241529000;11580756;154.093;154.113;154.103;0;T;True;3
1621241530000;11580757;154.093;154.113;154.103;0;T;True;3
1621241531000;11580758;154.093;154.113;154.103;0;T;True;3
1621241532000;11580759;154.093;154.113;154.103;0;T;True;3
1621241533000;11580760;154.093;154.113;154.103;0;T;True;3
1621241534000;11580761;154.093;154.113;154.103;0;T;True;3
1621241535000;11580762;154.093;154.113;154.103;0;T;True;3
1621241536000;11580763;154.093;154.113;154.103;0;T;True;3
1621241537000;11580764;154.093;154.113;154.103;0;T;True;3
1621241538000;11580765;154.093;154.113;154.103;0;T;True;3
1621241539000;11580766;154.093;154.113;154.103;0;T;True;3
1621241540000;11580768;154.091;154.111;154.101;1;T;True;3
1621241541000;11580769;154.091;154.111;154.101;0;T;True;3
1621241542000;11580771;154.09;154.11;154.1;1;T;True;3
1621241543000;11580773;154.089;154.109;154.099;1;T;True;3
1621241544000;11580774;154.089;154.109;154.099;0;T;True;3
1621241545000;11580775;154.089;154.109;154.099;0;T;True;3
1621241546000;11580776;154.089;154.109;154.099;0;T;True;3
1621241547000;11580777;154.089;154.109;154.099;0;T;True;3
1621241548000;11580778;154.089;154.109;154.099;0;T;True;3
1621241549000;11580781;154.088;154.108;154.098;2;T;True;3
1621241550000;11580782;154.088;154.108;154.098;0;T;True;3
1621241551000;11580783;154.088;154.108;154.098;0;T;True;3
1621241552000;11580784;154.088;154.108;154.098;0;T;True;3
1621241553000;11580786;154.089;154.109;154.099;1;T;True;3
1621241554000;11580787;154.089;154.109;154.099;0;T;True;3
1621241555000;11580788;154.089;154.109;154.099;0;T;True;3
1621241556000;11580789;154.089;154.109;154.099;0;T;True;3
1621241557000;11580790;154.089;154.109;154.099;0;T;True;3
1621241558000;11580791;154.089;154.109;154.099;0;T;True;3
1621241559000;11580792;154.089;154.109;154.099;0;T;True;3
1621241560000;11580793;154.089;154.109;154.099;0;T;True;3
1621241561000;11580794;154.089;154.109;154.099;0;T;True;3
1621241562000;11580796;154.091;154.111;154.101;1;T;True;3
1621241563000;11580797;154.091;154.111;154.101;0;T;True;3
1621241564000;11580798;154.091;154.111;154.101;0;T;True;3
1621241565000;11580803;154.091;154.111;154.101;4;T;True;3
1621241566000;11580805;154.092;154.112;154.102;1;T;True;3
1621241567000;11580806;154.092;154.112;154.102;0;T;True;3
1621241568000;11580807;154.092;154.112;154.102;0;T;True;3
1621241569000;11580808;154.092;154.112;154.102;0;T;True;3
1621241570000;11580809;154.092;154.112;154.102;0;T;True;3
1621241571000;11580810;154.092;154.112;154.102;0;T;True;3
1621241572000;11580812;154.093;154.113;154.103;1;T;True;3
1621241573000;11580813;154.093;154.113;154.103;0;T;True;3
1621241574000;11580815;154.091;154.111;154.101;1;T;True;3
1621241575000;11580816;154.091;154.111;154.101;0;T;True;3
1621241576000;11580817;154.091;154.111;154.101;0;T;True;3
1621241577000;11580818;154.091;154.111;154.101;0;T;True;3
1621241578000;11580821;154.089;154.109;154.099;2;T;True;3
1621241579000;11580825;154.092;154.112;154.102;3;T;True;3
1621241580000;11580828;154.091;154.111;154.101;2;T;True;3
1621241581000;11580831;154.093;154.113;154.103;2;T;True;3
1621241582000;11580832;154.093;154.113;154.103;0;T;True;3
1621241583000;11580833;154.093;154.113;154.103;0;T;True;3
1621241584000;11580834;154.093;154.113;154.103;0;T;True;3
1621241585000;11580835;154.093;154.113;154.103;0;T;True;3
1621241586000;11580837;154.094;154.114;154.104;1;T;True;3
1621241587000;11580839;154.093;154.113;154.103;1;T;True;3
1621241588000;11580842;154.095;154.115;154.105;2;T;True;3
1621241589000;11580844;154.096;154.116;154.106;1;T;True;3
1621241590000;11580846;154.095;154.115;154.105;1;T;True;3
1621241591000;11580847;154.095;154.115;154.105;0;T;True;3
1621241592000;11580848;154.095;154.115;154.105;0;T;True;3
1621241593000;11580849;154.095;154.115;154.105;0;T;True;3
1621241594000;11580852;154.095;154.115;154.105;2;T;True;3
1621241595000;11580853;154.095;154.115;154.105;0;T;True;3
1621241596000;11580854;154.095;154.115;154.105;0;T;True;3
1621241597000;11580855;154.095;154.115;154.105;0;T;True;3
1621241598000;11580856;154.095;154.115;154.105;0;T;True;3
1621241599000;11580857;154.095;154.115;154.105;0;T;True;3
1621241600000;11580859;154.097;154.117;154.107;1;T;True;3
1621241601000;11580863;154.097;154.117;154.107;3;T;True;3
1621241602000;11580866;154.101;154.121;154.111;2;T;True;3
1621241603000;11580867;154.101;154.121;154.111;0;T;True;3
1621241604000;11580870;154.101;154.121;154.111;2;T;True;3
1621241605000;11580872;154.102;154.122;154.112;1;T;True;3
1621241606000;11580874;154.103;154.123;154.113;1;T;True;3
1621241607000;11580875;154.103;154.123;154.113;0;T;True;3
1621241608000;11580876;154.103;154.123;154.113;0;T;True;3
1621241609000;11580877;154.103;154.123;154.113;0;T;True;3
1621241610000;11580878;154.103;154.123;154.113;0;T;True;3
1621241611000;11580879;154.103;154.123;154.113;0;T;True;3
1621241612000;11580884;154.098;154.118;154.108;4;T;True;3
1621241613000;11580888;154.102;154.122;154.112;3;T;True;3
1621241614000;11580889;154.102;154.122;154.112;0;T;True;3
1621241615000;11580890;154.102;154.122;154.112;0;T;True;3
1621241616000;11580892;154.103;154.123;154.113;1;T;True;3
1621241617000;11580894;154.1;154.12;154.11;1;T;True;3
1621241618000;11580895;154.1;154.12;154.11;0;T;True;3
1621241619000;11580896;154.1;154.12;154.11;0;T;True;3
1621241620000;11580898;154.101;154.121;154.111;1;T;True;3
1621241621000;11580899;154.101;154.121;154.111;0;T;True;3
1621241622000;11580900;154.101;154.121;154.111;0;T;True;3
1621241623000;11580901;154.101;154.121;154.111;0;T;True;3
1621241624000;11580904;154.095;154.115;154.105;2;T;True;3
1621241625000;11580908;154.092;154.112;154.102;3;T;True;3
1621241626000;11580911;154.09;154.11;154.1;2;T;True;3
1621241627000;11580913;154.089;154.109;154.099;1;T;True;3
1621241628000;11580915;154.088;154.108;154.098;1;T;True;3
1621241629000;11580917;154.087;154.107;154.097;1;T;True;3
1621241630000;11580918;154.087;154.107;154.097;0;T;True;3
1621241631000;11580919;154.087;154.107;154.097;0;T;True;3
1621241632000;11580920;154.087;154.107;154.097;0;T;True;3
1621241633000;11580921;154.087;154.107;154.097;0;T;True;3
1621241634000;11580923;154.088;154.108;154.098;1;T;True;3
1621241635000;11580924;154.088;154.108;154.098;0;T;True;3
1621241636000;11580925;154.088;154.108;154.098;0;T;True;3
1621241637000;11580927;154.089;154.109;154.099;1;T;True;3
1621241638000;11580928;154.089;154.109;154.099;0;T;True;3
1621241639000;11580929;154.089;154.109;154.099;0;T;True;3
1621241640000;11580930;154.089;154.109;154.099;0;T;True;3
1621241641000;11580931;154.089;154.109;154.099;0;T;True;3
1621241642000;11580932;154.089;154.109;154.099;0;T;True;3
1621241643000;11580933;154.089;154.109;154.099;0;T;True;3
1621241644000;11580935;154.088;154.108;154.098;1;T;True;3
1621241645000;11580940;154.091;154.111;154.101;4;T;True;3
1621241646000;11580941;154.091;154.111;154.101;0;T;True;3
1621241647000;11580942;154.091;154.111;154.101;0;T;True;3
1621241648000;11580943;154.091;154.111;154.101;0;T;True;3
1621241649000;11580944;154.091;154.111;154.101;0;T;True;3
1621241650000;11580945;154.091;154.111;154.101;0;T;True;3
1621241651000;11580947;154.092;154.112;154.102;1;T;True;3
1621241652000;11580954;154.094;154.114;154.104;6;T;True;3
1621241653000;11580955;154.094;154.114;154.104;0;T;True;3
1621241654000;11580956;154.094;154.114;154.104;0;T;True;3
1621241655000;11580959;154.097;154.117;154.107;2;T;True;3
1621241656000;11580961;154.098;154.118;154.108;1;T;True;3
1621241657000;11580963;154.097;154.117;154.107;1;T;True;3
1621241658000;11580965;154.098;154.118;154.108;1;T;True;3
1621241659000;11580966;154.098;154.118;154.108;0;T;True;3
1621241660000;11580967;154.098;154.118;154.108;0;T;True;3
1621241661000;11580968;154.098;154.118;154.108;0;T;True;3
1621241662000;11580971;154.097;154.117;154.107;2;T;True;3
1621241663000;11580974;154.095;154.115;154.105;2;T;True;3
1621241664000;11580978;154.097;154.117;154.107;3;T;True;3
1621241665000;11580980;154.099;154.119;154.109;1;T;True;3
1621241666000;11580982;154.095;154.115;154.105;1;T;True;3
1621241667000;11580983;154.095;154.115;154.105;0;T;True;3
1621241668000;11580984;154.095;154.115;154.105;0;T;True;3
1621241669000;11580987;154.097;154.117;154.107;2;T;True;3
1621241670000;11580988;154.097;154.117;154.107;0;T;True;3
1621241671000;11580989;154.097;154.117;154.107;0;T;True;3
1621241672000;11580990;154.097;154.117;154.107;0;T;True;3
1621241673000;11580991;154.097;154.117;154.107;0;T;True;3
1621241674000;11580992;154.097;154.117;154.107;0;T;True;3
1621241675000;11580993;154.097;154.117;154.107;0;T;True;3
1621241676000;11580994;154.097;154.117;154.107;0;T;True;3
1621241677000;11580997;154.096;154.116;154.106;2;T;True;3
1621241678000;11581000;154.096;154.116;154.106;2;T;True;3
1621241679000;11581002;154.097;154.117;154.107;1;T;True;3
1621241680000;11581003;154.097;154.117;154.107;0;T;True;3
1621241681000;11581004;154.097;154.117;154.107;0;T;True;3
1621241682000;11581006;154.098;154.118;154.108;1;T;True;3
1621241683000;11581007;154.098;154.118;154.108;0;T;True;3
1621241684000;11581009;154.099;154.119;154.109;1;T;True;3
1621241685000;11581012;154.097;154.117;154.107;2;T;True;3
1621241686000;11581013;154.097;154.117;154.107;0;T;True;3
1621241687000;11581014;154.097;154.117;154.107;0;T;True;3
1621241688000;11581016;154.094;154.114;154.104;1;T;True;3
1621241689000;11581017;154.094;154.114;154.104;0;T;True;3
1621241690000;11581018;154.094;154.114;154.104;0;T;True;3
1621241691000;11581020;154.093;154.113;154.103;1;T;True;3
1621241692000;11581021;154.093;154.113;154.103;0;T;True;3
1621241693000;11581022;154.093;154.113;154.103;0;T;True;3
1621241694000;11581023;154.093;154.113;154.103;0;T;True;3
1621241695000;11581026;154.093;154.113;154.103;2;T;True;3
1621241696000;11581027;154.093;154.113;154.103;0;T;True;3
1621241697000;11581028;154.093;154.113;154.103;0;T;True;3
1621241698000;11581029;154.093;154.113;154.103;0;T;True;3
1621241699000;11581030;154.093;154.113;154.103;0;T;True;3
1621241700000;11581031;154.093;154.113;154.103;0;T;True;3
1621241701000;11581033;154.091;154.111;154.101;1;T;True;3
1621241702000;11581034;154.091;154.111;154.101;0;T;True;3
1621241703000;11581035;154.091;154.111;154.101;0;T;True;3
1621241704000;11581036;154.091;154.111;154.101;0;T;True;3
1621241705000;11581038;154.092;154.112;154.102;1;T;True;3
1621241706000;11581039;154.092;154.112;154.102;0;T;True;3
1621241707000;11581041;154.091;154.111;154.101;1;T;True;3
1621241708000;11581042;154.091;154.111;154.101;0;T;True;3
1621241709000;11581043;154.091;154.111;154.101;0;T;True;3
1621241710000;11581044;154.091;154.111;154.101;0;T;True;3
1621241711000;11581048;154.095;154.115;154.105;3;T;True;3
1621241712000;11581051;154.091;154.111;154.101;2;T;True;3
1621241713000;11581052;154.091;154.111;154.101;0;T;True;3
1621241714000;11581053;154.091;154.111;154.101;0;T;True;3
1621241715000;11581054;154.091;154.111;154.101;0;T;True;3
1621241716000;11581055;154.091;154.111;154.101;0;T;True;3
1621241717000;11581056;154.091;154.111;154.101;0;T;True;3
1621241718000;11581057;154.091;154.111;154.101;0;T;True;3
1621241719000;11581059;154.09;154.11;154.1;1;T;True;3
1621241720000;11581061;154.089;154.109;154.099;1;T;True;3
1621241721000;11581063;154.091;154.111;154.101;1;T;True;3
1621241722000;11581067;154.091;154.111;154.101;3;T;True;3
1621241723000;11581068;154.091;154.111;154.101;0;T;True;3
1621241724000;11581071;154.095;154.115;154.105;2;T;True;3
1621241725000;11581072;154.095;154.115;154.105;0;T;True;3
1621241726000;11581075;154.093;154.113;154.103;2;T;True;3
1621241727000;11581078;154.089;154.109;154.099;2;T;True;3
1621241728000;11581079;154.089;154.109;154.099;0;T;True;3
1621241729000;11581080;154.089;154.109;154.099;0;T;True;3
1621241730000;11581081;154.089;154.109;154.099;0;T;True;3
1621241731000;11581082;154.089;154.109;154.099;0;T;True;3
1621241732000;11581083;154.089;154.109;154.099;0;T;True;3
1621241733000;11581084;154.089;154.109;154.099;0;T;True;3
1621241734000;11581085;154.089;154.109;154.099;0;T;True;3
1621241735000;11581087;154.085;154.105;154.095;1;T;True;3
1621241736000;11581090;154.08;154.1;154.09;2;T;True;3
1621241737000;11581091;154.08;154.1;154.09;0;T;True;3
1621241738000;11581092;154.08;154.1;154.09;0;T;True;3
1621241739000;11581094;154.081;154.101;154.091;1;T;True;3
1621241740000;11581100;154.087;154.107;154.097;5;T;True;3
1621241741000;11581101;154.087;154.107;154.097;0;T;True;3
1621241742000;11581102;154.087;154.107;154.097;0;T;True;3
1621241743000;11581105;154.087;154.107;154.097;2;T;True;3
1621241744000;11581106;154.087;154.107;154.097;0;T;True;3
1621241745000;11581107;154.087;154.107;154.097;0;T;True;3
1621241746000;11581108;154.087;154.107;154.097;0;T;True;3
1621241747000;11581109;154.087;154.107;154.097;0;T;True;3
1621241748000;11581111;154.088;154.108;154.098;1;T;True;3
1621241749000;11581112;154.088;154.108;154.098;0;T;True;3
1621241750000;11581113;154.088;154.108;154.098;0;T;True;3
1621241751000;11581114;154.088;154.108;154.098;0;T;True;3
1621241752000;11581117;154.091;154.111;154.101;2;T;True;3
1621241753000;11581119;154.088;154.108;154.098;1;T;True;3
1621241754000;11581120;154.088;154.108;154.098;0;T;True;3
1621241755000;11581121;154.088;154.108;154.098;0;T;True;3
1621241756000;11581122;154.088;154.108;154.098;0;T;True;3
1621241757000;11581123;154.088;154.108;154.098;0;T;True;3
1621241758000;11581124;154.088;154.108;154.098;0;T;True;3
1621241759000;11581125;154.088;154.108;154.098;0;T;True;3
1621241760000;11581126;154.088;154.108;154.098;0;T;True;3
1621241761000;11581127;154.088;154.108;154.098;0;T;True;3
1621241762000;11581129;154.087;154.107;154.097;1;T;True;3
1621241763000;11581130;154.087;154.107;154.097;0;T;True;3
1621241764000;11581131;154.087;154.107;154.097;0;T;True;3
1621241765000;11581137;154.099;154.119;154.109;5;T;True;3
1621241766000;11581144;154.095;154.115;154.105;6;T;True;3
1621241767000;11581145;154.095;154.115;154.105;0;T;True;3
1621241768000;11581146;154.095;154.115;154.105;0;T;True;3
1621241769000;11581148;154.096;154.116;154.106;1;T;True;3
1621241770000;11581149;154.096;154.116;154.106;0;T;True;3
1621241771000;11581155;154.09;154.11;154.1;5;T;True;3
1621241772000;11581158;154.087;154.107;154.097;2;T;True;3
1621241773000;11581159;154.087;154.107;154.097;0;T;True;3
1621241774000;11581160;154.087;154.107;154.097;0;T;True;3
1621241775000;11581161;154.087;154.107;154.097;0;T;True;3
1621241776000;11581162;154.087;154.107;154.097;0;T;True;3
1621241777000;11581165;154.081;154.101;154.091;2;T;True;3
1621241778000;11581168;154.081;154.101;154.091;2;T;True;3
1621241779000;11581173;154.075;154.095;154.085;4;T;True;3
1621241780000;11581176;154.071;154.091;154.081;2;T;True;3
1621241781000;11581177;154.071;154.091;154.081;0;T;True;3
1621241782000;11581180;154.067;154.087;154.077;2;T;True;3
1621241783000;11581184;154.066;154.086;154.076;3;T;True;3
1621241784000;11581185;154.066;154.086;154.076;0;T;True;3
1621241785000;11581186;154.066;154.086;154.076;0;T;True;3
1621241786000;11581188;154.065;154.085;154.075;1;T;True;3
1621241787000;11581189;154.065;154.085;154.075;0;T;True;3
