ts;n;bid;ask;value;volume;phase;round;active_id
1621229262000;11558655;154.012;154.032;154.022;0;T;True;3
1621229263000;11558656;154.012;154.032;154.022;0;T;True;3
1621229264000;11558657;154.012;154.032;154.022;0;T;True;3
1621229265000;11558658;154.012;154.032;154.022;0;T;True;3
1621229266000;11558659;154.012;154.032;154.022;0;T;True;3
1621229267000;11558660;154.012;154.032;154.022;0;T;True;3
1621229268000;11558661;154.012;154.032;154.022;0;T;True;3
1621229269000;11558662;154.012;154.032;154.022;0;T;True;3
1621229270000;11558663;154.012;154.032;154.022;0;T;True;3
1621229271000;11558664;154.012;154.032;154.022;0;T;True;3
1621229272000;11558665;154.012;154.032;154.022;0;T;True;3
1621229273000;11558666;154.012;154.032;154.022;0;T;True;3
1621229274000;11558667;154.012;154.032;154.022;0;T;True;3
1621229275000;11558668;154.012;154.032;154.022;0;T;True;3
1621229276000;11558669;154.012;154.032;154.022;0;T;True;3
1621229277000;11558671;154.013;154.033;154.023;1;T;True;3
1621229278000;11558672;154.013;154.033;154.023;0;T;True;3
1621229279000;11558674;154.01;154.03;154.02;1;T;True;3
1621229280000;11558675;154.01;154.03;154.02;0;T;True;3
1621229281000;11558676;154.01;154.03;154.02;0;T;True;3
1621229282000;11558677;154.01;154.03;154.02;0;T;True;3
1621229283000;11558679;154.008;154.028;154.018;1;T;True;3
1621229284000;11558684;154.02;154.04;154.03;4;T;True;3
1621229285000;11558687;154.017;154.037;154.027;2;T;True;3
1621229286000;11558690;154.02;154.04;154.03;2;T;True;3
1621229287000;11558691;154.02;154.04;154.03;0;T;True;3
1621229288000;11558693;154.019;154.039;154.029;1;T;True;3
1621229289000;11558694;154.019;154.039;154.029;0;T;True;3
1621229290000;11558695;154.019;154.039;154.029;0;T;True;3
1621229291000;11558696;154.019;154.039;154.029;0;T;True;3
1621229292000;11558699;154.016;154.036;154.026;2;T;True;3
1621229293000;11558701;154.015;154.035;154.025;1;T;True;3
1621229294000;11558702;154.015;154.035;154.025;0;T;True;3
1621229295000;11558703;154.015;154.035;154.025;0;T;True;3
1621229296000;11558704;154.015;154.035;154.025;0;T;True;3
1621229297000;11558706;154.013;154.033;154.023;1;T;True;3
1621229298000;11558707;154.013;154.033;154.023;0;T;True;3
1621229299000;11558708;154.013;154.033;154.023;0;T;True;3
1621229300000;11558709;154.013;154.033;154.023;0;T;True;3
1621229301000;11558710;154.013;154.033;154.023;0;T;True;3
1621229302000;11558713;154.009;154.029;154.019;2;T;True;3
1621229303000;11558714;154.009;154.029;154.019;0;T;True;3
1621229304000;11558715;154.009;154.029;154.019;0;T;True;3
1621229305000;11558716;154.009;154.029;154.019;0;T;True;3
1621229306000;11558717;154.009;154.029;154.019;0;T;True;3
1621229307000;11558718;154.009;154.029;154.019;0;T;True;3
1621229308000;11558719;154.009;154.029;154.019;0;T;True;3
1621229309000;11558720;154.009;154.029;154.019;0;T;True;3
1621229310000;11558721;154.009;154.029;154.019;0;T;True;3
1621229311000;11558722;154.009;154.029;154.019;0;T;True;3
1621229312000;11558723;154.009;154.029;154.019;0;T;True;3
1621229313000;11558724;154.009;154.029;154.019;0;T;True;3
1621229314000;11558725;154.009;154.029;154.019;0;T;True;3
1621229315000;11558726;154.009;154.029;154.019;0;T;True;3
1621229316000;11558727;154.009;154.029;154.019;0;T;True;3
1621229317000;11558728;154.009;154.029;154.019;0;T;True;3
1621229318000;11558731;154.007;154.027;154.017;2;T;True;3
1621229319000;11558732;154.007;154.027;154.017;0;T;True;3
1621229320000;11558733;154.007;154.027;154.017;0;T;True;3
1621229321000;11558734;154.007;154.027;154.017;0;T;True;3
1621229322000;11558735;154.007;154.027;154.017;0;T;True;3
1621229323000;11558737;154.008;154.028;154.018;1;T;True;3
1621229324000;11558738;154.008;154.028;154.018;0;T;True;3
1621229325000;11558739;154.008;154.028;154.018;0;T;True;3
1621229326000;11558740;154.008;154.028;154.018;0;T;True;3
1621229327000;11558741;154.008;154.028;154.018;0;T;True;3
1621229328000;11558742;154.008;154.028;154.018;0;T;True;3
1621229329000;11558743;154.008;154.028;154.018;0;T;True;3
1621229330000;11558744;154.008;154.028;154.018;0;T;True;3
1621229331000;11558746;154.009;154.029;154.019;1;T;True;3
1621229332000;11558747;154.009;154.029;154.019;0;T;True;3
1621229333000;11558748;154.009;154.029;154.019;0;T;True;3
1621229334000;11558749;154.009;154.029;154.019;0;T;True;3
1621229335000;11558751;154.007;154.027;154.017;1;T;True;3
1621229336000;11558752;154.007;154.027;154.017;0;T;True;3
1621229337000;11558753;154.007;154.027;154.017;0;T;True;3
1621229338000;11558754;154.007;154.027;154.017;0;T;True;3
1621229339000;11558755;154.007;154.027;154.017;0;T;True;3
1621229340000;11558756;154.007;154.027;154.017;0;T;True;3
1621229341000;11558757;154.007;154.027;154.017;0;T;True;3
1621229342000;11558758;154.007;154.027;154.017;0;T;True;3
1621229343000;11558759;154.007;154.027;154.017;0;T;True;3
1621229344000;11558763;154.017;154.037;154.027;3;T;True;3
1621229345000;11558764;154.017;154.037;154.027;0;T;True;3
1621229346000;11558765;154.017;154.037;154.027;0;T;True;3
1621229347000;11558766;154.017;154.037;154.027;0;T;True;3
1621229348000;11558767;154.017;154.037;154.027;0;T;True;3
1621229349000;11558768;154.017;154.037;154.027;0;T;True;3
1621229350000;11558769;154.017;154.037;154.027;0;T;True;3
1621229351000;11558770;154.017;154.037;154.027;0;T;True;3
1621229352000;11558771;154.017;154.037;154.027;0;T;True;3
1621229353000;11558772;154.017;154.037;154.027;0;T;True;3
1621229354000;11558773;154.017;154.037;154.027;0;T;True;3
1621229355000;11558774;154.017;154.037;154.027;0;T;True;3
1621229356000;11558775;154.017;154.037;154.027;0;T;True;3
1621229357000;11558779;154.018;154.038;154.028;3;T;True;3
1621229358000;11558782;154.021;154.041;154.031;2;T;True;3
1621229359000;11558783;154.021;154.041;154.031;0;T;True;3
1621229360000;11558784;154.021;154.041;154.031;0;T;True;3
1621229361000;11558786;154.019;154.039;154.029;1;T;True;3
1621229362000;11558787;154.019;154.039;154.029;0;T;True;3
1621229363000;11558788;154.019;154.039;154.029;0;T;True;3
1621229364000;11558789;154.019;154.039;154.029;0;T;True;3
1621229365000;11558790;154.019;154.039;154.029;0;T;True;3
1621229366000;11558791;154.019;154.039;154.029;0;T;True;3
1621229367000;11558792;154.019;154.039;154.029;0;T;True;3
1621229368000;11558793;154.019;154.039;154.029;0;T;True;3
1621229369000;11558794;154.019;154.039;154.029;0;T;True;3
1621229370000;11558795;154.019;154.039;154.029;0;T;True;3
1621229371000;11558796;154.019;154.039;154.029;0;T;True;3
1621229372000;11558797;154.019;154.039;154.029;0;T;True;3
1621229373000;11558798;154.019;154.039;154.029;0;T;True;3
1621229374000;11558799;154.019;154.039;154.029;0;T;True;3
1621229375000;11558800;154.019;154.039;154.029;0;T;True;3
1621229376000;11558801;154.019;154.039;154.029;0;T;True;3
1621229377000;11558802;154.019;154.039;154.029;0;T;True;3
1621229378000;11558803;154.019;154.039;154.029;0;T;True;3
1621229379000;11558804;154.019;154.039;154.029;0;T;True;3
1621229380000;11558805;154.019;154.039;154.029;0;T;True;3
1621229381000;11558807;154.017;154.037;154.027;1;T;True;3
1621229382000;11558809;154.019;154.039;154.029;1;T;True;3
1621229383000;11558810;154.019;154.039;154.029;0;T;True;3
1621229384000;11558811;154.019;154.039;154.029;0;T;True;3
1621229385000;11558812;154.019;154.039;154.029;0;T;True;3
1621229386000;11558815;154.017;154.037;154.027;2;T;True;3
1621229387000;11558816;154.017;154.037;154.027;0;T;True;3
1621229388000;11558817;154.017;154.037;154.027;0;T;True;3
1621229389000;11558819;154.016;154.036;154.026;1;T;True;3
1621229390000;11558821;154.017;154.037;154.027;1;T;True;3
1621229391000;11558822;154.017;154.037;154.027;0;T;True;3
1621229392000;11558824;154.016;154.036;154.026;1;T;True;3
1621229393000;11558826;154.015;154.035;154.025;1;T;True;3
1621229394000;11558827;154.015;154.035;154.025;0;T;True;3
1621229395000;11558828;154.015;154.035;154.025;0;T;True;3
1621229396000;11558829;154.015;154.035;154.025;0;T;True;3
1621229397000;11558830;154.015;154.035;154.025;0;T;True;3
1621229398000;11558831;154.015;154.035;154.025;0;T;True;3
1621229399000;11558833;154.014;154.034;154.024;1;T;True;3
1621229400000;11558834;154.014;154.034;154.024;0;T;True;3
1621229401000;11558838;154.014;154.034;154.024;3;T;True;3
1621229402000;11558840;154.013;154.033;154.023;1;T;True;3
1621229403000;11558841;154.013;154.033;154.023;0;T;True;3
1621229404000;11558842;154.013;154.033;154.023;0;T;True;3
1621229405000;11558843;154.013;154.033;154.023;0;T;True;3
1621229406000;11558844;154.013;154.033;154.023;0;T;True;3
1621229407000;11558845;154.013;154.033;154.023;0;T;True;3
1621229408000;11558846;154.013;154.033;154.023;0;T;True;3
1621229409000;11558848;154.015;154.035;154.025;1;T;True;3
1621229410000;11558849;154.015;154.035;154.025;0;T;True;3
1621229411000;11558852;154.019;154.039;154.029;2;T;True;3
1621229412000;11558853;154.019;154.039;154.029;0;T;True;3
1621229413000;11558854;154.019;154.039;154.029;0;T;True;3
1621229414000;11558855;154.019;154.039;154.029;0;T;True;3
1621229415000;11558856;154.019;154.039;154.029;0;T;True;3
1621229416000;11558857;154.019;154.039;154.029;0;T;True;3
1621229417000;11558858;154.019;154.039;154.029;0;T;True;3
1621229418000;11558859;154.019;154.039;154.029;0;T;True;3
1621229419000;11558860;154.019;154.039;154.029;0;T;True;3
1621229420000;11558861;154.019;154.039;154.029;0;T;True;3
1621229421000;11558862;154.019;154.039;154.029;0;T;True;3
1621229422000;11558863;154.019;154.039;154.029;0;T;True;3
1621229423000;11558865;154.017;154.037;154.027;1;T;True;3
1621229424000;11558866;154.017;154.037;154.027;0;T;True;3
1621229425000;11558867;154.017;154.037;154.027;0;T;True;3
1621229426000;11558871;154.022;154.042;154.032;3;T;True;3
1621229427000;11558872;154.022;154.042;154.032;0;T;True;3
1621229428000;11558873;154.022;154.042;154.032;0;T;True;3
1621229429000;11558874;154.022;154.042;154.032;0;T;True;3
1621229430000;11558875;154.022;154.042;154.032;0;T;True;3
1621229431000;11558877;154.021;154.041;154.031;1;T;True;3
1621229432000;11558878;154.021;154.041;154.031;0;T;True;3
1621229433000;11558879;154.021;154.041;154.031;0;T;True;3
1621229434000;11558880;154.021;154.041;154.031;0;T;True;3
1621229435000;11558881;154.021;154.041;154.031;0;T;True;3
1621229436000;11558882;154.021;154.041;154.031;0;T;True;3
1621229437000;11558883;154.021;154.041;154.031;0;T;True;3
1621229438000;11558884;154.021;154.041;154.031;0;T;True;3
1621229439000;11558885;154.021;154.041;154.031;0;T;True;3
1621229440000;11558886;154.021;154.041;154.031;0;T;True;3
1621229441000;11558887;154.021;154.041;154.031;0;T;True;3
1621229442000;11558888;154.021;154.041;154.031;0;T;True;3
1621229443000;11558893;154.011;154.031;154.021;4;T;True;3
1621229444000;11558894;154.011;154.031;154.021;0;T;True;3
1621229445000;11558895;154.011;154.031;154.021;0;T;True;3
1621229446000;11558897;154.013;154.033;154.023;1;T;True;3
1621229447000;11558898;154.013;154.033;154.023;0;T;True;3
1621229448000;11558901;154.01;154.03;154.02;2;T;True;3
1621229449000;11558903;154.011;154.031;154.021;1;T;True;3
1621229450000;11558905;154.012;154.032;154.022;1;T;True;3
1621229451000;11558908;154.015;154.035;154.025;2;T;True;3
1621229452000;11558909;154.015;154.035;154.025;0;T;True;3
1621229453000;11558911;154.017;154.037;154.027;1;T;True;3
1621229454000;11558913;154.016;154.036;154.026;1;T;True;3
1621229455000;11558914;154.016;154.036;154.026;0;T;True;3
1621229456000;11558915;154.016;154.036;154.026;0;T;True;3
1621229457000;11558916;154.016;154.036;154.026;0;T;True;3
1621229458000;11558917;154.016;154.036;154.026;0;T;True;3
1621229459000;11558918;154.016;154.036;154.026;0;T;True;3
1621229460000;11558919;154.016;154.036;154.026;0;T;True;3
1621229461000;11558920;154.016;154.036;154.026;0;T;True;3
1621229462000;11558921;154.016;154.036;154.026;0;T;True;3
1621229463000;11558922;154.016;154.036;154.026;0;T;True;3
1621229464000;11558923;154.016;154.036;154.026;0;T;True;3
1621229465000;11558924;154.016;154.036;154.026;0;T;True;3
1621229466000;11558926;154.015;154.035;154.025;1;T;True;3
1621229467000;11558927;154.015;154.035;154.025;0;T;True;3
1621229468000;11558928;154.015;154.035;154.025;0;T;True;3
1621229469000;11558929;154.015;154.035;154.025;0;T;True;3
1621229470000;11558930;154.015;154.035;154.025;0;T;True;3
1621229471000;11558931;154.015;154.035;154.025;0;T;True;3
1621229472000;11558932;154.015;154.035;154.025;0;T;True;3
1621229473000;11558933;154.015;154.035;154.025;0;T;True;3
1621229474000;11558934;154.015;154.035;154.025;0;T;True;3
1621229475000;11558935;154.015;154.035;154.025;0;T;True;3
1621229476000;11558936;154.015;154.035;154.025;0;T;True;3
1621229477000;11558937;154.015;154.035;154.025;0;T;True;3
1621229478000;11558938;154.015;154.035;154.025;0;T;True;3
1621229479000;11558940;154.013;154.033;154.023;1;T;True;3
1621229480000;11558941;154.013;154.033;154.023;0;T;True;3
1621229481000;11558942;154.013;154.033;154.023;0;T;True;3
1621229482000;11558943;154.013;154.033;154.023;0;T;True;3
1621229483000;11558944;154.013;154.033;154.023;0;T;True;3
1621229484000;11558945;154.013;154.033;154.023;0;T;True;3
1621229485000;11558946;154.013;154.033;154.023;0;T;True;3
1621229486000;11558947;154.013;154.033;154.023;0;T;True;3
1621229487000;11558948;154.013;154.033;154.023;0;T;True;3
1621229488000;11558949;154.013;154.033;154.023;0;T;True;3
1621229489000;11558951;154.014;154.034;154.024;1;T;True;3
1621229490000;11558952;154.014;154.034;154.024;0;T;True;3
1621229491000;11558953;154.014;154.034;154.024;0;T;True;3
1621229492000;11558954;154.014;154.034;154.024;0;T;True;3
1621229493000;11558955;154.014;154.034;154.024;0;T;True;3
1621229494000;11558956;154.014;154.034;154.024;0;T;True;3
1621229495000;11558962;154.027;154.047;154.037;5;T;True;3
1621229496000;11558963;154.027;154.047;154.037;0;T;True;3
1621229497000;11558965;154.026;154.046;154.036;1;T;True;3
1621229498000;11558966;154.026;154.046;154.036;0;T;True;3
1621229499000;11558968;154.025;154.045;154.035;1;T;True;3
1621229500000;11558969;154.025;154.045;154.035;0;T;True;3
1621229501000;11558970;154.025;154.045;154.035;0;T;True;3
1621229502000;11558971;154.025;154.045;154.035;0;T;True;3
1621229503000;11558976;154.029;154.049;154.039;4;T;True;3
1621229504000;11558978;154.03;154.05;154.04;1;T;True;3
1621229505000;11558979;154.03;154.05;154.04;0;T;True;3
1621229506000;11558986;154.029;154.049;154.039;6;T;True;3
1621229507000;11558988;154.032;154.052;154.042;1;T;True;3
1621229508000;11558990;154.033;154.053;154.043;1;T;True;3
1621229509000;11558991;154.033;154.053;154.043;0;T;True;3
1621229510000;11558993;154.034;154.054;154.044;1;T;True;3
1621229511000;11558995;154.035;154.055;154.045;1;T;True;3
1621229512000;11558996;154.035;154.055;154.045;0;T;True;3
1621229513000;11558998;154.041;154.061;154.051;1;T;True;3
1621229514000;11558999;154.041;154.061;154.051;0;T;True;3
1621229515000;11559000;154.041;154.061;154.051;0;T;True;3
1621229516000;11559001;154.041;154.061;154.051;0;T;True;3
1621229517000;11559002;154.041;154.061;154.051;0;T;True;3
1621229518000;11559003;154.041;154.061;154.051;0;T;True;3
1621229519000;11559004;154.041;154.061;154.051;0;T;True;3
1621229520000;11559005;154.041;154.061;154.051;0;T;True;3
1621229521000;11559008;154.041;154.061;154.051;2;T;True;3
1621229522000;11559009;154.041;154.061;154.051;0;T;True;3
1621229523000;11559010;154.041;154.061;154.051;0;T;True;3
1621229524000;11559011;154.041;154.061;154.051;0;T;True;3
1621229525000;11559012;154.041;154.061;154.051;0;T;True;3
1621229526000;11559013;154.041;154.061;154.051;0;T;True;3
1621229527000;11559014;154.041;154.061;154.051;0;T;True;3
1621229528000;11559015;154.041;154.061;154.051;0;T;True;3
1621229529000;11559016;154.041;154.061;154.051;0;T;True;3
1621229530000;11559017;154.041;154.061;154.051;0;T;True;3
1621229531000;11559018;154.041;154.061;154.051;0;T;True;3
1621229532000;11559019;154.041;154.061;154.051;0;T;True;3
1621229533000;11559020;154.041;154.061;154.051;0;T;True;3
1621229534000;11559021;154.041;154.061;154.051;0;T;True;3
1621229535000;11559022;154.041;154.061;154.051;0;T;True;3
1621229536000;11559023;154.041;154.061;154.051;0;T;True;3
1621229537000;11559024;154.041;154.061;154.051;0;T;True;3
1621229538000;11559025;154.041;154.061;154.051;0;T;True;3
1621229539000;11559026;154.041;154.061;154.051;0;T;True;3
1621229540000;11559027;154.041;154.061;154.051;0;T;True;3
1621229541000;11559028;154.041;154.061;154.051;0;T;True;3
1621229542000;11559029;154.041;154.061;154.051;0;T;True;3
1621229543000;11559030;154.041;154.061;154.051;0;T;True;3
1621229544000;11559031;154.041;154.061;154.051;0;T;True;3
1621229545000;11559032;154.041;154.061;154.051;0;T;True;3
1621229546000;11559033;154.041;154.061;154.051;0;T;True;3
1621229547000;11559034;154.041;154.061;154.051;0;T;True;3
1621229548000;11559035;154.041;154.061;154.051;0;T;True;3
1621229549000;11559036;154.041;154.061;154.051;0;T;True;3
1621229550000;11559037;154.041;154.061;154.051;0;T;True;3
1621229551000;11559038;154.041;154.061;154.051;0;T;True;3
1621229552000;11559039;154.041;154.061;154.051;0;T;True;3
1621229553000;11559040;154.041;154.061;154.051;0;T;True;3
1621229554000;11559041;154.041;154.061;154.051;0;T;True;3
1621229555000;11559043;154.042;154.062;154.052;1;T;True;3
1621229556000;11559044;154.042;154.062;154.052;0;T;True;3
1621229557000;11559045;154.042;154.062;154.052;0;T;True;3
1621229558000;11559046;154.042;154.062;154.052;0;T;True;3
1621229559000;11559047;154.042;154.062;154.052;0;T;True;3
1621229560000;11559048;154.042;154.062;154.052;0;T;True;3
1621229561000;11559049;154.042;154.062;154.052;0;T;True;3
1621229562000;11559050;154.042;154.062;154.052;0;T;True;3
1621229563000;11559051;154.042;154.062;154.052;0;T;True;3
1621229564000;11559052;154.042;154.062;154.052;0;T;True;3
1621229565000;11559053;154.042;154.062;154.052;0;T;True;3
1621229566000;11559054;154.042;154.062;154.052;0;T;True;3
1621229567000;11559055;154.042;154.062;154.052;0;T;True;3
1621229568000;11559056;154.042;154.062;154.052;0;T;True;3
1621229569000;11559057;154.042;154.062;154.052;0;T;True;3
1621229570000;11559058;154.042;154.062;154.052;0;T;True;3
1621229571000;11559059;154.042;154.062;154.052;0;T;True;3
1621229572000;11559060;154.042;154.062;154.052;0;T;True;3
1621229573000;11559061;154.042;154.062;154.052;0;T;True;3
1621229574000;11559062;154.042;154.062;154.052;0;T;True;3
1621229575000;11559063;154.042;154.062;154.052;0;T;True;3
1621229576000;11559064;154.042;154.062;154.052;0;T;True;3
1621229577000;11559065;154.042;154.062;154.052;0;T;True;3
1621229578000;11559067;154.043;154.063;154.053;1;T;True;3
1621229579000;11559068;154.043;154.063;154.053;0;T;True;3
1621229580000;11559069;154.043;154.063;154.053;0;T;True;3
1621229581000;11559070;154.043;154.063;154.053;0;T;True;3
1621229582000;11559071;154.043;154.063;154.053;0;T;True;3
1621229583000;11559072;154.043;154.063;154.053;0;T;True;3
1621229584000;11559073;154.043;154.063;154.053;0;T;True;3
1621229585000;11559074;154.043;154.063;154.053;0;T;True;3
1621229586000;11559075;154.043;154.063;154.053;0;T;True;3
1621229587000;11559076;154.043;154.063;154.053;0;T;True;3
1621229588000;11559077;154.043;154.063;154.053;0;T;True;3
1621229589000;11559078;154.043;154.063;154.053;0;T;True;3
1621229590000;11559079;154.043;154.063;154.053;0;T;True;3
1621229591000;11559082;154.045;154.065;154.055;2;T;True;3
1621229592000;11559083;154.045;154.065;154.055;0;T;True;3
1621229593000;11559084;154.045;154.065;154.055;0;T;True;3
1621229594000;11559085;154.045;154.065;154.055;0;T;True;3
1621229595000;11559089;154.044;154.064;154.054;3;T;True;3
1621229596000;11559090;154.044;154.064;154.054;0;T;True;3
1621229597000;11559092;154.043;154.063;154.053;1;T;True;3
1621229598000;11559093;154.043;154.063;154.053;0;T;True;3
1621229599000;11559094;154.043;154.063;154.053;0;T;True;3
1621229600000;11559095;154.043;154.063;154.053;0;T;True;3
1621229601000;11559096;154.043;154.063;154.053;0;T;True;3
1621229602000;11559097;154.043;154.063;154.053;0;T;True;3
1621229603000;11559098;154.043;154.063;154.053;0;T;True;3
1621229604000;11559099;154.043;154.063;154.053;0;T;True;3
1621229605000;11559100;154.043;154.063;154.053;0;T;True;3
1621229606000;11559101;154.043;154.063;154.053;0;T;True;3
1621229607000;11559102;154.043;154.063;154.053;0;T;True;3
1621229608000;11559103;154.043;154.063;154.053;0;T;True;3
1621229609000;11559106;154.049;154.069;154.059;2;T;True;3
1621229610000;11559109;154.047;154.067;154.057;2;T;True;3
1621229611000;11559111;154.039;154.059;154.049;1;T;True;3
1621229612000;11559112;154.039;154.059;154.049;0;T;True;3
1621229613000;11559113;154.039;154.059;154.049;0;T;True;3
1621229614000;11559114;154.039;154.059;154.049;0;T;True;3
1621229615000;11559116;154.037;154.057;154.047;1;T;True;3
1621229616000;11559119;154.032;154.052;154.042;2;T;True;3
1621229617000;11559121;154.033;154.053;154.043;1;T;True;3
1621229618000;11559122;154.033;154.053;154.043;0;T;True;3
1621229619000;11559123;154.033;154.053;154.043;0;T;True;3
1621229620000;11559124;154.033;154.053;154.043;0;T;True;3
1621229621000;11559126;154.032;154.052;154.042;1;T;True;3
1621229622000;11559127;154.032;154.052;154.042;0;T;True;3
1621229623000;11559130;154.036;154.056;154.046;2;T;True;3
1621229624000;11559132;154.037;154.057;154.047;1;T;True;3
1621229625000;11559133;154.037;154.057;154.047;0;T;True;3
1621229626000;11559134;154.037;154.057;154.047;0;T;True;3
1621229627000;11559135;154.037;154.057;154.047;0;T;True;3
1621229628000;11559136;154.037;154.057;154.047;0;T;True;3
1621229629000;11559137;154.037;154.057;154.047;0;T;True;3
1621229630000;11559139;154.036;154.056;154.046;1;T;True;3
1621229631000;11559141;154.035;154.055;154.045;1;T;True;3
1621229632000;11559142;154.035;154.055;154.045;0;T;True;3
1621229633000;11559144;154.037;154.057;154.047;1;T;True;3
1621229634000;11559145;154.037;154.057;154.047;0;T;True;3
1621229635000;11559147;154.035;154.055;154.045;1;T;True;3
1621229636000;11559148;154.035;154.055;154.045;0;T;True;3
1621229637000;11559149;154.035;154.055;154.045;0;T;True;3
1621229638000;11559150;154.035;154.055;154.045;0;T;True;3
1621229639000;11559153;154.033;154.053;154.043;2;T;True;3
1621229640000;11559155;154.032;154.052;154.042;1;T;True;3
1621229641000;11559156;154.032;154.052;154.042;0;T;True;3
1621229642000;11559157;154.032;154.052;154.042;0;T;True;3
1621229643000;11559158;154.032;154.052;154.042;0;T;True;3
1621229644000;11559159;154.032;154.052;154.042;0;T;True;3
1621229645000;11559161;154.033;154.053;154.043;1;T;True;3
1621229646000;11559162;154.033;154.053;154.043;0;T;True;3
1621229647000;11559163;154.033;154.053;154.043;0;T;True;3
1621229648000;11559164;154.033;154.053;154.043;0;T;True;3
1621229649000;11559167;154.037;154.057;154.047;2;T;True;3
1621229650000;11559168;154.037;154.057;154.047;0;T;True;3
1621229651000;11559169;154.037;154.057;154.047;0;T;True;3
1621229652000;11559170;154.037;154.057;154.047;0;T;True;3
1621229653000;11559171;154.037;154.057;154.047;0;T;True;3
1621229654000;11559172;154.037;154.057;154.047;0;T;True;3
1621229655000;11559176;154.033;154.053;154.043;3;T;True;3
1621229656000;11559177;154.033;154.053;154.043;0;T;True;3
1621229657000;11559178;154.033;154.053;154.043;0;T;True;3
1621229658000;11559180;154.032;154.052;154.042;1;T;True;3
1621229659000;11559182;154.031;154.051;154.041;1;T;True;3
1621229660000;11559183;154.031;154.051;154.041;0;T;True;3
1621229661000;11559184;154.031;154.051;154.041;0;T;True;3
1621229662000;11559185;154.031;154.051;154.041;0;T;True;3
1621229663000;11559186;154.031;154.051;154.041;0;T;True;3
1621229664000;11559189;154.035;154.055;154.045;2;T;True;3
1621229665000;11559190;154.035;154.055;154.045;0;T;True;3
1621229666000;11559191;154.035;154.055;154.045;0;T;True;3
1621229667000;11559192;154.035;154.055;154.045;0;T;True;3
1621229668000;11559193;154.035;154.055;154.045;0;T;True;3
1621229669000;11559194;154.035;154.055;154.045;0;T;True;3
1621229670000;11559195;154.035;154.055;154.045;0;T;True;3
1621229671000;11559196;154.035;154.055;154.045;0;T;True;3
1621229672000;11559197;154.035;154.055;154.045;0;T;True;3
1621229673000;11559198;154.035;154.055;154.045;0;T;True;3
1621229674000;11559200;154.034;154.054;154.044;1;T;True;3
1621229675000;11559204;154.029;154.049;154.039;3;T;True;3
1621229676000;11559205;154.029;154.049;154.039;0;T;True;3
1621229677000;11559209;154.02;154.04;154.03;3;T;True;3
1621229678000;11559210;154.02;154.04;154.03;0;T;True;3
1621229679000;11559211;154.02;154.04;154.03;0;T;True;3
1621229680000;11559212;154.02;154.04;154.03;0;T;True;3
1621229681000;11559213;154.02;154.04;154.03;0;T;True;3
1621229682000;11559215;154.019;154.039;154.029;1;T;True;3
1621229683000;11559216;154.019;154.039;154.029;0;T;True;3
1621229684000;11559217;154.019;154.039;154.029;0;T;True;3
1621229685000;11559220;154.017;154.037;154.027;2;T;True;3
1621229686000;11559222;154.015;154.035;154.025;1;T;True;3
1621229687000;11559223;154.015;154.035;154.025;0;T;True;3
1621229688000;11559225;154.016;154.036;154.026;1;T;True;3
1621229689000;11559226;154.016;154.036;154.026;0;T;True;3
1621229690000;11559227;154.016;154.036;154.026;0;T;True;3
1621229691000;11559228;154.016;154.036;154.026;0;T;True;3
1621229692000;11559229;154.016;154.036;154.026;0;T;True;3
1621229693000;11559230;154.016;154.036;154.026;0;T;True;3
1621229694000;11559231;154.016;154.036;154.026;0;T;True;3
1621229695000;11559232;154.016;154.036;154.026;0;T;True;3
1621229696000;11559234;154.015;154.035;154.025;1;T;True;3
1621229697000;11559235;154.015;154.035;154.025;0;T;True;3
1621229698000;11559236;154.015;154.035;154.025;0;T;True;3
1621229699000;11559237;154.015;154.035;154.025;0;T;True;3
1621229700000;11559238;154.015;154.035;154.025;0;T;True;3
1621229701000;11559239;154.015;154.035;154.025;0;T;True;3
1621229702000;11559240;154.015;154.035;154.025;0;T;True;3
1621229703000;11559241;154.015;154.035;154.025;0;T;True;3
1621229704000;11559242;154.015;154.035;154.025;0;T;True;3
1621229705000;11559245;154.017;154.037;154.027;2;T;True;3
1621229706000;11559246;154.017;154.037;154.027;0;T;True;3
1621229707000;11559247;154.017;154.037;154.027;0;T;True;3
1621229708000;11559248;154.017;154.037;154.027;0;T;True;3
1621229709000;11559249;154.017;154.037;154.027;0;T;True;3
1621229710000;11559250;154.017;154.037;154.027;0;T;True;3
1621229711000;11559251;154.017;154.037;154.027;0;T;True;3
1621229712000;11559252;154.017;154.037;154.027;0;T;True;3
1621229713000;11559253;154.017;154.037;154.027;0;T;True;3
1621229714000;11559254;154.017;154.037;154.027;0;T;True;3
1621229715000;11559255;154.017;154.037;154.027;0;T;True;3
1621229716000;11559257;154.025;154.045;154.035;1;T;True;3
1621229717000;11559264;154.015;154.035;154.025;6;T;True;3
1621229718000;11559265;154.015;154.035;154.025;0;T;True;3
1621229719000;11559268;154.015;154.035;154.025;2;T;True;3
1621229720000;11559269;154.015;154.035;154.025;0;T;True;3
1621229721000;11559270;154.015;154.035;154.025;0;T;True;3
1621229722000;11559271;154.015;154.035;154.025;0;T;True;3
1621229723000;11559272;154.015;154.035;154.025;0;T;True;3
1621229724000;11559273;154.015;154.035;154.025;0;T;True;3
1621229725000;11559274;154.015;154.035;154.025;0;T;True;3
1621229726000;11559279;154.013;154.033;154.023;4;T;True;3
1621229727000;11559280;154.013;154.033;154.023;0;T;True;3
1621229728000;11559281;154.013;154.033;154.023;0;T;True;3
1621229729000;11559282;154.013;154.033;154.023;0;T;True;3
1621229730000;11559283;154.013;154.033;154.023;0;T;True;3
1621229731000;11559284;154.013;154.033;154.023;0;T;True;3
1621229732000;11559288;154.015;154.035;154.025;3;T;True;3
1621229733000;11559291;154.017;154.037;154.027;2;T;True;3
1621229734000;11559292;154.017;154.037;154.027;0;T;True;3
1621229735000;11559293;154.017;154.037;154.027;0;T;True;3
1621229736000;11559294;154.017;154.037;154.027;0;T;True;3
1621229737000;11559295;154.017;154.037;154.027;0;T;True;3
1621229738000;11559296;154.017;154.037;154.027;0;T;True;3
1621229739000;11559297;154.017;154.037;154.027;0;T;True;3
1621229740000;11559298;154.017;154.037;154.027;0;T;True;3
1621229741000;11559299;154.017;154.037;154.027;0;T;True;3
1621229742000;11559300;154.017;154.037;154.027;0;T;True;3
1621229743000;11559301;154.017;154.037;154.027;0;T;True;3
1621229744000;11559302;154.017;154.037;154.027;0;T;True;3
1621229745000;11559303;154.017;154.037;154.027;0;T;True;3
1621229746000;11559304;154.017;154.037;154.027;0;T;True;3
1621229747000;11559305;154.017;154.037;154.027;0;T;True;3
1621229748000;11559306;154.017;154.037;154.027;0;T;True;3
1621229749000;11559307;154.017;154.037;154.027;0;T;True;3
1621229750000;11559308;154.017;154.037;154.027;0;T;True;3
1621229751000;11559310;154.016;154.036;154.026;1;T;True;3
1621229752000;11559312;154.017;154.037;154.027;1;T;True;3
1621229753000;11559313;154.017;154.037;154.027;0;T;True;3
1621229754000;11559314;154.017;154.037;154.027;0;T;True;3
1621229755000;11559315;154.017;154.037;154.027;0;T;True;3
1621229756000;11559316;154.017;154.037;154.027;0;T;True;3
1621229757000;11559317;154.017;154.037;154.027;0;T;True;3
1621229758000;11559318;154.017;154.037;154.027;0;T;True;3
1621229759000;11559319;154.017;154.037;154.027;0;T;True;3
1621229760000;11559320;154.017;154.037;154.027;0;T;True;3
1621229761000;11559321;154.017;154.037;154.027;0;T;True;3
1621229762000;11559322;154.017;154.037;154.027;0;T;True;3
1621229763000;11559323;154.017;154.037;154.027;0;T;True;3
1621229764000;11559324;154.017;154.037;154.027;0;T;True;3
1621229765000;11559326;154.019;154.039;154.029;1;T;True;3
1621229766000;11559328;154.017;154.037;154.027;1;T;True;3
1621229767000;11559330;154.015;154.035;154.025;1;T;True;3
1621229768000;11559332;154.017;154.037;154.027;1;T;True;3
1621229769000;11559333;154.017;154.037;154.027;0;T;True;3
1621229770000;11559334;154.017;154.037;154.027;0;T;True;3
1621229771000;11559336;154.016;154.036;154.026;1;T;True;3
1621229772000;11559338;154.015;154.035;154.025;1;T;True;3
1621229773000;11559339;154.015;154.035;154.025;0;T;True;3
1621229774000;11559340;154.015;154.035;154.025;0;T;True;3
1621229775000;11559342;154.014;154.034;154.024;1;T;True;3
1621229776000;11559343;154.014;154.034;154.024;0;T;True;3
1621229777000;11559344;154.014;154.034;154.024;0;T;True;3
1621229778000;11559345;154.014;154.034;154.024;0;T;True;3
1621229779000;11559347;154.013;154.033;154.023;1;T;True;3
1621229780000;11559348;154.013;154.033;154.023;0;T;True;3
1621229781000;11559349;154.013;154.033;154.023;0;T;True;3
1621229782000;11559350;154.013;154.033;154.023;0;T;True;3
1621229783000;11559351;154.013;154.033;154.023;0;T;True;3
1621229784000;11559352;154.013;154.033;154.023;0;T;True;3
1621229785000;11559355;154.013;154.033;154.023;2;T;True;3
1621229786000;11559357;154.014;154.034;154.024;1;T;True;3
1621229787000;11559358;154.014;154.034;154.024;0;T;True;3
1621229788000;11559359;154.014;154.034;154.024;0;T;True;3
1621229789000;11559360;154.014;154.034;154.024;0;T;True;3
1621229790000;11559364;154.017;154.037;154.027;3;T;True;3
1621229791000;11559365;154.017;154.037;154.027;0;T;True;3
1621229792000;11559368;154.017;154.037;154.027;2;T;True;3
1621229793000;11559369;154.017;154.037;154.027;0;T;True;3
1621229794000;11559370;154.017;154.037;154.027;0;T;True;3
1621229795000;11559371;154.017;154.037;154.027;0;T;True;3
1621229796000;11559372;154.017;154.037;154.027;0;T;True;3
1621229797000;11559373;154.017;154.037;154.027;0;T;True;3
1621229798000;11559374;154.017;154.037;154.027;0;T;True;3
1621229799000;11559376;154.015;154.035;154.025;1;T;True;3
1621229800000;11559377;154.015;154.035;154.025;0;T;True;3
1621229801000;11559378;154.015;154.035;154.025;0;T;True;3
1621229802000;11559381;154.021;154.041;154.031;2;T;True;3
1621229803000;11559382;154.021;154.041;154.031;0;T;True;3
1621229804000;11559383;154.021;154.041;154.031;0;T;True;3
1621229805000;11559384;154.021;154.041;154.031;0;T;True;3
1621229806000;11559386;154.02;154.04;154.03;1;T;True;3
1621229807000;11559388;154.019;154.039;154.029;1;T;True;3
1621229808000;11559392;154.023;154.043;154.033;3;T;True;3
1621229809000;11559393;154.023;154.043;154.033;0;T;True;3
1621229810000;11559394;154.023;154.043;154.033;0;T;True;3
1621229811000;11559397;154.023;154.043;154.033;2;T;True;3
1621229812000;11559400;154.023;154.043;154.033;2;T;True;3
1621229813000;11559401;154.023;154.043;154.033;0;T;True;3
1621229814000;11559402;154.023;154.043;154.033;0;T;True;3
1621229815000;11559404;154.022;154.042;154.032;1;T;True;3
1621229816000;11559406;154.023;154.043;154.033;1;T;True;3
1621229817000;11559407;154.023;154.043;154.033;0;T;True;3
1621229818000;11559408;154.023;154.043;154.033;0;T;True;3
1621229819000;11559409;154.023;154.043;154.033;0;T;True;3
1621229820000;11559410;154.023;154.043;154.033;0;T;True;3
1621229821000;11559411;154.023;154.043;154.033;0;T;True;3
1621229822000;11559412;154.023;154.043;154.033;0;T;True;3
1621229823000;11559414;154.025;154.045;154.035;1;T;True;3
1621229824000;11559415;154.025;154.045;154.035;0;T;True;3
1621229825000;11559416;154.025;154.045;154.035;0;T;True;3
1621229826000;11559417;154.025;154.045;154.035;0;T;True;3
1621229827000;11559418;154.025;154.045;154.035;0;T;True;3
1621229828000;11559419;154.025;154.045;154.035;0;T;True;3
1621229829000;11559420;154.025;154.045;154.035;0;T;True;3
1621229830000;11559421;154.025;154.045;154.035;0;T;True;3
1621229831000;11559422;154.025;154.045;154.035;0;T;True;3
1621229832000;11559423;154.025;154.045;154.035;0;T;True;3
1621229833000;11559426;154.031;154.051;154.041;2;T;True;3
1621229834000;11559434;154.022;154.042;154.032;7;T;True;3
1621229835000;11559435;154.022;154.042;154.032;0;T;True;3
1621229836000;11559436;154.022;154.042;154.032;0;T;True;3
1621229837000;11559437;154.022;154.042;154.032;0;T;True;3
1621229838000;11559438;154.022;154.042;154.032;0;T;True;3
1621229839000;11559439;154.022;154.042;154.032;0;T;True;3
1621229840000;11559440;154.022;154.042;154.032;0;T;True;3
1621229841000;11559441;154.022;154.042;154.032;0;T;True;3
1621229842000;11559442;154.022;154.042;154.032;0;T;True;3
1621229843000;11559444;154.021;154.041;154.031;1;T;True;3
1621229844000;11559445;154.021;154.041;154.031;0;T;True;3
1621229845000;11559446;154.021;154.041;154.031;0;T;True;3
1621229846000;11559447;154.021;154.041;154.031;0;T;True;3
1621229847000;11559448;154.021;154.041;154.031;0;T;True;3
1621229848000;11559449;154.021;154.041;154.031;0;T;True;3
1621229849000;11559450;154.021;154.041;154.031;0;T;True;3
1621229850000;11559451;154.021;154.041;154.031;0;T;True;3
1621229851000;11559452;154.021;154.041;154.031;0;T;True;3
1621229852000;11559458;154.015;154.035;154.025;5;T;True;3
1621229853000;11559459;154.015;154.035;154.025;0;T;True;3
1621229854000;11559461;154.014;154.034;154.024;1;T;True;3
1621229855000;11559462;154.014;154.034;154.024;0;T;True;3
1621229856000;11559463;154.014;154.034;154.024;0;T;True;3
1621229857000;11559464;154.014;154.034;154.024;0;T;True;3
1621229858000;11559465;154.014;154.034;154.024;0;T;True;3
1621229859000;11559466;154.014;154.034;154.024;0;T;True;3
1621229860000;11559471;154.008;154.028;154.018;4;T;True;3
1621229861000;11559474;154.005;154.025;154.015;2;T;True;3
1621229862000;11559475;154.005;154.025;154.015;0;T;True;3
1621229863000;11559477;154.006;154.026;154.016;1;T;True;3
1621229864000;11559480;154.002;154.022;154.012;2;T;True;3
1621229865000;11559486;154.007;154.027;154.017;5;T;True;3
1621229866000;11559487;154.007;154.027;154.017;0;T;True;3
1621229867000;11559490;154.007;154.027;154.017;2;T;True;3
1621229868000;11559491;154.007;154.027;154.017;0;T;True;3
1621229869000;11559492;154.007;154.027;154.017;0;T;True;3
1621229870000;11559493;154.007;154.027;154.017;0;T;True;3
1621229871000;11559496;154.003;154.023;154.013;2;T;True;3
1621229872000;11559497;154.003;154.023;154.013;0;T;True;3
1621229873000;11559498;154.003;154.023;154.013;0;T;True;3
1621229874000;11559501;154.0;154.02;154.01;2;T;True;3
1621229875000;11559503;153.999;154.019;154.009;1;T;True;3
1621229876000;11559504;153.999;154.019;154.009;0;T;True;3
1621229877000;11559507;153.997;154.017;154.007;2;T;True;3
1621229878000;11559508;153.997;154.017;154.007;0;T;True;3
1621229879000;11559510;153.995;154.015;154.005;1;T;True;3
1621229880000;11559511;153.995;154.015;154.005;0;T;True;3
1621229881000;11559512;153.995;154.015;154.005;0;T;True;3
1621229882000;11559514;153.997;154.017;154.007;1;T;True;3
1621229883000;11559521;153.999;154.019;154.009;6;T;True;3
1621229884000;11559522;153.999;154.019;154.009;0;T;True;3
1621229885000;11559523;153.999;154.019;154.009;0;T;True;3
1621229886000;11559524;153.999;154.019;154.009;0;T;True;3
1621229887000;11559525;153.999;154.019;154.009;0;T;True;3
1621229888000;11559526;153.999;154.019;154.009;0;T;True;3
1621229889000;11559527;153.999;154.019;154.009;0;T;True;3
1621229890000;11559528;153.999;154.019;154.009;0;T;True;3
1621229891000;11559530;153.997;154.017;154.007;1;T;True;3
1621229892000;11559531;153.997;154.017;154.007;0;T;True;3
1621229893000;11559532;153.997;154.017;154.007;0;T;True;3
1621229894000;11559536;153.995;154.015;154.005;3;T;True;3
1621229895000;11559537;153.995;154.015;154.005;0;T;True;3
1621229896000;11559538;153.995;154.015;154.005;0;T;True;3
1621229897000;11559540;153.994;154.014;154.004;1;T;True;3
1621229898000;11559544;153.99;154.01;154.0;3;T;True;3
1621229899000;11559548;153.987;154.007;153.997;3;T;True;3
1621229900000;11559549;153.987;154.007;153.997;0;T;True;3
1621229901000;11559550;153.987;154.007;153.997;0;T;True;3
1621229902000;11559551;153.987;154.007;153.997;0;T;True;3
1621229903000;11559552;153.987;154.007;153.997;0;T;True;3
1621229904000;11559553;153.987;154.007;153.997;0;T;True;3
1621229905000;11559554;153.987;154.007;153.997;0;T;True;3
1621229906000;11559555;153.987;154.007;153.997;0;T;True;3
1621229907000;11559556;153.987;154.007;153.997;0;T;True;3
1621229908000;11559557;153.987;154.007;153.997;0;T;True;3
1621229909000;11559558;153.987;154.007;153.997;0;T;True;3
1621229910000;11559559;153.987;154.007;153.997;0;T;True;3
1621229911000;11559560;153.987;154.007;153.997;0;T;True;3
1621229912000;11559562;153.989;154.009;153.999;1;T;True;3
1621229913000;11559567;153.996;154.016;154.006;4;T;True;3
1621229914000;11559570;153.994;154.014;154.004;2;T;True;3
1621229915000;11559571;153.994;154.014;154.004;0;T;True;3
1621229916000;11559572;153.994;154.014;154.004;0;T;True;3
1621229917000;11559573;153.994;154.014;154.004;0;T;True;3
1621229918000;11559575;153.993;154.013;154.003;1;T;True;3
1621229919000;11559576;153.993;154.013;154.003;0;T;True;3
1621229920000;11559578;153.995;154.015;154.005;1;T;True;3
1621229921000;11559579;153.995;154.015;154.005;0;T;True;3
1621229922000;11559580;153.995;154.015;154.005;0;T;True;3
1621229923000;11559587;153.998;154.018;154.008;6;T;True;3
1621229924000;11559588;153.998;154.018;154.008;0;T;True;3
1621229925000;11559589;153.998;154.018;154.008;0;T;True;3
1621229926000;11559590;153.998;154.018;154.008;0;T;True;3
1621229927000;11559591;153.998;154.018;154.008;0;T;True;3
1621229928000;11559592;153.998;154.018;154.008;0;T;True;3
1621229929000;11559593;153.998;154.018;154.008;0;T;True;3
1621229930000;11559596;154.0;154.02;154.01;2;T;True;3
1621229931000;11559598;154.001;154.021;154.011;1;T;True;3
1621229932000;11559599;154.001;154.021;154.011;0;T;True;3
1621229933000;11559601;154.002;154.022;154.012;1;T;True;3
1621229934000;11559602;154.002;154.022;154.012;0;T;True;3
1621229935000;11559604;154.003;154.023;154.013;1;T;True;3
1621229936000;11559605;154.003;154.023;154.013;0;T;True;3
1621229937000;11559606;154.003;154.023;154.013;0;T;True;3
1621229938000;11559607;154.003;154.023;154.013;0;T;True;3
1621229939000;11559608;154.003;154.023;154.013;0;T;True;3
1621229940000;11559609;154.003;154.023;154.013;0;T;True;3
1621229941000;11559610;154.003;154.023;154.013;0;T;True;3
1621229942000;11559612;154.004;154.024;154.014;1;T;True;3
1621229943000;11559614;154.003;154.023;154.013;1;T;True;3
1621229944000;11559615;154.003;154.023;154.013;0;T;True;3
1621229945000;11559616;154.003;154.023;154.013;0;T;True;3
1621229946000;11559619;154.001;154.021;154.011;2;T;True;3
1621229947000;11559620;154.001;154.021;154.011;0;T;True;3
1621229948000;11559622;154.0;154.02;154.01;1;T;True;3
1621229949000;11559624;154.001;154.021;154.011;1;T;True;3
1621229950000;11559626;154.0;154.02;154.01;1;T;True;3
1621229951000;11559627;154.0;154.02;154.01;0;T;True;3
1621229952000;11559628;154.0;154.02;154.01;0;T;True;3
1621229953000;11559629;154.0;154.02;154.01;0;T;True;3
1621229954000;11559630;154.0;154.02;154.01;0;T;True;3
1621229955000;11559631;154.0;154.02;154.01;0;T;True;3
1621229956000;11559632;154.0;154.02;154.01;0;T;True;3
1621229957000;11559634;153.999;154.019;154.009;1;T;True;3
1621229958000;11559642;153.998;154.018;154.008;7;T;True;3
1621229959000;11559643;153.998;154.018;154.008;0;T;True;3
1621229960000;11559644;153.998;154.018;154.008;0;T;True;3
1621229961000;11559645;153.998;154.018;154.008;0;T;True;3
1621229962000;11559646;153.998;154.018;154.008;0;T;True;3
1621229963000;11559647;153.998;154.018;154.008;0;T;True;3
1621229964000;11559651;154.0;154.02;154.01;3;T;True;3
1621229965000;11559653;154.001;154.021;154.011;1;T;True;3
1621229966000;11559654;154.001;154.021;154.011;0;T;True;3
1621229967000;11559655;154.001;154.021;154.011;0;T;True;3
1621229968000;11559656;154.001;154.021;154.011;0;T;True;3
1621229969000;11559657;154.001;154.021;154.011;0;T;True;3
1621229970000;11559658;154.001;154.021;154.011;0;T;True;3
1621229971000;11559659;154.001;154.021;154.011;0;T;True;3
1621229972000;11559660;154.001;154.021;154.011;0;T;True;3
1621229973000;11559661;154.001;154.021;154.011;0;T;True;3
1621229974000;11559662;154.001;154.021;154.011;0;T;True;3
1621229975000;11559663;154.001;154.021;154.011;0;T;True;3
1621229976000;11559664;154.001;154.021;154.011;0;T;True;3
1621229977000;11559665;154.001;154.021;154.011;0;T;True;3
1621229978000;11559666;154.001;154.021;154.011;0;T;True;3
1621229979000;11559667;154.001;154.021;154.011;0;T;True;3
1621229980000;11559670;154.003;154.023;154.013;2;T;True;3
1621229981000;11559671;154.003;154.023;154.013;0;T;True;3
1621229982000;11559672;154.003;154.023;154.013;0;T;True;3
1621229983000;11559674;154.001;154.021;154.011;1;T;True;3
1621229984000;11559676;154.002;154.022;154.012;1;T;True;3
1621229985000;11559678;154.001;154.021;154.011;1;T;True;3
1621229986000;11559682;153.993;154.013;154.003;3;T;True;3
1621229987000;11559683;153.993;154.013;154.003;0;T;True;3
1621229988000;11559684;153.993;154.013;154.003;0;T;True;3
1621229989000;11559685;153.993;154.013;154.003;0;T;True;3
1621229990000;11559687;153.992;154.012;154.002;1;T;True;3
1621229991000;11559688;153.992;154.012;154.002;0;T;True;3
1621229992000;11559691;153.993;154.013;154.003;2;T;True;3
1621229993000;11559693;153.992;154.012;154.002;1;T;True;3
1621229994000;11559694;153.992;154.012;154.002;0;T;True;3
1621229995000;11559697;153.99;154.01;154.0;2;T;True;3
1621229996000;11559698;153.99;154.01;154.0;0;T;True;3
1621229997000;11559701;153.993;154.013;154.003;2;T;True;3
1621229998000;11559702;153.993;154.013;154.003;0;T;True;3
1621229999000;11559706;153.991;154.011;154.001;3;T;True;3
1621230000000;11559707;153.991;154.011;154.001;0;T;True;3
1621230001000;11559709;153.992;154.012;154.002;1;T;True;3
1621230002000;11559712;153.995;154.015;154.005;2;T;True;3
1621230003000;11559714;153.994;154.014;154.004;1;T;True;3
1621230004000;11559716;153.993;154.013;154.003;1;T;True;3
1621230005000;11559722;153.985;154.005;153.995;5;T;True;3
1621230006000;11559723;153.985;154.005;153.995;0;T;True;3
1621230007000;11559724;153.985;154.005;153.995;0;T;True;3
1621230008000;11559725;153.985;154.005;153.995;0;T;True;3
1621230009000;11559726;153.985;154.005;153.995;0;T;True;3
1621230010000;11559730;153.984;154.004;153.994;3;T;True;3
1621230011000;11559731;153.984;154.004;153.994;0;T;True;3
1621230012000;11559735;153.978;153.998;153.988;3;T;True;3
1621230013000;11559739;153.983;154.003;153.993;3;T;True;3
1621230014000;11559741;153.984;154.004;153.994;1;T;True;3
1621230015000;11559742;153.984;154.004;153.994;0;T;True;3
1621230016000;11559743;153.984;154.004;153.994;0;T;True;3
1621230017000;11559745;153.983;154.003;153.993;1;T;True;3
1621230018000;11559746;153.983;154.003;153.993;0;T;True;3
1621230019000;11559747;153.983;154.003;153.993;0;T;True;3
1621230020000;11559748;153.983;154.003;153.993;0;T;True;3
1621230021000;11559749;153.983;154.003;153.993;0;T;True;3
1621230022000;11559750;153.983;154.003;153.993;0;T;True;3
1621230023000;11559751;153.983;154.003;153.993;0;T;True;3
1621230024000;11559752;153.983;154.003;153.993;0;T;True;3
1621230025000;11559753;153.983;154.003;153.993;0;T;True;3
1621230026000;11559754;153.983;154.003;153.993;0;T;True;3
1621230027000;11559758;153.979;153.999;153.989;3;T;True;3
1621230028000;11559761;153.975;153.995;153.985;2;T;True;3
1621230029000;11559762;153.975;153.995;153.985;0;T;True;3
1621230030000;11559763;153.975;153.995;153.985;0;T;True;3
1621230031000;11559764;153.975;153.995;153.985;0;T;True;3
1621230032000;11559766;153.977;153.997;153.987;1;T;True;3
1621230033000;11559767;153.977;153.997;153.987;0;T;True;3
1621230034000;11559768;153.977;153.997;153.987;0;T;True;3
1621230035000;11559769;153.977;153.997;153.987;0;T;True;3
1621230036000;11559772;153.979;153.999;153.989;2;T;True;3
1621230037000;11559775;153.985;154.005;153.995;2;T;True;3
1621230038000;11559776;153.985;154.005;153.995;0;T;True;3
1621230039000;11559777;153.985;154.005;153.995;0;T;True;3
1621230040000;11559778;153.985;154.005;153.995;0;T;True;3
1621230041000;11559780;153.987;154.007;153.997;1;T;True;3
1621230042000;11559781;153.987;154.007;153.997;0;T;True;3
1621230043000;11559782;153.987;154.007;153.997;0;T;True;3
1621230044000;11559784;153.986;154.006;153.996;1;T;True;3
1621230045000;11559785;153.986;154.006;153.996;0;T;True;3
1621230046000;11559787;153.987;154.007;153.997;1;T;True;3
1621230047000;11559788;153.987;154.007;153.997;0;T;True;3
1621230048000;11559789;153.987;154.007;153.997;0;T;True;3
1621230049000;11559790;153.987;154.007;153.997;0;T;True;3
1621230050000;11559791;153.987;154.007;153.997;0;T;True;3
1621230051000;11559792;153.987;154.007;153.997;0;T;True;3
1621230052000;11559793;153.987;154.007;153.997;0;T;True;3
1621230053000;11559794;153.987;154.007;153.997;0;T;True;3
1621230054000;11559795;153.987;154.007;153.997;0;T;True;3
1621230055000;11559797;153.99;154.01;154.0;1;T;True;3
1621230056000;11559798;153.99;154.01;154.0;0;T;True;3
1621230057000;11559799;153.99;154.01;154.0;0;T;True;3
1621230058000;11559800;153.99;154.01;154.0;0;T;True;3
1621230059000;11559801;153.99;154.01;154.0;0;T;True;3
1621230060000;11559802;153.99;154.01;154.0;0;T;True;3
1621230061000;11559803;153.99;154.01;154.0;0;T;True;3
1621230062000;11559804;153.99;154.01;154.0;0;T;True;3
1621230063000;11559805;153.99;154.01;154.0;0;T;True;3
1621230064000;11559809;153.998;154.018;154.008;3;T;True;3
1621230065000;11559810;153.998;154.018;154.008;0;T;True;3
1621230066000;11559811;153.998;154.018;154.008;0;T;True;3
1621230067000;11559813;153.995;154.015;154.005;1;T;True;3
1621230068000;11559814;153.995;154.015;154.005;0;T;True;3
1621230069000;11559815;153.995;154.015;154.005;0;T;True;3
1621230070000;11559817;153.998;154.018;154.008;1;T;True;3
1621230071000;11559820;154.001;154.021;154.011;2;T;True;3
1621230072000;11559821;154.001;154.021;154.011;0;T;True;3
1621230073000;11559823;153.997;154.017;154.007;1;T;True;3
1621230074000;11559824;153.997;154.017;154.007;0;T;True;3
1621230075000;11559827;154.003;154.023;154.013;2;T;True;3
1621230076000;11559828;154.003;154.023;154.013;0;T;True;3
1621230077000;11559831;154.005;154.025;154.015;2;T;True;3
1621230078000;11559832;154.005;154.025;154.015;0;T;True;3
1621230079000;11559833;154.005;154.025;154.015;0;T;True;3
1621230080000;11559836;154.001;154.021;154.011;2;T;True;3
1621230081000;11559837;154.001;154.021;154.011;0;T;True;3
1621230082000;11559838;154.001;154.021;154.011;0;T;True;3
1621230083000;11559839;154.001;154.021;154.011;0;T;True;3
1621230084000;11559840;154.001;154.021;154.011;0;T;True;3
1621230085000;11559843;153.997;154.017;154.007;2;T;True;3
1621230086000;11559845;153.999;154.019;154.009;1;T;True;3
1621230087000;11559846;153.999;154.019;154.009;0;T;True;3
1621230088000;11559848;153.998;154.018;154.008;1;T;True;3
1621230089000;11559849;153.998;154.018;154.008;0;T;True;3
1621230090000;11559851;153.999;154.019;154.009;1;T;True;3
1621230091000;11559854;154.0;154.02;154.01;2;T;True;3
1621230092000;11559856;154.001;154.021;154.011;1;T;True;3
1621230093000;11559857;154.001;154.021;154.011;0;T;True;3
1621230094000;11559858;154.001;154.021;154.011;0;T;True;3
1621230095000;11559860;153.999;154.019;154.009;1;T;True;3
1621230096000;11559861;153.999;154.019;154.009;0;T;True;3
1621230097000;11559862;153.999;154.019;154.009;0;T;True;3
1621230098000;11559864;154.001;154.021;154.011;1;T;True;3
1621230099000;11559867;154.005;154.025;154.015;2;T;True;3
1621230100000;11559869;154.003;154.023;154.013;1;T;True;3
1621230101000;11559870;154.003;154.023;154.013;0;T;True;3
1621230102000;11559871;154.003;154.023;154.013;0;T;True;3
1621230103000;11559872;154.003;154.023;154.013;0;T;True;3
1621230104000;11559873;154.003;154.023;154.013;0;T;True;3
1621230105000;11559874;154.003;154.023;154.013;0;T;True;3
1621230106000;11559877;153.999;154.019;154.009;2;T;True;3
1621230107000;11559878;153.999;154.019;154.009;0;T;True;3
1621230108000;11559882;153.997;154.017;154.007;3;T;True;3
1621230109000;11559883;153.997;154.017;154.007;0;T;True;3
1621230110000;11559884;153.997;154.017;154.007;0;T;True;3
1621230111000;11559885;153.997;154.017;154.007;0;T;True;3
1621230112000;11559888;153.995;154.015;154.005;2;T;True;3
1621230113000;11559892;153.991;154.011;154.001;3;T;True;3
1621230114000;11559893;153.991;154.011;154.001;0;T;True;3
1621230115000;11559894;153.991;154.011;154.001;0;T;True;3
1621230116000;11559895;153.991;154.011;154.001;0;T;True;3
1621230117000;11559897;153.987;154.007;153.997;1;T;True;3
1621230118000;11559898;153.987;154.007;153.997;0;T;True;3
1621230119000;11559899;153.987;154.007;153.997;0;T;True;3
1621230120000;11559900;153.987;154.007;153.997;0;T;True;3
1621230121000;11559901;153.987;154.007;153.997;0;T;True;3
1621230122000;11559905;153.99;154.01;154.0;3;T;True;3
1621230123000;11559906;153.99;154.01;154.0;0;T;True;3
1621230124000;11559908;153.989;154.009;153.999;1;T;True;3
1621230125000;11559909;153.989;154.009;153.999;0;T;True;3
1621230126000;11559910;153.989;154.009;153.999;0;T;True;3
1621230127000;11559911;153.989;154.009;153.999;0;T;True;3
1621230128000;11559912;153.989;154.009;153.999;0;T;True;3
1621230129000;11559913;153.989;154.009;153.999;0;T;True;3
1621230130000;11559917;153.993;154.013;154.003;3;T;True;3
1621230131000;11559918;153.993;154.013;154.003;0;T;True;3
1621230132000;11559919;153.993;154.013;154.003;0;T;True;3
1621230133000;11559920;153.993;154.013;154.003;0;T;True;3
1621230134000;11559921;153.993;154.013;154.003;0;T;True;3
1621230135000;11559922;153.993;154.013;154.003;0;T;True;3
1621230136000;11559923;153.993;154.013;154.003;0;T;True;3
1621230137000;11559925;153.995;154.015;154.005;1;T;True;3
1621230138000;11559926;153.995;154.015;154.005;0;T;True;3
1621230139000;11559929;153.997;154.017;154.007;2;T;True;3
1621230140000;11559931;153.995;154.015;154.005;1;T;True;3
1621230141000;11559932;153.995;154.015;154.005;0;T;True;3
1621230142000;11559933;153.995;154.015;154.005;0;T;True;3
1621230143000;11559934;153.995;154.015;154.005;0;T;True;3
1621230144000;11559936;153.993;154.013;154.003;1;T;True;3
1621230145000;11559937;153.993;154.013;154.003;0;T;True;3
1621230146000;11559939;153.987;154.007;153.997;1;T;True;3
1621230147000;11559941;153.986;154.006;153.996;1;T;True;3
1621230148000;11559942;153.986;154.006;153.996;0;T;True;3
1621230149000;11559944;153.985;154.005;153.995;1;T;True;3
1621230150000;11559946;153.983;154.003;153.993;1;T;True;3
1621230151000;11559949;153.979;153.999;153.989;2;T;True;3
1621230152000;11559950;153.979;153.999;153.989;0;T;True;3
1621230153000;11559951;153.979;153.999;153.989;0;T;True;3
1621230154000;11559952;153.979;153.999;153.989;0;T;True;3
1621230155000;11559953;153.979;153.999;153.989;0;T;True;3
1621230156000;11559955;153.978;153.998;153.988;1;T;True;3
1621230157000;11559956;153.978;153.998;153.988;0;T;True;3
1621230158000;11559957;153.978;153.998;153.988;0;T;True;3
1621230159000;11559959;153.977;153.997;153.987;1;T;True;3
1621230160000;11559960;153.977;153.997;153.987;0;T;True;3
1621230161000;11559961;153.977;153.997;153.987;0;T;True;3
1621230162000;11559963;153.979;153.999;153.989;1;T;True;3
1621230163000;11559964;153.979;153.999;153.989;0;T;True;3
1621230164000;11559965;153.979;153.999;153.989;0;T;True;3
1621230165000;11559966;153.979;153.999;153.989;0;T;True;3
1621230166000;11559967;153.979;153.999;153.989;0;T;True;3
1621230167000;11559968;153.979;153.999;153.989;0;T;True;3
1621230168000;11559969;153.979;153.999;153.989;0;T;True;3
1621230169000;11559970;153.979;153.999;153.989;0;T;True;3
1621230170000;11559971;153.979;153.999;153.989;0;T;True;3
1621230171000;11559972;153.979;153.999;153.989;0;T;True;3
1621230172000;11559973;153.979;153.999;153.989;0;T;True;3
1621230173000;11559974;153.979;153.999;153.989;0;T;True;3
1621230174000;11559975;153.979;153.999;153.989;0;T;True;3
1621230175000;11559977;153.981;154.001;153.991;1;T;True;3
1621230176000;11559978;153.981;154.001;153.991;0;T;True;3
1621230177000;11559979;153.981;154.001;153.991;0;T;True;3
1621230178000;11559980;153.981;154.001;153.991;0;T;True;3
1621230179000;11559981;153.981;154.001;153.991;0;T;True;3
1621230180000;11559982;153.981;154.001;153.991;0;T;True;3
1621230181000;11559983;153.981;154.001;153.991;0;T;True;3
1621230182000;11559984;153.981;154.001;153.991;0;T;True;3
1621230183000;11559985;153.981;154.001;153.991;0;T;True;3
1621230184000;11559986;153.981;154.001;153.991;0;T;True;3
1621230185000;11559987;153.981;154.001;153.991;0;T;True;3
1621230186000;11559990;153.985;154.005;153.995;2;T;True;3
1621230187000;11559991;153.985;154.005;153.995;0;T;True;3
1621230188000;11559992;153.985;154.005;153.995;0;T;True;3
1621230189000;11559993;153.985;154.005;153.995;0;T;True;3
1621230190000;11559994;153.985;154.005;153.995;0;T;True;3
1621230191000;11559995;153.985;154.005;153.995;0;T;True;3
1621230192000;11559996;153.985;154.005;153.995;0;T;True;3
1621230193000;11559997;153.985;154.005;153.995;0;T;True;3
1621230194000;11559998;153.985;154.005;153.995;0;T;True;3
1621230195000;11559999;153.985;154.005;153.995;0;T;True;3
1621230196000;11560000;153.985;154.005;153.995;0;T;True;3
1621230197000;11560001;153.985;154.005;153.995;0;T;True;3
1621230198000;11560002;153.985;154.005;153.995;0;T;True;3
1621230199000;11560003;153.985;154.005;153.995;0;T;True;3
1621230200000;11560004;153.985;154.005;153.995;0;T;True;3
1621230201000;11560005;153.985;154.005;153.995;0;T;True;3
1621230202000;11560006;153.985;154.005;153.995;0;T;True;3
1621230203000;11560007;153.985;154.005;153.995;0;T;True;3
1621230204000;11560008;153.985;154.005;153.995;0;T;True;3
1621230205000;11560009;153.985;154.005;153.995;0;T;True;3
1621230206000;11560011;153.987;154.007;153.997;1;T;True;3
1621230207000;11560013;153.988;154.008;153.998;1;T;True;3
1621230208000;11560014;153.988;154.008;153.998;0;T;True;3
1621230209000;11560015;153.988;154.008;153.998;0;T;True;3
1621230210000;11560016;153.988;154.008;153.998;0;T;True;3
1621230211000;11560017;153.988;154.008;153.998;0;T;True;3
1621230212000;11560018;153.988;154.008;153.998;0;T;True;3
1621230213000;11560019;153.988;154.008;153.998;0;T;True;3
1621230214000;11560020;153.988;154.008;153.998;0;T;True;3
1621230215000;11560021;153.988;154.008;153.998;0;T;True;3
1621230216000;11560023;153.989;154.009;153.999;1;T;True;3
1621230217000;11560024;153.989;154.009;153.999;0;T;True;3
1621230218000;11560025;153.989;154.009;153.999;0;T;True;3
1621230219000;11560027;153.99;154.01;154.0;1;T;True;3
1621230220000;11560028;153.99;154.01;154.0;0;T;True;3
1621230221000;11560029;153.99;154.01;154.0;0;T;True;3
1621230222000;11560030;153.99;154.01;154.0;0;T;True;3
1621230223000;11560032;153.989;154.009;153.999;1;T;True;3
1621230224000;11560033;153.989;154.009;153.999;0;T;True;3
1621230225000;11560035;153.991;154.011;154.001;1;T;True;3
1621230226000;11560037;153.988;154.008;153.998;1;T;True;3
1621230227000;11560039;153.986;154.006;153.996;1;T;True;3
1621230228000;11560046;153.985;154.005;153.995;6;T;True;3
1621230229000;11560047;153.985;154.005;153.995;0;T;True;3
1621230230000;11560048;153.985;154.005;153.995;0;T;True;3
1621230231000;11560049;153.985;154.005;153.995;0;T;True;3
1621230232000;11560050;153.985;154.005;153.995;0;T;True;3
1621230233000;11560051;153.985;154.005;153.995;0;T;True;3
1621230234000;11560052;153.985;154.005;153.995;0;T;True;3
1621230235000;11560053;153.985;154.005;153.995;0;T;True;3
1621230236000;11560054;153.985;154.005;153.995;0;T;True;3
1621230237000;11560055;153.985;154.005;153.995;0;T;True;3
1621230238000;11560056;153.985;154.005;153.995;0;T;True;3
1621230239000;11560057;153.985;154.005;153.995;0;T;True;3
1621230240000;11560059;153.983;154.003;153.993;1;T;True;3
1621230241000;11560060;153.983;154.003;153.993;0;T;True;3
1621230242000;11560061;153.983;154.003;153.993;0;T;True;3
1621230243000;11560062;153.983;154.003;153.993;0;T;True;3
1621230244000;11560063;153.983;154.003;153.993;0;T;True;3
1621230245000;11560064;153.983;154.003;153.993;0;T;True;3
1621230246000;11560065;153.983;154.003;153.993;0;T;True;3
1621230247000;11560066;153.983;154.003;153.993;0;T;True;3
1621230248000;11560067;153.983;154.003;153.993;0;T;True;3
1621230249000;11560068;153.983;154.003;153.993;0;T;True;3
1621230250000;11560069;153.983;154.003;153.993;0;T;True;3
1621230251000;11560070;153.983;154.003;153.993;0;T;True;3
1621230252000;11560071;153.983;154.003;153.993;0;T;True;3
1621230253000;11560072;153.983;154.003;153.993;0;T;True;3
1621230254000;11560073;153.983;154.003;153.993;0;T;True;3
1621230255000;11560074;153.983;154.003;153.993;0;T;True;3
1621230256000;11560075;153.983;154.003;153.993;0;T;True;3
1621230257000;11560077;153.987;154.007;153.997;1;T;True;3
1621230258000;11560078;153.987;154.007;153.997;0;T;True;3
1621230259000;11560079;153.987;154.007;153.997;0;T;True;3
1621230260000;11560080;153.987;154.007;153.997;0;T;True;3
1621230261000;11560081;153.987;154.007;153.997;0;T;True;3
1621230262000;11560082;153.987;154.007;153.997;0;T;True;3
1621230263000;11560083;153.987;154.007;153.997;0;T;True;3
1621230264000;11560084;153.987;154.007;153.997;0;T;True;3
1621230265000;11560085;153.987;154.007;153.997;0;T;True;3
1621230266000;11560086;153.987;154.007;153.997;0;T;True;3
1621230267000;11560087;153.987;154.007;153.997;0;T;True;3
1621230268000;11560088;153.987;154.007;153.997;0;T;True;3
1621230269000;11560089;153.987;154.007;153.997;0;T;True;3
1621230270000;11560090;153.987;154.007;153.997;0;T;True;3
1621230271000;11560091;153.987;154.007;153.997;0;T;True;3
1621230272000;11560092;153.987;154.007;153.997;0;T;True;3
1621230273000;11560093;153.987;154.007;153.997;0;T;True;3
1621230274000;11560094;153.987;154.007;153.997;0;T;True;3
1621230275000;11560095;153.987;154.007;153.997;0;T;True;3
1621230276000;11560096;153.987;154.007;153.997;0;T;True;3
1621230277000;11560098;153.985;154.005;153.995;1;T;True;3
1621230278000;11560101;153.985;154.005;153.995;2;T;True;3
1621230279000;11560102;153.985;154.005;153.995;0;T;True;3
1621230280000;11560103;153.985;154.005;153.995;0;T;True;3
1621230281000;11560105;153.983;154.003;153.993;1;T;True;3
1621230282000;11560106;153.983;154.003;153.993;0;T;True;3
1621230283000;11560107;153.983;154.003;153.993;0;T;True;3
1621230284000;11560108;153.983;154.003;153.993;0;T;True;3
1621230285000;11560109;153.983;154.003;153.993;0;T;True;3
1621230286000;11560111;153.984;154.004;153.994;1;T;True;3
1621230287000;11560113;153.985;154.005;153.995;1;T;True;3
1621230288000;11560116;153.99;154.01;154.0;2;T;True;3
1621230289000;11560117;153.99;154.01;154.0;0;T;True;3
1621230290000;11560118;153.99;154.01;154.0;0;T;True;3
1621230291000;11560119;153.99;154.01;154.0;0;T;True;3
1621230292000;11560121;153.989;154.009;153.999;1;T;True;3
1621230293000;11560122;153.989;154.009;153.999;0;T;True;3
1621230294000;11560123;153.989;154.009;153.999;0;T;True;3
1621230295000;11560125;153.988;154.008;153.998;1;T;True;3
1621230296000;11560126;153.988;154.008;153.998;0;T;True;3
1621230297000;11560128;153.987;154.007;153.997;1;T;True;3
1621230298000;11560129;153.987;154.007;153.997;0;T;True;3
1621230299000;11560130;153.987;154.007;153.997;0;T;True;3
1621230300000;11560131;153.987;154.007;153.997;0;T;True;3
1621230301000;11560133;153.985;154.005;153.995;1;T;True;3
1621230302000;11560136;153.981;154.001;153.991;2;T;True;3
1621230303000;11560137;153.981;154.001;153.991;0;T;True;3
1621230304000;11560138;153.981;154.001;153.991;0;T;True;3
1621230305000;11560139;153.981;154.001;153.991;0;T;True;3
1621230306000;11560140;153.981;154.001;153.991;0;T;True;3
1621230307000;11560141;153.981;154.001;153.991;0;T;True;3
1621230308000;11560144;153.977;153.997;153.987;2;T;True;3
1621230309000;11560145;153.977;153.997;153.987;0;T;True;3
1621230310000;11560146;153.977;153.997;153.987;0;T;True;3
1621230311000;11560147;153.977;153.997;153.987;0;T;True;3
1621230312000;11560148;153.977;153.997;153.987;0;T;True;3
1621230313000;11560149;153.977;153.997;153.987;0;T;True;3
1621230314000;11560150;153.977;153.997;153.987;0;T;True;3
1621230315000;11560151;153.977;153.997;153.987;0;T;True;3
1621230316000;11560153;153.974;153.994;153.984;1;T;True;3
1621230317000;11560154;153.974;153.994;153.984;0;T;True;3
1621230318000;11560155;153.974;153.994;153.984;0;T;True;3
1621230319000;11560158;153.971;153.991;153.981;2;T;True;3
1621230320000;11560161;153.967;153.987;153.977;2;T;True;3
1621230321000;11560163;153.969;153.989;153.979;1;T;True;3
1621230322000;11560164;153.969;153.989;153.979;0;T;True;3
1621230323000;11560165;153.969;153.989;153.979;0;T;True;3
1621230324000;11560166;153.969;153.989;153.979;0;T;True;3
1621230325000;11560167;153.969;153.989;153.979;0;T;True;3
1621230326000;11560168;153.969;153.989;153.979;0;T;True;3
1621230327000;11560171;153.969;153.989;153.979;2;T;True;3
1621230328000;11560172;153.969;153.989;153.979;0;T;True;3
1621230329000;11560174;153.97;153.99;153.98;1;T;True;3
1621230330000;11560176;153.969;153.989;153.979;1;T;True;3
1621230331000;11560177;153.969;153.989;153.979;0;T;True;3
1621230332000;11560178;153.969;153.989;153.979;0;T;True;3
1621230333000;11560180;153.967;153.987;153.977;1;T;True;3
1621230334000;11560181;153.967;153.987;153.977;0;T;True;3
1621230335000;11560182;153.967;153.987;153.977;0;T;True;3
1621230336000;11560183;153.967;153.987;153.977;0;T;True;3
1621230337000;11560185;153.965;153.985;153.975;1;T;True;3
1621230338000;11560186;153.965;153.985;153.975;0;T;True;3
1621230339000;11560187;153.965;153.985;153.975;0;T;True;3
1621230340000;11560188;153.965;153.985;153.975;0;T;True;3
1621230341000;11560189;153.965;153.985;153.975;0;T;True;3
1621230342000;11560193;153.95;153.97;153.96;3;T;True;3
1621230343000;11560195;153.951;153.971;153.961;1;T;True;3
1621230344000;11560196;153.951;153.971;153.961;0;T;True;3
1621230345000;11560197;153.951;153.971;153.961;0;T;True;3
1621230346000;11560198;153.951;153.971;153.961;0;T;True;3
1621230347000;11560199;153.951;153.971;153.961;0;T;True;3
1621230348000;11560200;153.951;153.971;153.961;0;T;True;3
1621230349000;11560202;153.95;153.97;153.96;1;T;True;3
1621230350000;11560203;153.95;153.97;153.96;0;T;True;3
1621230351000;11560205;153.951;153.971;153.961;1;T;True;3
1621230352000;11560206;153.951;153.971;153.961;0;T;True;3
1621230353000;11560207;153.951;153.971;153.961;0;T;True;3
1621230354000;11560208;153.951;153.971;153.961;0;T;True;3
1621230355000;11560209;153.951;153.971;153.961;0;T;True;3
1621230356000;11560212;153.958;153.978;153.968;2;T;True;3
1621230357000;11560213;153.958;153.978;153.968;0;T;True;3
1621230358000;11560216;153.961;153.981;153.971;2;T;True;3
1621230359000;11560219;153.961;153.981;153.971;2;T;True;3
1621230360000;11560220;153.961;153.981;153.971;0;T;True;3
1621230361000;11560221;153.961;153.981;153.971;0;T;True;3
1621230362000;11560222;153.961;153.981;153.971;0;T;True;3
1621230363000;11560226;153.957;153.977;153.967;3;T;True;3
1621230364000;11560227;153.957;153.977;153.967;0;T;True;3
1621230365000;11560228;153.957;153.977;153.967;0;T;True;3
1621230366000;11560230;153.96;153.98;153.97;1;T;True;3
1621230367000;11560232;153.961;153.981;153.971;1;T;True;3
1621230368000;11560233;153.961;153.981;153.971;0;T;True;3
1621230369000;11560234;153.961;153.981;153.971;0;T;True;3
1621230370000;11560235;153.961;153.981;153.971;0;T;True;3
1621230371000;11560236;153.961;153.981;153.971;0;T;True;3
1621230372000;11560238;153.963;153.983;153.973;1;T;True;3
1621230373000;11560239;153.963;153.983;153.973;0;T;True;3
1621230374000;11560240;153.963;153.983;153.973;0;T;True;3
1621230375000;11560243;153.967;153.987;153.977;2;T;True;3
1621230376000;11560244;153.967;153.987;153.977;0;T;True;3
1621230377000;11560245;153.967;153.987;153.977;0;T;True;3
1621230378000;11560246;153.967;153.987;153.977;0;T;True;3
1621230379000;11560247;153.967;153.987;153.977;0;T;True;3
1621230380000;11560248;153.967;153.987;153.977;0;T;True;3
1621230381000;11560249;153.967;153.987;153.977;0;T;True;3
1621230382000;11560250;153.967;153.987;153.977;0;T;True;3
1621230383000;11560251;153.967;153.987;153.977;0;T;True;3
1621230384000;11560253;153.966;153.986;153.976;1;T;True;3
1621230385000;11560254;153.966;153.986;153.976;0;T;True;3
1621230386000;11560255;153.966;153.986;153.976;0;T;True;3
1621230387000;11560257;153.967;153.987;153.977;1;T;True;3
1621230388000;11560258;153.967;153.987;153.977;0;T;True;3
1621230389000;11560259;153.967;153.987;153.977;0;T;True;3
1621230390000;11560260;153.967;153.987;153.977;0;T;True;3
1621230391000;11560262;153.97;153.99;153.98;1;T;True;3
1621230392000;11560263;153.97;153.99;153.98;0;T;True;3
1621230393000;11560264;153.97;153.99;153.98;0;T;True;3
1621230394000;11560266;153.968;153.988;153.978;1;T;True;3
1621230395000;11560267;153.968;153.988;153.978;0;T;True;3
1621230396000;11560269;153.967;153.987;153.977;1;T;True;3
1621230397000;11560270;153.967;153.987;153.977;0;T;True;3
1621230398000;11560271;153.967;153.987;153.977;0;T;True;3
1621230399000;11560272;153.967;153.987;153.977;0;T;True;3
1621230400000;11560276;153.977;153.997;153.987;3;T;True;3
1621230401000;11560277;153.977;153.997;153.987;0;T;True;3
1621230402000;11560278;153.977;153.997;153.987;0;T;True;3
1621230403000;11560279;153.977;153.997;153.987;0;T;True;3
1621230404000;11560280;153.977;153.997;153.987;0;T;True;3
1621230405000;11560281;153.977;153.997;153.987;0;T;True;3
1621230406000;11560282;153.977;153.997;153.987;0;T;True;3
1621230407000;11560283;153.977;153.997;153.987;0;T;True;3
1621230408000;11560284;153.977;153.997;153.987;0;T;True;3
1621230409000;11560286;153.975;153.995;153.985;1;T;True;3
1621230410000;11560287;153.975;153.995;153.985;0;T;True;3
1621230411000;11560288;153.975;153.995;153.985;0;T;True;3
1621230412000;11560289;153.975;153.995;153.985;0;T;True;3
1621230413000;11560290;153.975;153.995;153.985;0;T;True;3
1621230414000;11560291;153.975;153.995;153.985;0;T;True;3
1621230415000;11560292;153.975;153.995;153.985;0;T;True;3
1621230416000;11560293;153.975;153.995;153.985;0;T;True;3
1621230417000;11560294;153.975;153.995;153.985;0;T;True;3
1621230418000;11560295;153.975;153.995;153.985;0;T;True;3
1621230419000;11560296;153.975;153.995;153.985;0;T;True;3
1621230420000;11560297;153.975;153.995;153.985;0;T;True;3
1621230421000;11560298;153.975;153.995;153.985;0;T;True;3
1621230422000;11560299;153.975;153.995;153.985;0;T;True;3
1621230423000;11560300;153.975;153.995;153.985;0;T;True;3
1621230424000;11560301;153.975;153.995;153.985;0;T;True;3
1621230425000;11560302;153.975;153.995;153.985;0;T;True;3
1621230426000;11560303;153.975;153.995;153.985;0;T;True;3
1621230427000;11560304;153.975;153.995;153.985;0;T;True;3
1621230428000;11560305;153.975;153.995;153.985;0;T;True;3
1621230429000;11560306;153.975;153.995;153.985;0;T;True;3
1621230430000;11560308;153.974;153.994;153.984;1;T;True;3
1621230431000;11560309;153.974;153.994;153.984;0;T;True;3
1621230432000;11560310;153.974;153.994;153.984;0;T;True;3
1621230433000;11560311;153.974;153.994;153.984;0;T;True;3
1621230434000;11560312;153.974;153.994;153.984;0;T;True;3
1621230435000;11560313;153.974;153.994;153.984;0;T;True;3
1621230436000;11560314;153.974;153.994;153.984;0;T;True;3
1621230437000;11560315;153.974;153.994;153.984;0;T;True;3
1621230438000;11560316;153.974;153.994;153.984;0;T;True;3
1621230439000;11560317;153.974;153.994;153.984;0;T;True;3
1621230440000;11560320;153.971;153.991;153.981;2;T;True;3
1621230441000;11560324;153.963;153.983;153.973;3;T;True;3
1621230442000;11560325;153.963;153.983;153.973;0;T;True;3
1621230443000;11560326;153.963;153.983;153.973;0;T;True;3
1621230444000;11560327;153.963;153.983;153.973;0;T;True;3
1621230445000;11560328;153.963;153.983;153.973;0;T;True;3
1621230446000;11560329;153.963;153.983;153.973;0;T;True;3
1621230447000;11560330;153.963;153.983;153.973;0;T;True;3
1621230448000;11560332;153.964;153.984;153.974;1;T;True;3
1621230449000;11560335;153.959;153.979;153.969;2;T;True;3
1621230450000;11560338;153.961;153.981;153.971;2;T;True;3
1621230451000;11560339;153.961;153.981;153.971;0;T;True;3
1621230452000;11560340;153.961;153.981;153.971;0;T;True;3
1621230453000;11560341;153.961;153.981;153.971;0;T;True;3
1621230454000;11560345;153.969;153.989;153.979;3;T;True;3
1621230455000;11560348;153.965;153.985;153.975;2;T;True;3
1621230456000;11560353;153.963;153.983;153.973;4;T;True;3
1621230457000;11560354;153.963;153.983;153.973;0;T;True;3
1621230458000;11560355;153.963;153.983;153.973;0;T;True;3
1621230459000;11560356;153.963;153.983;153.973;0;T;True;3
1621230460000;11560357;153.963;153.983;153.973;0;T;True;3
1621230461000;11560358;153.963;153.983;153.973;0;T;True;3
1621230462000;11560359;153.963;153.983;153.973;0;T;True;3
1621230463000;11560360;153.963;153.983;153.973;0;T;True;3
1621230464000;11560364;153.967;153.987;153.977;3;T;True;3
1621230465000;11560365;153.967;153.987;153.977;0;T;True;3
1621230466000;11560366;153.967;153.987;153.977;0;T;True;3
1621230467000;11560367;153.967;153.987;153.977;0;T;True;3
1621230468000;11560368;153.967;153.987;153.977;0;T;True;3
1621230469000;11560369;153.967;153.987;153.977;0;T;True;3
1621230470000;11560373;153.97;153.99;153.98;3;T;True;3
1621230471000;11560375;153.971;153.991;153.981;1;T;True;3
1621230472000;11560376;153.971;153.991;153.981;0;T;True;3
1621230473000;11560377;153.971;153.991;153.981;0;T;True;3
1621230474000;11560378;153.971;153.991;153.981;0;T;True;3
1621230475000;11560379;153.971;153.991;153.981;0;T;True;3
1621230476000;11560383;153.973;153.993;153.983;3;T;True;3
1621230477000;11560384;153.973;153.993;153.983;0;T;True;3
1621230478000;11560385;153.973;153.993;153.983;0;T;True;3
1621230479000;11560386;153.973;153.993;153.983;0;T;True;3
1621230480000;11560387;153.973;153.993;153.983;0;T;True;3
1621230481000;11560388;153.973;153.993;153.983;0;T;True;3
1621230482000;11560389;153.973;153.993;153.983;0;T;True;3
1621230483000;11560392;153.969;153.989;153.979;2;T;True;3
1621230484000;11560393;153.969;153.989;153.979;0;T;True;3
1621230485000;11560394;153.969;153.989;153.979;0;T;True;3
1621230486000;11560395;153.969;153.989;153.979;0;T;True;3
1621230487000;11560396;153.969;153.989;153.979;0;T;True;3
1621230488000;11560399;153.973;153.993;153.983;2;T;True;3
1621230489000;11560400;153.973;153.993;153.983;0;T;True;3
1621230490000;11560401;153.973;153.993;153.983;0;T;True;3
1621230491000;11560402;153.973;153.993;153.983;0;T;True;3
1621230492000;11560403;153.973;153.993;153.983;0;T;True;3
1621230493000;11560405;153.969;153.989;153.979;1;T;True;3
1621230494000;11560407;153.968;153.988;153.978;1;T;True;3
1621230495000;11560408;153.968;153.988;153.978;0;T;True;3
1621230496000;11560409;153.968;153.988;153.978;0;T;True;3
1621230497000;11560410;153.968;153.988;153.978;0;T;True;3
1621230498000;11560411;153.968;153.988;153.978;0;T;True;3
1621230499000;11560412;153.968;153.988;153.978;0;T;True;3
1621230500000;11560413;153.968;153.988;153.978;0;T;True;3
1621230501000;11560414;153.968;153.988;153.978;0;T;True;3
1621230502000;11560415;153.968;153.988;153.978;0;T;True;3
1621230503000;11560419;153.967;153.987;153.977;3;T;True;3
1621230504000;11560420;153.967;153.987;153.977;0;T;True;3
1621230505000;11560421;153.967;153.987;153.977;0;T;True;3
1621230506000;11560424;153.969;153.989;153.979;2;T;True;3
1621230507000;11560425;153.969;153.989;153.979;0;T;True;3
1621230508000;11560431;153.975;153.995;153.985;5;T;True;3
1621230509000;11560433;153.976;153.996;153.986;1;T;True;3
1621230510000;11560434;153.976;153.996;153.986;0;T;True;3
1621230511000;11560435;153.976;153.996;153.986;0;T;True;3
1621230512000;11560438;153.973;153.993;153.983;2;T;True;3
1621230513000;11560441;153.971;153.991;153.981;2;T;True;3
1621230514000;11560442;153.971;153.991;153.981;0;T;True;3
1621230515000;11560443;153.971;153.991;153.981;0;T;True;3
1621230516000;11560444;153.971;153.991;153.981;0;T;True;3
1621230517000;11560445;153.971;153.991;153.981;0;T;True;3
1621230518000;11560446;153.971;153.991;153.981;0;T;True;3
1621230519000;11560449;153.969;153.989;153.979;2;T;True;3
1621230520000;11560450;153.969;153.989;153.979;0;T;True;3
1621230521000;11560451;153.969;153.989;153.979;0;T;True;3
1621230522000;11560452;153.969;153.989;153.979;0;T;True;3
1621230523000;11560455;153.971;153.991;153.981;2;T;True;3
1621230524000;11560456;153.971;153.991;153.981;0;T;True;3
1621230525000;11560458;153.975;153.995;153.985;1;T;True;3
1621230526000;11560460;153.977;153.997;153.987;1;T;True;3
1621230527000;11560463;153.972;153.992;153.982;2;T;True;3
1621230528000;11560464;153.972;153.992;153.982;0;T;True;3
1621230529000;11560465;153.972;153.992;153.982;0;T;True;3
1621230530000;11560466;153.972;153.992;153.982;0;T;True;3
1621230531000;11560467;153.972;153.992;153.982;0;T;True;3
1621230532000;11560468;153.972;153.992;153.982;0;T;True;3
1621230533000;11560472;153.967;153.987;153.977;3;T;True;3
1621230534000;11560473;153.967;153.987;153.977;0;T;True;3
1621230535000;11560474;153.967;153.987;153.977;0;T;True;3
1621230536000;11560475;153.967;153.987;153.977;0;T;True;3
1621230537000;11560476;153.967;153.987;153.977;0;T;True;3
1621230538000;11560477;153.967;153.987;153.977;0;T;True;3
1621230539000;11560478;153.967;153.987;153.977;0;T;True;3
1621230540000;11560479;153.967;153.987;153.977;0;T;True;3
1621230541000;11560480;153.967;153.987;153.977;0;T;True;3
1621230542000;11560481;153.967;153.987;153.977;0;T;True;3
1621230543000;11560483;153.966;153.986;153.976;1;T;True;3
1621230544000;11560484;153.966;153.986;153.976;0;T;True;3
1621230545000;11560486;153.965;153.985;153.975;1;T;True;3
1621230546000;11560487;153.965;153.985;153.975;0;T;True;3
1621230547000;11560488;153.965;153.985;153.975;0;T;True;3
1621230548000;11560493;153.957;153.977;153.967;4;T;True;3
1621230549000;11560494;153.957;153.977;153.967;0;T;True;3
1621230550000;11560495;153.957;153.977;153.967;0;T;True;3
1621230551000;11560496;153.957;153.977;153.967;0;T;True;3
1621230552000;11560497;153.957;153.977;153.967;0;T;True;3
1621230553000;11560498;153.957;153.977;153.967;0;T;True;3
1621230554000;11560499;153.957;153.977;153.967;0;T;True;3
1621230555000;11560502;153.959;153.979;153.969;2;T;True;3
1621230556000;11560503;153.959;153.979;153.969;0;T;True;3
1621230557000;11560504;153.959;153.979;153.969;0;T;True;3
1621230558000;11560505;153.959;153.979;153.969;0;T;True;3
1621230559000;11560506;153.959;153.979;153.969;0;T;True;3
1621230560000;11560507;153.959;153.979;153.969;0;T;True;3
1621230561000;11560508;153.959;153.979;153.969;0;T;True;3
1621230562000;11560509;153.959;153.979;153.969;0;T;True;3
1621230563000;11560510;153.959;153.979;153.969;0;T;True;3
1621230564000;11560512;153.961;153.981;153.971;1;T;True;3
1621230565000;11560513;153.961;153.981;153.971;0;T;True;3
1621230566000;11560514;153.961;153.981;153.971;0;T;True;3
1621230567000;11560515;153.961;153.981;153.971;0;T;True;3
1621230568000;11560516;153.961;153.981;153.971;0;T;True;3
1621230569000;11560517;153.961;153.981;153.971;0;T;True;3
1621230570000;11560518;153.961;153.981;153.971;0;T;True;3
1621230571000;11560520;153.963;153.983;153.973;1;T;True;3
1621230572000;11560521;153.963;153.983;153.973;0;T;True;3
1621230573000;11560522;153.963;153.983;153.973;0;T;True;3
1621230574000;11560523;153.963;153.983;153.973;0;T;True;3
1621230575000;11560524;153.963;153.983;153.973;0;T;True;3
1621230576000;11560525;153.963;153.983;153.973;0;T;True;3
1621230577000;11560526;153.963;153.983;153.973;0;T;True;3
1621230578000;11560527;153.963;153.983;153.973;0;T;True;3
1621230579000;11560528;153.963;153.983;153.973;0;T;True;3
1621230580000;11560529;153.963;153.983;153.973;0;T;True;3
1621230581000;11560530;153.963;153.983;153.973;0;T;True;3
1621230582000;11560533;153.962;153.982;153.972;2;T;True;3
1621230583000;11560534;153.962;153.982;153.972;0;T;True;3
1621230584000;11560535;153.962;153.982;153.972;0;T;True;3
1621230585000;11560536;153.962;153.982;153.972;0;T;True;3
1621230586000;11560540;153.957;153.977;153.967;3;T;True;3
1621230587000;11560547;153.961;153.981;153.971;6;T;True;3
1621230588000;11560550;153.959;153.979;153.969;2;T;True;3
1621230589000;11560552;153.959;153.979;153.969;1;T;True;3
1621230590000;11560555;153.957;153.977;153.967;2;T;True;3
1621230591000;11560558;153.955;153.975;153.965;2;T;True;3
1621230592000;11560559;153.955;153.975;153.965;0;T;True;3
1621230593000;11560560;153.955;153.975;153.965;0;T;True;3
1621230594000;11560562;153.956;153.976;153.966;1;T;True;3
1621230595000;11560563;153.956;153.976;153.966;0;T;True;3
1621230596000;11560564;153.956;153.976;153.966;0;T;True;3
1621230597000;11560565;153.956;153.976;153.966;0;T;True;3
1621230598000;11560566;153.956;153.976;153.966;0;T;True;3
1621230599000;11560567;153.956;153.976;153.966;0;T;True;3
1621230600000;11560569;153.955;153.975;153.965;1;T;True;3
1621230601000;11560570;153.955;153.975;153.965;0;T;True;3
1621230602000;11560571;153.955;153.975;153.965;0;T;True;3
1621230603000;11560572;153.955;153.975;153.965;0;T;True;3
1621230604000;11560578;153.945;153.965;153.955;5;T;True;3
1621230605000;11560579;153.945;153.965;153.955;0;T;True;3
1621230606000;11560580;153.945;153.965;153.955;0;T;True;3
1621230607000;11560582;153.942;153.962;153.952;1;T;True;3
1621230608000;11560583;153.942;153.962;153.952;0;T;True;3
1621230609000;11560584;153.942;153.962;153.952;0;T;True;3
1621230610000;11560586;153.941;153.961;153.951;1;T;True;3
1621230611000;11560587;153.941;153.961;153.951;0;T;True;3
1621230612000;11560588;153.941;153.961;153.951;0;T;True;3
1621230613000;11560589;153.941;153.961;153.951;0;T;True;3
1621230614000;11560593;153.939;153.959;153.949;3;T;True;3
1621230615000;11560595;153.941;153.961;153.951;1;T;True;3
1621230616000;11560596;153.941;153.961;153.951;0;T;True;3
1621230617000;11560597;153.941;153.961;153.951;0;T;True;3
1621230618000;11560599;153.939;153.959;153.949;1;T;True;3
1621230619000;11560600;153.939;153.959;153.949;0;T;True;3
1621230620000;11560601;153.939;153.959;153.949;0;T;True;3
1621230621000;11560602;153.939;153.959;153.949;0;T;True;3
1621230622000;11560603;153.939;153.959;153.949;0;T;True;3
1621230623000;11560604;153.939;153.959;153.949;0;T;True;3
1621230624000;11560605;153.939;153.959;153.949;0;T;True;3
1621230625000;11560606;153.939;153.959;153.949;0;T;True;3
1621230626000;11560607;153.939;153.959;153.949;0;T;True;3
1621230627000;11560608;153.939;153.959;153.949;0;T;True;3
1621230628000;11560609;153.939;153.959;153.949;0;T;True;3
1621230629000;11560610;153.939;153.959;153.949;0;T;True;3
1621230630000;11560611;153.939;153.959;153.949;0;T;True;3
1621230631000;11560612;153.939;153.959;153.949;0;T;True;3
1621230632000;11560614;153.94;153.96;153.95;1;T;True;3
1621230633000;11560615;153.94;153.96;153.95;0;T;True;3
1621230634000;11560617;153.941;153.961;153.951;1;T;True;3
1621230635000;11560618;153.941;153.961;153.951;0;T;True;3
1621230636000;11560619;153.941;153.961;153.951;0;T;True;3
1621230637000;11560620;153.941;153.961;153.951;0;T;True;3
1621230638000;11560621;153.941;153.961;153.951;0;T;True;3
1621230639000;11560622;153.941;153.961;153.951;0;T;True;3
1621230640000;11560623;153.941;153.961;153.951;0;T;True;3
1621230641000;11560624;153.941;153.961;153.951;0;T;True;3
1621230642000;11560625;153.941;153.961;153.951;0;T;True;3
1621230643000;11560626;153.941;153.961;153.951;0;T;True;3
1621230644000;11560627;153.941;153.961;153.951;0;T;True;3
1621230645000;11560628;153.941;153.961;153.951;0;T;True;3
1621230646000;11560629;153.941;153.961;153.951;0;T;True;3
1621230647000;11560631;153.942;153.962;153.952;1;T;True;3
1621230648000;11560632;153.942;153.962;153.952;0;T;True;3
1621230649000;11560633;153.942;153.962;153.952;0;T;True;3
1621230650000;11560635;153.943;153.963;153.953;1;T;True;3
1621230651000;11560637;153.941;153.961;153.951;1;T;True;3
1621230652000;11560638;153.941;153.961;153.951;0;T;True;3
1621230653000;11560639;153.941;153.961;153.951;0;T;True;3
1621230654000;11560640;153.941;153.961;153.951;0;T;True;3
1621230655000;11560641;153.941;153.961;153.951;0;T;True;3
1621230656000;11560642;153.941;153.961;153.951;0;T;True;3
1621230657000;11560643;153.941;153.961;153.951;0;T;True;3
1621230658000;11560644;153.941;153.961;153.951;0;T;True;3
1621230659000;11560645;153.941;153.961;153.951;0;T;True;3
1621230660000;11560646;153.941;153.961;153.951;0;T;True;3
1621230661000;11560647;153.941;153.961;153.951;0;T;True;3
1621230662000;11560648;153.941;153.961;153.951;0;T;True;3
1621230663000;11560649;153.941;153.961;153.951;0;T;True;3
1621230664000;11560650;153.941;153.961;153.951;0;T;True;3
1621230665000;11560651;153.941;153.961;153.951;0;T;True;3
1621230666000;11560652;153.941;153.961;153.951;0;T;True;3
1621230667000;11560653;153.941;153.961;153.951;0;T;True;3
1621230668000;11560654;153.941;153.961;153.951;0;T;True;3
1621230669000;11560655;153.941;153.961;153.951;0;T;True;3
1621230670000;11560656;153.941;153.961;153.951;0;T;True;3
1621230671000;11560657;153.941;153.961;153.951;0;T;True;3
1621230672000;11560658;153.941;153.961;153.951;0;T;True;3
1621230673000;11560659;153.941;153.961;153.951;0;T;True;3
1621230674000;11560660;153.941;153.961;153.951;0;T;True;3
1621230675000;11560661;153.941;153.961;153.951;0;T;True;3
1621230676000;11560662;153.941;153.961;153.951;0;T;True;3
1621230677000;11560663;153.941;153.961;153.951;0;T;True;3
1621230678000;11560664;153.941;153.961;153.951;0;T;True;3
1621230679000;11560665;153.941;153.961;153.951;0;T;True;3
1621230680000;11560666;153.941;153.961;153.951;0;T;True;3
1621230681000;11560667;153.941;153.961;153.951;0;T;True;3
1621230682000;11560668;153.941;153.961;153.951;0;T;True;3
1621230683000;11560669;153.941;153.961;153.951;0;T;True;3
1621230684000;11560670;153.941;153.961;153.951;0;T;True;3
1621230685000;11560671;153.941;153.961;153.951;0;T;True;3
1621230686000;11560672;153.941;153.961;153.951;0;T;True;3
1621230687000;11560673;153.941;153.961;153.951;0;T;True;3
1621230688000;11560676;153.942;153.962;153.952;2;T;True;3
1621230689000;11560677;153.942;153.962;153.952;0;T;True;3
1621230690000;11560678;153.942;153.962;153.952;0;T;True;3
1621230691000;11560679;153.942;153.962;153.952;0;T;True;3
1621230692000;11560680;153.942;153.962;153.952;0;T;True;3
1621230693000;11560681;153.942;153.962;153.952;0;T;True;3
1621230694000;11560682;153.942;153.962;153.952;0;T;True;3
1621230695000;11560686;153.945;153.965;153.955;3;T;True;3
1621230696000;11560687;153.945;153.965;153.955;0;T;True;3
1621230697000;11560689;153.943;153.963;153.953;1;T;True;3
1621230698000;11560691;153.941;153.961;153.951;1;T;True;3
1621230699000;11560692;153.941;153.961;153.951;0;T;True;3
1621230700000;11560694;153.94;153.96;153.95;1;T;True;3
1621230701000;11560695;153.94;153.96;153.95;0;T;True;3
1621230702000;11560696;153.94;153.96;153.95;0;T;True;3
1621230703000;11560698;153.939;153.959;153.949;1;T;True;3
1621230704000;11560700;153.94;153.96;153.95;1;T;True;3
1621230705000;11560702;153.941;153.961;153.951;1;T;True;3
1621230706000;11560703;153.941;153.961;153.951;0;T;True;3
1621230707000;11560706;153.943;153.963;153.953;2;T;True;3
1621230708000;11560708;153.941;153.961;153.951;1;T;True;3
1621230709000;11560710;153.943;153.963;153.953;1;T;True;3
1621230710000;11560711;153.943;153.963;153.953;0;T;True;3
1621230711000;11560712;153.943;153.963;153.953;0;T;True;3
1621230712000;11560713;153.943;153.963;153.953;0;T;True;3
1621230713000;11560714;153.943;153.963;153.953;0;T;True;3
1621230714000;11560717;153.937;153.957;153.947;2;T;True;3
1621230715000;11560718;153.937;153.957;153.947;0;T;True;3
1621230716000;11560719;153.937;153.957;153.947;0;T;True;3
1621230717000;11560720;153.937;153.957;153.947;0;T;True;3
1621230718000;11560721;153.937;153.957;153.947;0;T;True;3
1621230719000;11560722;153.937;153.957;153.947;0;T;True;3
1621230720000;11560723;153.937;153.957;153.947;0;T;True;3
1621230721000;11560724;153.937;153.957;153.947;0;T;True;3
1621230722000;11560725;153.937;153.957;153.947;0;T;True;3
1621230723000;11560730;153.941;153.961;153.951;4;T;True;3
1621230724000;11560731;153.941;153.961;153.951;0;T;True;3
1621230725000;11560733;153.94;153.96;153.95;1;T;True;3
1621230726000;11560734;153.94;153.96;153.95;0;T;True;3
1621230727000;11560735;153.94;153.96;153.95;0;T;True;3
1621230728000;11560736;153.94;153.96;153.95;0;T;True;3
1621230729000;11560738;153.941;153.961;153.951;1;T;True;3
1621230730000;11560739;153.941;153.961;153.951;0;T;True;3
1621230731000;11560740;153.941;153.961;153.951;0;T;True;3
1621230732000;11560741;153.941;153.961;153.951;0;T;True;3
1621230733000;11560742;153.941;153.961;153.951;0;T;True;3
1621230734000;11560743;153.941;153.961;153.951;0;T;True;3
1621230735000;11560744;153.941;153.961;153.951;0;T;True;3
1621230736000;11560746;153.943;153.963;153.953;1;T;True;3
1621230737000;11560747;153.943;153.963;153.953;0;T;True;3
1621230738000;11560748;153.943;153.963;153.953;0;T;True;3
1621230739000;11560749;153.943;153.963;153.953;0;T;True;3
1621230740000;11560751;153.941;153.961;153.951;1;T;True;3
1621230741000;11560754;153.939;153.959;153.949;2;T;True;3
1621230742000;11560755;153.939;153.959;153.949;0;T;True;3
1621230743000;11560758;153.941;153.961;153.951;2;T;True;3
1621230744000;11560762;153.935;153.955;153.945;3;T;True;3
1621230745000;11560763;153.935;153.955;153.945;0;T;True;3
1621230746000;11560764;153.935;153.955;153.945;0;T;True;3
1621230747000;11560765;153.935;153.955;153.945;0;T;True;3
1621230748000;11560766;153.935;153.955;153.945;0;T;True;3
1621230749000;11560767;153.935;153.955;153.945;0;T;True;3
1621230750000;11560769;153.936;153.956;153.946;1;T;True;3
1621230751000;11560770;153.936;153.956;153.946;0;T;True;3
1621230752000;11560772;153.935;153.955;153.945;1;T;True;3
1621230753000;11560773;153.935;153.955;153.945;0;T;True;3
1621230754000;11560774;153.935;153.955;153.945;0;T;True;3
1621230755000;11560775;153.935;153.955;153.945;0;T;True;3
1621230756000;11560776;153.935;153.955;153.945;0;T;True;3
1621230757000;11560777;153.935;153.955;153.945;0;T;True;3
1621230758000;11560778;153.935;153.955;153.945;0;T;True;3
1621230759000;11560779;153.935;153.955;153.945;0;T;True;3
1621230760000;11560780;153.935;153.955;153.945;0;T;True;3
1621230761000;11560781;153.935;153.955;153.945;0;T;True;3
1621230762000;11560782;153.935;153.955;153.945;0;T;True;3
1621230763000;11560783;153.935;153.955;153.945;0;T;True;3
1621230764000;11560784;153.935;153.955;153.945;0;T;True;3
1621230765000;11560785;153.935;153.955;153.945;0;T;True;3
1621230766000;11560787;153.933;153.953;153.943;1;T;True;3
1621230767000;11560790;153.935;153.955;153.945;2;T;True;3
1621230768000;11560791;153.935;153.955;153.945;0;T;True;3
1621230769000;11560792;153.935;153.955;153.945;0;T;True;3
1621230770000;11560793;153.935;153.955;153.945;0;T;True;3
1621230771000;11560795;153.934;153.954;153.944;1;T;True;3
1621230772000;11560796;153.934;153.954;153.944;0;T;True;3
1621230773000;11560798;153.933;153.953;153.943;1;T;True;3
1621230774000;11560799;153.933;153.953;153.943;0;T;True;3
1621230775000;11560800;153.933;153.953;153.943;0;T;True;3
1621230776000;11560801;153.933;153.953;153.943;0;T;True;3
1621230777000;11560802;153.933;153.953;153.943;0;T;True;3
1621230778000;11560803;153.933;153.953;153.943;0;T;True;3
1621230779000;11560804;153.933;153.953;153.943;0;T;True;3
1621230780000;11560805;153.933;153.953;153.943;0;T;True;3
1621230781000;11560806;153.933;153.953;153.943;0;T;True;3
1621230782000;11560807;153.933;153.953;153.943;0;T;True;3
1621230783000;11560808;153.933;153.953;153.943;0;T;True;3
1621230784000;11560812;153.936;153.956;153.946;3;T;True;3
1621230785000;11560813;153.936;153.956;153.946;0;T;True;3
1621230786000;11560814;153.936;153.956;153.946;0;T;True;3
1621230787000;11560815;153.936;153.956;153.946;0;T;True;3
1621230788000;11560816;153.936;153.956;153.946;0;T;True;3
1621230789000;11560817;153.936;153.956;153.946;0;T;True;3
1621230790000;11560818;153.936;153.956;153.946;0;T;True;3
1621230791000;11560819;153.936;153.956;153.946;0;T;True;3
1621230792000;11560820;153.936;153.956;153.946;0;T;True;3
1621230793000;11560821;153.936;153.956;153.946;0;T;True;3
1621230794000;11560822;153.936;153.956;153.946;0;T;True;3
1621230795000;11560823;153.936;153.956;153.946;0;T;True;3
1621230796000;11560825;153.937;153.957;153.947;1;T;True;3
1621230797000;11560826;153.937;153.957;153.947;0;T;True;3
1621230798000;11560827;153.937;153.957;153.947;0;T;True;3
1621230799000;11560828;153.937;153.957;153.947;0;T;True;3
1621230800000;11560829;153.937;153.957;153.947;0;T;True;3
1621230801000;11560832;153.947;153.967;153.957;2;T;True;3
1621230802000;11560833;153.947;153.967;153.957;0;T;True;3
1621230803000;11560835;153.949;153.969;153.959;1;T;True;3
1621230804000;11560838;153.952;153.972;153.962;2;T;True;3
1621230805000;11560839;153.952;153.972;153.962;0;T;True;3
1621230806000;11560840;153.952;153.972;153.962;0;T;True;3
1621230807000;11560841;153.952;153.972;153.962;0;T;True;3
1621230808000;11560843;153.951;153.971;153.961;1;T;True;3
1621230809000;11560844;153.951;153.971;153.961;0;T;True;3
1621230810000;11560845;153.951;153.971;153.961;0;T;True;3
1621230811000;11560846;153.951;153.971;153.961;0;T;True;3
1621230812000;11560847;153.951;153.971;153.961;0;T;True;3
1621230813000;11560848;153.951;153.971;153.961;0;T;True;3
1621230814000;11560852;153.959;153.979;153.969;3;T;True;3
1621230815000;11560854;153.961;153.981;153.971;1;T;True;3
1621230816000;11560856;153.963;153.983;153.973;1;T;True;3
1621230817000;11560858;153.959;153.979;153.969;1;T;True;3
1621230818000;11560859;153.959;153.979;153.969;0;T;True;3
1621230819000;11560860;153.959;153.979;153.969;0;T;True;3
1621230820000;11560862;153.96;153.98;153.97;1;T;True;3
1621230821000;11560867;153.969;153.989;153.979;4;T;True;3
1621230822000;11560868;153.969;153.989;153.979;0;T;True;3
1621230823000;11560869;153.969;153.989;153.979;0;T;True;3
1621230824000;11560873;153.965;153.985;153.975;3;T;True;3
1621230825000;11560875;153.967;153.987;153.977;1;T;True;3
1621230826000;11560876;153.967;153.987;153.977;0;T;True;3
1621230827000;11560879;153.968;153.988;153.978;2;T;True;3
1621230828000;11560880;153.968;153.988;153.978;0;T;True;3
1621230829000;11560881;153.968;153.988;153.978;0;T;True;3
1621230830000;11560883;153.967;153.987;153.977;1;T;True;3
1621230831000;11560884;153.967;153.987;153.977;0;T;True;3
1621230832000;11560885;153.967;153.987;153.977;0;T;True;3
1621230833000;11560886;153.967;153.987;153.977;0;T;True;3
1621230834000;11560887;153.967;153.987;153.977;0;T;True;3
1621230835000;11560888;153.967;153.987;153.977;0;T;True;3
1621230836000;11560889;153.967;153.987;153.977;0;T;True;3
1621230837000;11560890;153.967;153.987;153.977;0;T;True;3
1621230838000;11560891;153.967;153.987;153.977;0;T;True;3
1621230839000;11560892;153.967;153.987;153.977;0;T;True;3
1621230840000;11560894;153.965;153.985;153.975;1;T;True;3
1621230841000;11560895;153.965;153.985;153.975;0;T;True;3
1621230842000;11560896;153.965;153.985;153.975;0;T;True;3
1621230843000;11560897;153.965;153.985;153.975;0;T;True;3
1621230844000;11560898;153.965;153.985;153.975;0;T;True;3
1621230845000;11560900;153.966;153.986;153.976;1;T;True;3
1621230846000;11560901;153.966;153.986;153.976;0;T;True;3
1621230847000;11560902;153.966;153.986;153.976;0;T;True;3
1621230848000;11560904;153.965;153.985;153.975;1;T;True;3
1621230849000;11560906;153.967;153.987;153.977;1;T;True;3
1621230850000;11560908;153.968;153.988;153.978;1;T;True;3
1621230851000;11560909;153.968;153.988;153.978;0;T;True;3
1621230852000;11560910;153.968;153.988;153.978;0;T;True;3
1621230853000;11560912;153.967;153.987;153.977;1;T;True;3
1621230854000;11560915;153.965;153.985;153.975;2;T;True;3
1621230855000;11560917;153.961;153.981;153.971;1;T;True;3
1621230856000;11560919;153.959;153.979;153.969;1;T;True;3
1621230857000;11560920;153.959;153.979;153.969;0;T;True;3
1621230858000;11560923;153.968;153.988;153.978;2;T;True;3
1621230859000;11560925;153.969;153.989;153.979;1;T;True;3
1621230860000;11560927;153.968;153.988;153.978;1;T;True;3
1621230861000;11560928;153.968;153.988;153.978;0;T;True;3
1621230862000;11560929;153.968;153.988;153.978;0;T;True;3
1621230863000;11560932;153.966;153.986;153.976;2;T;True;3
1621230864000;11560933;153.966;153.986;153.976;0;T;True;3
1621230865000;11560936;153.966;153.986;153.976;2;T;True;3
1621230866000;11560937;153.966;153.986;153.976;0;T;True;3
1621230867000;11560938;153.966;153.986;153.976;0;T;True;3
1621230868000;11560939;153.966;153.986;153.976;0;T;True;3
1621230869000;11560940;153.966;153.986;153.976;0;T;True;3
1621230870000;11560944;153.962;153.982;153.972;3;T;True;3
1621230871000;11560945;153.962;153.982;153.972;0;T;True;3
1621230872000;11560947;153.961;153.981;153.971;1;T;True;3
1621230873000;11560950;153.963;153.983;153.973;2;T;True;3
1621230874000;11560951;153.963;153.983;153.973;0;T;True;3
1621230875000;11560952;153.963;153.983;153.973;0;T;True;3
1621230876000;11560955;153.964;153.984;153.974;2;T;True;3
1621230877000;11560957;153.963;153.983;153.973;1;T;True;3
1621230878000;11560958;153.963;153.983;153.973;0;T;True;3
1621230879000;11560960;153.962;153.982;153.972;1;T;True;3
1621230880000;11560961;153.962;153.982;153.972;0;T;True;3
1621230881000;11560962;153.962;153.982;153.972;0;T;True;3
1621230882000;11560964;153.961;153.981;153.971;1;T;True;3
1621230883000;11560965;153.961;153.981;153.971;0;T;True;3
1621230884000;11560966;153.961;153.981;153.971;0;T;True;3
1621230885000;11560967;153.961;153.981;153.971;0;T;True;3
1621230886000;11560969;153.963;153.983;153.973;1;T;True;3
1621230887000;11560971;153.961;153.981;153.971;1;T;True;3
1621230888000;11560972;153.961;153.981;153.971;0;T;True;3
1621230889000;11560973;153.961;153.981;153.971;0;T;True;3
1621230890000;11560974;153.961;153.981;153.971;0;T;True;3
1621230891000;11560975;153.961;153.981;153.971;0;T;True;3
1621230892000;11560976;153.961;153.981;153.971;0;T;True;3
1621230893000;11560978;153.96;153.98;153.97;1;T;True;3
1621230894000;11560980;153.961;153.981;153.971;1;T;True;3
1621230895000;11560981;153.961;153.981;153.971;0;T;True;3
1621230896000;11560983;153.959;153.979;153.969;1;T;True;3
1621230897000;11560984;153.959;153.979;153.969;0;T;True;3
1621230898000;11560985;153.959;153.979;153.969;0;T;True;3
1621230899000;11560986;153.959;153.979;153.969;0;T;True;3
1621230900000;11560989;153.957;153.977;153.967;2;T;True;3
1621230901000;11560991;153.959;153.979;153.969;1;T;True;3
1621230902000;11560992;153.959;153.979;153.969;0;T;True;3
1621230903000;11560993;153.959;153.979;153.969;0;T;True;3
1621230904000;11560995;153.957;153.977;153.967;1;T;True;3
1621230905000;11560996;153.957;153.977;153.967;0;T;True;3
1621230906000;11560998;153.959;153.979;153.969;1;T;True;3
1621230907000;11560999;153.959;153.979;153.969;0;T;True;3
1621230908000;11561000;153.959;153.979;153.969;0;T;True;3
1621230909000;11561001;153.959;153.979;153.969;0;T;True;3
1621230910000;11561002;153.959;153.979;153.969;0;T;True;3
1621230911000;11561003;153.959;153.979;153.969;0;T;True;3
1621230912000;11561004;153.959;153.979;153.969;0;T;True;3
1621230913000;11561005;153.959;153.979;153.969;0;T;True;3
1621230914000;11561006;153.959;153.979;153.969;0;T;True;3
1621230915000;11561007;153.959;153.979;153.969;0;T;True;3
1621230916000;11561009;153.957;153.977;153.967;1;T;True;3
1621230917000;11561010;153.957;153.977;153.967;0;T;True;3
1621230918000;11561013;153.954;153.974;153.964;2;T;True;3
1621230919000;11561014;153.954;153.974;153.964;0;T;True;3
1621230920000;11561015;153.954;153.974;153.964;0;T;True;3
1621230921000;11561016;153.954;153.974;153.964;0;T;True;3
1621230922000;11561019;153.954;153.974;153.964;2;T;True;3
1621230923000;11561021;153.955;153.975;153.965;1;T;True;3
1621230924000;11561022;153.955;153.975;153.965;0;T;True;3
1621230925000;11561023;153.955;153.975;153.965;0;T;True;3
1621230926000;11561024;153.955;153.975;153.965;0;T;True;3
1621230927000;11561025;153.955;153.975;153.965;0;T;True;3
1621230928000;11561026;153.955;153.975;153.965;0;T;True;3
1621230929000;11561027;153.955;153.975;153.965;0;T;True;3
1621230930000;11561028;153.955;153.975;153.965;0;T;True;3
1621230931000;11561030;153.949;153.969;153.959;1;T;True;3
1621230932000;11561031;153.949;153.969;153.959;0;T;True;3
1621230933000;11561032;153.949;153.969;153.959;0;T;True;3
1621230934000;11561033;153.949;153.969;153.959;0;T;True;3
1621230935000;11561034;153.949;153.969;153.959;0;T;True;3
1621230936000;11561035;153.949;153.969;153.959;0;T;True;3
1621230937000;11561037;153.952;153.972;153.962;1;T;True;3
1621230938000;11561038;153.952;153.972;153.962;0;T;True;3
1621230939000;11561040;153.955;153.975;153.965;1;T;True;3
1621230940000;11561041;153.955;153.975;153.965;0;T;True;3
1621230941000;11561042;153.955;153.975;153.965;0;T;True;3
1621230942000;11561045;153.949;153.969;153.959;2;T;True;3
1621230943000;11561046;153.949;153.969;153.959;0;T;True;3
1621230944000;11561047;153.949;153.969;153.959;0;T;True;3
1621230945000;11561048;153.949;153.969;153.959;0;T;True;3
1621230946000;11561049;153.949;153.969;153.959;0;T;True;3
1621230947000;11561050;153.949;153.969;153.959;0;T;True;3
1621230948000;11561051;153.949;153.969;153.959;0;T;True;3
1621230949000;11561053;153.951;153.971;153.961;1;T;True;3
1621230950000;11561058;153.959;153.979;153.969;4;T;True;3
1621230951000;11561059;153.959;153.979;153.969;0;T;True;3
1621230952000;11561060;153.959;153.979;153.969;0;T;True;3
1621230953000;11561061;153.959;153.979;153.969;0;T;True;3
1621230954000;11561062;153.959;153.979;153.969;0;T;True;3
1621230955000;11561063;153.959;153.979;153.969;0;T;True;3
1621230956000;11561064;153.959;153.979;153.969;0;T;True;3
1621230957000;11561065;153.959;153.979;153.969;0;T;True;3
1621230958000;11561066;153.959;153.979;153.969;0;T;True;3
1621230959000;11561067;153.959;153.979;153.969;0;T;True;3
1621230960000;11561068;153.959;153.979;153.969;0;T;True;3
1621230961000;11561070;153.96;153.98;153.97;1;T;True;3
1621230962000;11561073;153.959;153.979;153.969;2;T;True;3
1621230963000;11561075;153.96;153.98;153.97;1;T;True;3
1621230964000;11561076;153.96;153.98;153.97;0;T;True;3
1621230965000;11561077;153.96;153.98;153.97;0;T;True;3
1621230966000;11561080;153.964;153.984;153.974;2;T;True;3
1621230967000;11561082;153.967;153.987;153.977;1;T;True;3
1621230968000;11561083;153.967;153.987;153.977;0;T;True;3
1621230969000;11561086;153.967;153.987;153.977;2;T;True;3
1621230970000;11561087;153.967;153.987;153.977;0;T;True;3
1621230971000;11561088;153.967;153.987;153.977;0;T;True;3
1621230972000;11561091;153.971;153.991;153.981;2;T;True;3
1621230973000;11561094;153.969;153.989;153.979;2;T;True;3
1621230974000;11561095;153.969;153.989;153.979;0;T;True;3
1621230975000;11561096;153.969;153.989;153.979;0;T;True;3
1621230976000;11561097;153.969;153.989;153.979;0;T;True;3
1621230977000;11561098;153.969;153.989;153.979;0;T;True;3
1621230978000;11561099;153.969;153.989;153.979;0;T;True;3
1621230979000;11561102;153.965;153.985;153.975;2;T;True;3
1621230980000;11561104;153.966;153.986;153.976;1;T;True;3
1621230981000;11561106;153.965;153.985;153.975;1;T;True;3
1621230982000;11561107;153.965;153.985;153.975;0;T;True;3
1621230983000;11561108;153.965;153.985;153.975;0;T;True;3
1621230984000;11561109;153.965;153.985;153.975;0;T;True;3
1621230985000;11561110;153.965;153.985;153.975;0;T;True;3
1621230986000;11561111;153.965;153.985;153.975;0;T;True;3
1621230987000;11561112;153.965;153.985;153.975;0;T;True;3
1621230988000;11561113;153.965;153.985;153.975;0;T;True;3
