ts;n;bid;ask;value;volume;phase;round;active_id
1621238262000;11574993;153.962;153.982;153.972;1;T;True;3
1621238263000;11574996;153.953;153.973;153.963;2;T;True;3
1621238264000;11574998;153.952;153.972;153.962;1;T;True;3
1621238265000;11574999;153.952;153.972;153.962;0;T;True;3
1621238266000;11575000;153.952;153.972;153.962;0;T;True;3
1621238267000;11575003;153.948;153.968;153.958;2;T;True;3
1621238268000;11575004;153.948;153.968;153.958;0;T;True;3
1621238269000;11575006;153.949;153.969;153.959;1;T;True;3
1621238270000;11575007;153.949;153.969;153.959;0;T;True;3
1621238271000;11575008;153.949;153.969;153.959;0;T;True;3
1621238272000;11575009;153.949;153.969;153.959;0;T;True;3
1621238273000;11575016;153.941;153.961;153.951;6;T;True;3
1621238274000;11575017;153.941;153.961;153.951;0;T;True;3
1621238275000;11575019;153.939;153.959;153.949;1;T;True;3
1621238276000;11575020;153.939;153.959;153.949;0;T;True;3
1621238277000;11575022;153.934;153.954;153.944;1;T;True;3
1621238278000;11575024;153.933;153.953;153.943;1;T;True;3
1621238279000;11575025;153.933;153.953;153.943;0;T;True;3
1621238280000;11575026;153.933;153.953;153.943;0;T;True;3
1621238281000;11575030;153.945;153.965;153.955;3;T;True;3
1621238282000;11575034;153.943;153.963;153.953;3;T;True;3
1621238283000;11575035;153.943;153.963;153.953;0;T;True;3
1621238284000;11575036;153.943;153.963;153.953;0;T;True;3
1621238285000;11575040;153.945;153.965;153.955;3;T;True;3
1621238286000;11575042;153.944;153.964;153.954;1;T;True;3
1621238287000;11575046;153.951;153.971;153.961;3;T;True;3
1621238288000;11575050;153.952;153.972;153.962;3;T;True;3
1621238289000;11575052;153.951;153.971;153.961;1;T;True;3
1621238290000;11575053;153.951;153.971;153.961;0;T;True;3
1621238291000;11575054;153.951;153.971;153.961;0;T;True;3
1621238292000;11575061;153.949;153.969;153.959;6;T;True;3
1621238293000;11575064;153.949;153.969;153.959;2;T;True;3
1621238294000;11575066;153.947;153.967;153.957;1;T;True;3
1621238295000;11575068;153.945;153.965;153.955;1;T;True;3
1621238296000;11575069;153.945;153.965;153.955;0;T;True;3
1621238297000;11575070;153.945;153.965;153.955;0;T;True;3
1621238298000;11575071;153.945;153.965;153.955;0;T;True;3
1621238299000;11575073;153.943;153.963;153.953;1;T;True;3
1621238300000;11575074;153.943;153.963;153.953;0;T;True;3
1621238301000;11575075;153.943;153.963;153.953;0;T;True;3
1621238302000;11575076;153.943;153.963;153.953;0;T;True;3
1621238303000;11575078;153.941;153.961;153.951;1;T;True;3
1621238304000;11575080;153.942;153.962;153.952;1;T;True;3
1621238305000;11575082;153.941;153.961;153.951;1;T;True;3
1621238306000;11575087;153.949;153.969;153.959;4;T;True;3
1621238307000;11575088;153.949;153.969;153.959;0;T;True;3
1621238308000;11575090;153.947;153.967;153.957;1;T;True;3
1621238309000;11575094;153.95;153.97;153.96;3;T;True;3
1621238310000;11575095;153.95;153.97;153.96;0;T;True;3
1621238311000;11575097;153.949;153.969;153.959;1;T;True;3
1621238312000;11575098;153.949;153.969;153.959;0;T;True;3
1621238313000;11575099;153.949;153.969;153.959;0;T;True;3
1621238314000;11575102;153.946;153.966;153.956;2;T;True;3
1621238315000;11575104;153.945;153.965;153.955;1;T;True;3
1621238316000;11575105;153.945;153.965;153.955;0;T;True;3
1621238317000;11575106;153.945;153.965;153.955;0;T;True;3
1621238318000;11575110;153.937;153.957;153.947;3;T;True;3
1621238319000;11575111;153.937;153.957;153.947;0;T;True;3
1621238320000;11575113;153.936;153.956;153.946;1;T;True;3
1621238321000;11575114;153.936;153.956;153.946;0;T;True;3
1621238322000;11575116;153.935;153.955;153.945;1;T;True;3
1621238323000;11575117;153.935;153.955;153.945;0;T;True;3
1621238324000;11575121;153.93;153.95;153.94;3;T;True;3
1621238325000;11575122;153.93;153.95;153.94;0;T;True;3
1621238326000;11575128;153.935;153.955;153.945;5;T;True;3
1621238327000;11575129;153.935;153.955;153.945;0;T;True;3
1621238328000;11575131;153.936;153.956;153.946;1;T;True;3
1621238329000;11575136;153.953;153.973;153.963;4;T;True;3
1621238330000;11575138;153.955;153.975;153.965;1;T;True;3
1621238331000;11575139;153.955;153.975;153.965;0;T;True;3
1621238332000;11575141;153.953;153.973;153.963;1;T;True;3
1621238333000;11575144;153.947;153.967;153.957;2;T;True;3
1621238334000;11575146;153.949;153.969;153.959;1;T;True;3
1621238335000;11575148;153.947;153.967;153.957;1;T;True;3
1621238336000;11575149;153.947;153.967;153.957;0;T;True;3
1621238337000;11575150;153.947;153.967;153.957;0;T;True;3
1621238338000;11575151;153.947;153.967;153.957;0;T;True;3
1621238339000;11575152;153.947;153.967;153.957;0;T;True;3
1621238340000;11575153;153.947;153.967;153.957;0;T;True;3
1621238341000;11575158;153.964;153.984;153.974;4;T;True;3
1621238342000;11575161;153.961;153.981;153.971;2;T;True;3
1621238343000;11575164;153.965;153.985;153.975;2;T;True;3
1621238344000;11575165;153.965;153.985;153.975;0;T;True;3
1621238345000;11575167;153.966;153.986;153.976;1;T;True;3
1621238346000;11575168;153.966;153.986;153.976;0;T;True;3
1621238347000;11575169;153.966;153.986;153.976;0;T;True;3
1621238348000;11575170;153.966;153.986;153.976;0;T;True;3
1621238349000;11575171;153.966;153.986;153.976;0;T;True;3
1621238350000;11575172;153.966;153.986;153.976;0;T;True;3
1621238351000;11575178;153.97;153.99;153.98;5;T;True;3
1621238352000;11575180;153.971;153.991;153.981;1;T;True;3
1621238353000;11575181;153.971;153.991;153.981;0;T;True;3
1621238354000;11575183;153.969;153.989;153.979;1;T;True;3
1621238355000;11575185;153.971;153.991;153.981;1;T;True;3
1621238356000;11575188;153.971;153.991;153.981;2;T;True;3
1621238357000;11575193;153.957;153.977;153.967;4;T;True;3
1621238358000;11575198;153.947;153.967;153.957;4;T;True;3
1621238359000;11575204;153.943;153.963;153.953;5;T;True;3
1621238360000;11575205;153.943;153.963;153.953;0;T;True;3
1621238361000;11575206;153.943;153.963;153.953;0;T;True;3
1621238362000;11575213;153.955;153.975;153.965;6;T;True;3
1621238363000;11575216;153.956;153.976;153.966;2;T;True;3
1621238364000;11575218;153.955;153.975;153.965;1;T;True;3
1621238365000;11575221;153.951;153.971;153.961;2;T;True;3
1621238366000;11575226;153.96;153.98;153.97;4;T;True;3
1621238367000;11575227;153.96;153.98;153.97;0;T;True;3
1621238368000;11575229;153.959;153.979;153.969;1;T;True;3
1621238369000;11575231;153.958;153.978;153.968;1;T;True;3
1621238370000;11575233;153.959;153.979;153.969;1;T;True;3
1621238371000;11575236;153.959;153.979;153.969;2;T;True;3
1621238372000;11575240;153.962;153.982;153.972;3;T;True;3
1621238373000;11575242;153.963;153.983;153.973;1;T;True;3
1621238374000;11575243;153.963;153.983;153.973;0;T;True;3
1621238375000;11575245;153.964;153.984;153.974;1;T;True;3
1621238376000;11575246;153.964;153.984;153.974;0;T;True;3
1621238377000;11575247;153.964;153.984;153.974;0;T;True;3
1621238378000;11575248;153.964;153.984;153.974;0;T;True;3
1621238379000;11575249;153.964;153.984;153.974;0;T;True;3
1621238380000;11575256;153.985;154.005;153.995;6;T;True;3
1621238381000;11575259;153.985;154.005;153.995;2;T;True;3
1621238382000;11575260;153.985;154.005;153.995;0;T;True;3
1621238383000;11575261;153.985;154.005;153.995;0;T;True;3
1621238384000;11575262;153.985;154.005;153.995;0;T;True;3
1621238385000;11575265;153.985;154.005;153.995;2;T;True;3
1621238386000;11575267;153.983;154.003;153.993;1;T;True;3
1621238387000;11575268;153.983;154.003;153.993;0;T;True;3
1621238388000;11575270;153.985;154.005;153.995;1;T;True;3
1621238389000;11575271;153.985;154.005;153.995;0;T;True;3
1621238390000;11575272;153.985;154.005;153.995;0;T;True;3
1621238391000;11575274;153.986;154.006;153.996;1;T;True;3
1621238392000;11575277;153.983;154.003;153.993;2;T;True;3
1621238393000;11575279;153.984;154.004;153.994;1;T;True;3
1621238394000;11575280;153.984;154.004;153.994;0;T;True;3
1621238395000;11575282;153.983;154.003;153.993;1;T;True;3
1621238396000;11575283;153.983;154.003;153.993;0;T;True;3
1621238397000;11575284;153.983;154.003;153.993;0;T;True;3
1621238398000;11575287;153.981;154.001;153.991;2;T;True;3
1621238399000;11575289;153.982;154.002;153.992;1;T;True;3
1621238400000;11575292;153.979;153.999;153.989;2;T;True;3
1621238401000;11575294;153.977;153.997;153.987;1;T;True;3
1621238402000;11575296;153.975;153.995;153.985;1;T;True;3
1621238403000;11575297;153.975;153.995;153.985;0;T;True;3
1621238404000;11575301;153.982;154.002;153.992;3;T;True;3
1621238405000;11575302;153.982;154.002;153.992;0;T;True;3
1621238406000;11575303;153.982;154.002;153.992;0;T;True;3
1621238407000;11575304;153.982;154.002;153.992;0;T;True;3
1621238408000;11575307;153.983;154.003;153.993;2;T;True;3
1621238409000;11575308;153.983;154.003;153.993;0;T;True;3
1621238410000;11575309;153.983;154.003;153.993;0;T;True;3
1621238411000;11575313;153.98;154.0;153.99;3;T;True;3
1621238412000;11575316;153.978;153.998;153.988;2;T;True;3
1621238413000;11575321;153.983;154.003;153.993;4;T;True;3
1621238414000;11575324;153.989;154.009;153.999;2;T;True;3
1621238415000;11575326;153.99;154.01;154.0;1;T;True;3
1621238416000;11575329;153.989;154.009;153.999;2;T;True;3
1621238417000;11575331;153.988;154.008;153.998;1;T;True;3
1621238418000;11575332;153.988;154.008;153.998;0;T;True;3
1621238419000;11575334;153.989;154.009;153.999;1;T;True;3
1621238420000;11575337;153.994;154.014;154.004;2;T;True;3
1621238421000;11575342;154.0;154.02;154.01;4;T;True;3
1621238422000;11575346;153.998;154.018;154.008;3;T;True;3
1621238423000;11575347;153.998;154.018;154.008;0;T;True;3
1621238424000;11575349;153.997;154.017;154.007;1;T;True;3
1621238425000;11575350;153.997;154.017;154.007;0;T;True;3
1621238426000;11575352;153.999;154.019;154.009;1;T;True;3
1621238427000;11575366;154.032;154.052;154.042;13;T;True;3
1621238428000;11575374;154.033;154.053;154.043;7;T;True;3
1621238429000;11575378;154.032;154.052;154.042;3;T;True;3
1621238430000;11575381;154.031;154.051;154.041;2;T;True;3
1621238431000;11575382;154.031;154.051;154.041;0;T;True;3
1621238432000;11575384;154.03;154.05;154.04;1;T;True;3
1621238433000;11575386;154.029;154.049;154.039;1;T;True;3
1621238434000;11575392;154.015;154.035;154.025;5;T;True;3
1621238435000;11575402;154.029;154.049;154.039;9;T;True;3
1621238436000;11575407;154.025;154.045;154.035;4;T;True;3
1621238437000;11575408;154.025;154.045;154.035;0;T;True;3
1621238438000;11575412;154.013;154.033;154.023;3;T;True;3
1621238439000;11575413;154.013;154.033;154.023;0;T;True;3
1621238440000;11575414;154.013;154.033;154.023;0;T;True;3
1621238441000;11575415;154.013;154.033;154.023;0;T;True;3
1621238442000;11575416;154.013;154.033;154.023;0;T;True;3
1621238443000;11575417;154.013;154.033;154.023;0;T;True;3
1621238444000;11575419;154.021;154.041;154.031;1;T;True;3
1621238445000;11575421;154.022;154.042;154.032;1;T;True;3
1621238446000;11575422;154.022;154.042;154.032;0;T;True;3
1621238447000;11575424;154.023;154.043;154.033;1;T;True;3
1621238448000;11575425;154.023;154.043;154.033;0;T;True;3
1621238449000;11575426;154.023;154.043;154.033;0;T;True;3
1621238450000;11575428;154.024;154.044;154.034;1;T;True;3
1621238451000;11575432;154.023;154.043;154.033;3;T;True;3
1621238452000;11575434;154.025;154.045;154.035;1;T;True;3
1621238453000;11575438;154.029;154.049;154.039;3;T;True;3
1621238454000;11575440;154.028;154.048;154.038;1;T;True;3
1621238455000;11575444;154.035;154.055;154.045;3;T;True;3
1621238456000;11575446;154.033;154.053;154.043;1;T;True;3
1621238457000;11575447;154.033;154.053;154.043;0;T;True;3
1621238458000;11575448;154.033;154.053;154.043;0;T;True;3
1621238459000;11575449;154.033;154.053;154.043;0;T;True;3
1621238460000;11575452;154.039;154.059;154.049;2;T;True;3
1621238461000;11575456;154.037;154.057;154.047;3;T;True;3
1621238462000;11575459;154.033;154.053;154.043;2;T;True;3
1621238463000;11575465;154.053;154.073;154.063;5;T;True;3
1621238464000;11575466;154.053;154.073;154.063;0;T;True;3
1621238465000;11575469;154.051;154.071;154.061;2;T;True;3
1621238466000;11575473;154.049;154.069;154.059;3;T;True;3
1621238467000;11575474;154.049;154.069;154.059;0;T;True;3
1621238468000;11575477;154.048;154.068;154.058;2;T;True;3
1621238469000;11575486;154.029;154.049;154.039;8;T;True;3
1621238470000;11575487;154.029;154.049;154.039;0;T;True;3
1621238471000;11575489;154.032;154.052;154.042;1;T;True;3
1621238472000;11575492;154.033;154.053;154.043;2;T;True;3
1621238473000;11575493;154.033;154.053;154.043;0;T;True;3
1621238474000;11575494;154.033;154.053;154.043;0;T;True;3
1621238475000;11575495;154.033;154.053;154.043;0;T;True;3
1621238476000;11575496;154.033;154.053;154.043;0;T;True;3
1621238477000;11575499;154.037;154.057;154.047;2;T;True;3
1621238478000;11575501;154.036;154.056;154.046;1;T;True;3
1621238479000;11575502;154.036;154.056;154.046;0;T;True;3
1621238480000;11575504;154.037;154.057;154.047;1;T;True;3
1621238481000;11575505;154.037;154.057;154.047;0;T;True;3
1621238482000;11575506;154.037;154.057;154.047;0;T;True;3
1621238483000;11575507;154.037;154.057;154.047;0;T;True;3
1621238484000;11575509;154.039;154.059;154.049;1;T;True;3
1621238485000;11575510;154.039;154.059;154.049;0;T;True;3
1621238486000;11575511;154.039;154.059;154.049;0;T;True;3
1621238487000;11575515;154.041;154.061;154.051;3;T;True;3
1621238488000;11575517;154.037;154.057;154.047;1;T;True;3
1621238489000;11575518;154.037;154.057;154.047;0;T;True;3
1621238490000;11575519;154.037;154.057;154.047;0;T;True;3
1621238491000;11575521;154.035;154.055;154.045;1;T;True;3
1621238492000;11575522;154.035;154.055;154.045;0;T;True;3
1621238493000;11575523;154.035;154.055;154.045;0;T;True;3
1621238494000;11575528;154.025;154.045;154.035;4;T;True;3
1621238495000;11575529;154.025;154.045;154.035;0;T;True;3
1621238496000;11575533;154.021;154.041;154.031;3;T;True;3
1621238497000;11575534;154.021;154.041;154.031;0;T;True;3
1621238498000;11575535;154.021;154.041;154.031;0;T;True;3
1621238499000;11575538;154.019;154.039;154.029;2;T;True;3
1621238500000;11575542;154.019;154.039;154.029;3;T;True;3
1621238501000;11575543;154.019;154.039;154.029;0;T;True;3
1621238502000;11575544;154.019;154.039;154.029;0;T;True;3
1621238503000;11575546;154.021;154.041;154.031;1;T;True;3
1621238504000;11575548;154.022;154.042;154.032;1;T;True;3
1621238505000;11575549;154.022;154.042;154.032;0;T;True;3
1621238506000;11575550;154.022;154.042;154.032;0;T;True;3
1621238507000;11575551;154.022;154.042;154.032;0;T;True;3
1621238508000;11575553;154.021;154.041;154.031;1;T;True;3
1621238509000;11575557;154.017;154.037;154.027;3;T;True;3
1621238510000;11575560;154.019;154.039;154.029;2;T;True;3
1621238511000;11575561;154.019;154.039;154.029;0;T;True;3
1621238512000;11575562;154.019;154.039;154.029;0;T;True;3
1621238513000;11575563;154.019;154.039;154.029;0;T;True;3
1621238514000;11575564;154.019;154.039;154.029;0;T;True;3
1621238515000;11575567;154.025;154.045;154.035;2;T;True;3
1621238516000;11575569;154.023;154.043;154.033;1;T;True;3
1621238517000;11575571;154.022;154.042;154.032;1;T;True;3
1621238518000;11575572;154.022;154.042;154.032;0;T;True;3
1621238519000;11575575;154.02;154.04;154.03;2;T;True;3
1621238520000;11575577;154.019;154.039;154.029;1;T;True;3
1621238521000;11575578;154.019;154.039;154.029;0;T;True;3
1621238522000;11575586;154.011;154.031;154.021;7;T;True;3
1621238523000;11575589;154.007;154.027;154.017;2;T;True;3
1621238524000;11575591;154.009;154.029;154.019;1;T;True;3
1621238525000;11575594;154.011;154.031;154.021;2;T;True;3
1621238526000;11575595;154.011;154.031;154.021;0;T;True;3
1621238527000;11575598;154.005;154.025;154.015;2;T;True;3
1621238528000;11575599;154.005;154.025;154.015;0;T;True;3
1621238529000;11575600;154.005;154.025;154.015;0;T;True;3
1621238530000;11575601;154.005;154.025;154.015;0;T;True;3
1621238531000;11575602;154.005;154.025;154.015;0;T;True;3
1621238532000;11575607;154.007;154.027;154.017;4;T;True;3
1621238533000;11575608;154.007;154.027;154.017;0;T;True;3
1621238534000;11575609;154.007;154.027;154.017;0;T;True;3
1621238535000;11575612;154.005;154.025;154.015;2;T;True;3
1621238536000;11575613;154.005;154.025;154.015;0;T;True;3
1621238537000;11575615;154.003;154.023;154.013;1;T;True;3
1621238538000;11575616;154.003;154.023;154.013;0;T;True;3
1621238539000;11575617;154.003;154.023;154.013;0;T;True;3
1621238540000;11575618;154.003;154.023;154.013;0;T;True;3
1621238541000;11575619;154.003;154.023;154.013;0;T;True;3
1621238542000;11575622;154.007;154.027;154.017;2;T;True;3
1621238543000;11575626;153.997;154.017;154.007;3;T;True;3
1621238544000;11575630;154.001;154.021;154.011;3;T;True;3
1621238545000;11575631;154.001;154.021;154.011;0;T;True;3
1621238546000;11575632;154.001;154.021;154.011;0;T;True;3
1621238547000;11575633;154.001;154.021;154.011;0;T;True;3
1621238548000;11575634;154.001;154.021;154.011;0;T;True;3
1621238549000;11575635;154.001;154.021;154.011;0;T;True;3
1621238550000;11575640;154.006;154.026;154.016;4;T;True;3
1621238551000;11575642;154.005;154.025;154.015;1;T;True;3
1621238552000;11575643;154.005;154.025;154.015;0;T;True;3
1621238553000;11575647;154.017;154.037;154.027;3;T;True;3
1621238554000;11575649;154.015;154.035;154.025;1;T;True;3
1621238555000;11575651;154.016;154.036;154.026;1;T;True;3
1621238556000;11575655;154.013;154.033;154.023;3;T;True;3
1621238557000;11575656;154.013;154.033;154.023;0;T;True;3
1621238558000;11575657;154.013;154.033;154.023;0;T;True;3
1621238559000;11575658;154.013;154.033;154.023;0;T;True;3
1621238560000;11575659;154.013;154.033;154.023;0;T;True;3
1621238561000;11575660;154.013;154.033;154.023;0;T;True;3
1621238562000;11575662;154.014;154.034;154.024;1;T;True;3
1621238563000;11575663;154.014;154.034;154.024;0;T;True;3
1621238564000;11575664;154.014;154.034;154.024;0;T;True;3
1621238565000;11575665;154.014;154.034;154.024;0;T;True;3
1621238566000;11575666;154.014;154.034;154.024;0;T;True;3
1621238567000;11575669;154.011;154.031;154.021;2;T;True;3
1621238568000;11575670;154.011;154.031;154.021;0;T;True;3
1621238569000;11575671;154.011;154.031;154.021;0;T;True;3
1621238570000;11575672;154.011;154.031;154.021;0;T;True;3
1621238571000;11575679;153.996;154.016;154.006;6;T;True;3
1621238572000;11575682;154.003;154.023;154.013;2;T;True;3
1621238573000;11575683;154.003;154.023;154.013;0;T;True;3
1621238574000;11575684;154.003;154.023;154.013;0;T;True;3
1621238575000;11575686;154.001;154.021;154.011;1;T;True;3
1621238576000;11575690;153.991;154.011;154.001;3;T;True;3
1621238577000;11575691;153.991;154.011;154.001;0;T;True;3
1621238578000;11575695;153.988;154.008;153.998;3;T;True;3
1621238579000;11575696;153.988;154.008;153.998;0;T;True;3
1621238580000;11575699;153.991;154.011;154.001;2;T;True;3
1621238581000;11575700;153.991;154.011;154.001;0;T;True;3
1621238582000;11575702;153.992;154.012;154.002;1;T;True;3
1621238583000;11575706;153.992;154.012;154.002;3;T;True;3
1621238584000;11575709;153.992;154.012;154.002;2;T;True;3
1621238585000;11575710;153.992;154.012;154.002;0;T;True;3
1621238586000;11575717;154.006;154.026;154.016;6;T;True;3
1621238587000;11575720;154.009;154.029;154.019;2;T;True;3
1621238588000;11575721;154.009;154.029;154.019;0;T;True;3
1621238589000;11575722;154.009;154.029;154.019;0;T;True;3
1621238590000;11575723;154.009;154.029;154.019;0;T;True;3
1621238591000;11575724;154.009;154.029;154.019;0;T;True;3
1621238592000;11575728;154.011;154.031;154.021;3;T;True;3
1621238593000;11575729;154.011;154.031;154.021;0;T;True;3
1621238594000;11575730;154.011;154.031;154.021;0;T;True;3
1621238595000;11575732;154.009;154.029;154.019;1;T;True;3
1621238596000;11575737;154.003;154.023;154.013;4;T;True;3
1621238597000;11575738;154.003;154.023;154.013;0;T;True;3
1621238598000;11575740;154.004;154.024;154.014;1;T;True;3
1621238599000;11575742;154.003;154.023;154.013;1;T;True;3
1621238600000;11575745;153.999;154.019;154.009;2;T;True;3
1621238601000;11575750;153.997;154.017;154.007;4;T;True;3
1621238602000;11575754;154.001;154.021;154.011;3;T;True;3
1621238603000;11575755;154.001;154.021;154.011;0;T;True;3
1621238604000;11575756;154.001;154.021;154.011;0;T;True;3
1621238605000;11575760;153.993;154.013;154.003;3;T;True;3
1621238606000;11575763;153.994;154.014;154.004;2;T;True;3
1621238607000;11575766;153.991;154.011;154.001;2;T;True;3
1621238608000;11575767;153.991;154.011;154.001;0;T;True;3
1621238609000;11575770;153.996;154.016;154.006;2;T;True;3
1621238610000;11575772;153.997;154.017;154.007;1;T;True;3
1621238611000;11575777;153.99;154.01;154.0;4;T;True;3
1621238612000;11575778;153.99;154.01;154.0;0;T;True;3
1621238613000;11575779;153.99;154.01;154.0;0;T;True;3
1621238614000;11575784;153.998;154.018;154.008;4;T;True;3
1621238615000;11575788;154.003;154.023;154.013;3;T;True;3
1621238616000;11575789;154.003;154.023;154.013;0;T;True;3
1621238617000;11575790;154.003;154.023;154.013;0;T;True;3
1621238618000;11575792;154.005;154.025;154.015;1;T;True;3
1621238619000;11575793;154.005;154.025;154.015;0;T;True;3
1621238620000;11575794;154.005;154.025;154.015;0;T;True;3
1621238621000;11575796;154.006;154.026;154.016;1;T;True;3
1621238622000;11575798;154.005;154.025;154.015;1;T;True;3
1621238623000;11575799;154.005;154.025;154.015;0;T;True;3
1621238624000;11575800;154.005;154.025;154.015;0;T;True;3
1621238625000;11575801;154.005;154.025;154.015;0;T;True;3
1621238626000;11575802;154.005;154.025;154.015;0;T;True;3
1621238627000;11575803;154.005;154.025;154.015;0;T;True;3
1621238628000;11575804;154.005;154.025;154.015;0;T;True;3
1621238629000;11575805;154.005;154.025;154.015;0;T;True;3
1621238630000;11575806;154.005;154.025;154.015;0;T;True;3
1621238631000;11575807;154.005;154.025;154.015;0;T;True;3
1621238632000;11575810;153.993;154.013;154.003;2;T;True;3
1621238633000;11575811;153.993;154.013;154.003;0;T;True;3
1621238634000;11575812;153.993;154.013;154.003;0;T;True;3
1621238635000;11575813;153.993;154.013;154.003;0;T;True;3
1621238636000;11575814;153.993;154.013;154.003;0;T;True;3
1621238637000;11575815;153.993;154.013;154.003;0;T;True;3
1621238638000;11575820;153.994;154.014;154.004;4;T;True;3
1621238639000;11575823;153.991;154.011;154.001;2;T;True;3
1621238640000;11575824;153.991;154.011;154.001;0;T;True;3
1621238641000;11575828;153.989;154.009;153.999;3;T;True;3
1621238642000;11575829;153.989;154.009;153.999;0;T;True;3
1621238643000;11575830;153.989;154.009;153.999;0;T;True;3
1621238644000;11575832;153.991;154.011;154.001;1;T;True;3
1621238645000;11575833;153.991;154.011;154.001;0;T;True;3
1621238646000;11575835;153.989;154.009;153.999;1;T;True;3
1621238647000;11575839;153.99;154.01;154.0;3;T;True;3
1621238648000;11575842;153.984;154.004;153.994;2;T;True;3
1621238649000;11575844;153.983;154.003;153.993;1;T;True;3
1621238650000;11575846;153.981;154.001;153.991;1;T;True;3
1621238651000;11575848;153.979;153.999;153.989;1;T;True;3
1621238652000;11575850;153.983;154.003;153.993;1;T;True;3
1621238653000;11575851;153.983;154.003;153.993;0;T;True;3
1621238654000;11575854;153.986;154.006;153.996;2;T;True;3
1621238655000;11575855;153.986;154.006;153.996;0;T;True;3
1621238656000;11575856;153.986;154.006;153.996;0;T;True;3
1621238657000;11575857;153.986;154.006;153.996;0;T;True;3
1621238658000;11575858;153.986;154.006;153.996;0;T;True;3
1621238659000;11575859;153.986;154.006;153.996;0;T;True;3
1621238660000;11575862;153.991;154.011;154.001;2;T;True;3
1621238661000;11575863;153.991;154.011;154.001;0;T;True;3
1621238662000;11575864;153.991;154.011;154.001;0;T;True;3
1621238663000;11575865;153.991;154.011;154.001;0;T;True;3
1621238664000;11575866;153.991;154.011;154.001;0;T;True;3
1621238665000;11575869;153.987;154.007;153.997;2;T;True;3
1621238666000;11575873;153.986;154.006;153.996;3;T;True;3
1621238667000;11575874;153.986;154.006;153.996;0;T;True;3
1621238668000;11575876;153.987;154.007;153.997;1;T;True;3
1621238669000;11575881;153.986;154.006;153.996;4;T;True;3
1621238670000;11575884;153.982;154.002;153.992;2;T;True;3
1621238671000;11575885;153.982;154.002;153.992;0;T;True;3
1621238672000;11575886;153.982;154.002;153.992;0;T;True;3
1621238673000;11575887;153.982;154.002;153.992;0;T;True;3
1621238674000;11575889;153.981;154.001;153.991;1;T;True;3
1621238675000;11575891;153.979;153.999;153.989;1;T;True;3
1621238676000;11575892;153.979;153.999;153.989;0;T;True;3
1621238677000;11575893;153.979;153.999;153.989;0;T;True;3
1621238678000;11575894;153.979;153.999;153.989;0;T;True;3
1621238679000;11575895;153.979;153.999;153.989;0;T;True;3
1621238680000;11575896;153.979;153.999;153.989;0;T;True;3
1621238681000;11575897;153.979;153.999;153.989;0;T;True;3
1621238682000;11575899;153.98;154.0;153.99;1;T;True;3
1621238683000;11575900;153.98;154.0;153.99;0;T;True;3
1621238684000;11575901;153.98;154.0;153.99;0;T;True;3
1621238685000;11575902;153.98;154.0;153.99;0;T;True;3
1621238686000;11575905;153.984;154.004;153.994;2;T;True;3
1621238687000;11575907;153.983;154.003;153.993;1;T;True;3
1621238688000;11575909;153.984;154.004;153.994;1;T;True;3
1621238689000;11575914;153.973;153.993;153.983;4;T;True;3
1621238690000;11575919;153.963;153.983;153.973;4;T;True;3
1621238691000;11575921;153.964;153.984;153.974;1;T;True;3
1621238692000;11575923;153.966;153.986;153.976;1;T;True;3
1621238693000;11575924;153.966;153.986;153.976;0;T;True;3
1621238694000;11575925;153.966;153.986;153.976;0;T;True;3
1621238695000;11575927;153.965;153.985;153.975;1;T;True;3
1621238696000;11575928;153.965;153.985;153.975;0;T;True;3
1621238697000;11575929;153.965;153.985;153.975;0;T;True;3
1621238698000;11575930;153.965;153.985;153.975;0;T;True;3
1621238699000;11575931;153.965;153.985;153.975;0;T;True;3
1621238700000;11575935;153.966;153.986;153.976;3;T;True;3
1621238701000;11575941;153.976;153.996;153.986;5;T;True;3
1621238702000;11575945;153.973;153.993;153.983;3;T;True;3
1621238703000;11575947;153.974;153.994;153.984;1;T;True;3
1621238704000;11575950;153.974;153.994;153.984;2;T;True;3
1621238705000;11575951;153.974;153.994;153.984;0;T;True;3
1621238706000;11575952;153.974;153.994;153.984;0;T;True;3
1621238707000;11575953;153.974;153.994;153.984;0;T;True;3
1621238708000;11575954;153.974;153.994;153.984;0;T;True;3
1621238709000;11575955;153.974;153.994;153.984;0;T;True;3
1621238710000;11575958;153.976;153.996;153.986;2;T;True;3
1621238711000;11575960;153.975;153.995;153.985;1;T;True;3
1621238712000;11575961;153.975;153.995;153.985;0;T;True;3
1621238713000;11575962;153.975;153.995;153.985;0;T;True;3
1621238714000;11575963;153.975;153.995;153.985;0;T;True;3
1621238715000;11575964;153.975;153.995;153.985;0;T;True;3
1621238716000;11575967;153.987;154.007;153.997;2;T;True;3
1621238717000;11575971;153.999;154.019;154.009;3;T;True;3
1621238718000;11575972;153.999;154.019;154.009;0;T;True;3
1621238719000;11575973;153.999;154.019;154.009;0;T;True;3
1621238720000;11575975;154.0;154.02;154.01;1;T;True;3
1621238721000;11575976;154.0;154.02;154.01;0;T;True;3
1621238722000;11575978;154.002;154.022;154.012;1;T;True;3
1621238723000;11575979;154.002;154.022;154.012;0;T;True;3
1621238724000;11575980;154.002;154.022;154.012;0;T;True;3
1621238725000;11575981;154.002;154.022;154.012;0;T;True;3
1621238726000;11575982;154.002;154.022;154.012;0;T;True;3
1621238727000;11575986;153.998;154.018;154.008;3;T;True;3
1621238728000;11575988;153.997;154.017;154.007;1;T;True;3
1621238729000;11575989;153.997;154.017;154.007;0;T;True;3
1621238730000;11575990;153.997;154.017;154.007;0;T;True;3
1621238731000;11575991;153.997;154.017;154.007;0;T;True;3
1621238732000;11575992;153.997;154.017;154.007;0;T;True;3
1621238733000;11575994;153.995;154.015;154.005;1;T;True;3
1621238734000;11575995;153.995;154.015;154.005;0;T;True;3
1621238735000;11575997;153.993;154.013;154.003;1;T;True;3
1621238736000;11575998;153.993;154.013;154.003;0;T;True;3
1621238737000;11575999;153.993;154.013;154.003;0;T;True;3
1621238738000;11576000;153.993;154.013;154.003;0;T;True;3
1621238739000;11576001;153.993;154.013;154.003;0;T;True;3
1621238740000;11576005;153.993;154.013;154.003;3;T;True;3
1621238741000;11576008;153.997;154.017;154.007;2;T;True;3
1621238742000;11576009;153.997;154.017;154.007;0;T;True;3
1621238743000;11576010;153.997;154.017;154.007;0;T;True;3
1621238744000;11576011;153.997;154.017;154.007;0;T;True;3
1621238745000;11576012;153.997;154.017;154.007;0;T;True;3
1621238746000;11576015;154.003;154.023;154.013;2;T;True;3
1621238747000;11576016;154.003;154.023;154.013;0;T;True;3
1621238748000;11576017;154.003;154.023;154.013;0;T;True;3
1621238749000;11576019;154.002;154.022;154.012;1;T;True;3
1621238750000;11576022;153.997;154.017;154.007;2;T;True;3
1621238751000;11576023;153.997;154.017;154.007;0;T;True;3
1621238752000;11576027;153.992;154.012;154.002;3;T;True;3
1621238753000;11576029;153.991;154.011;154.001;1;T;True;3
1621238754000;11576030;153.991;154.011;154.001;0;T;True;3
1621238755000;11576032;153.993;154.013;154.003;1;T;True;3
1621238756000;11576033;153.993;154.013;154.003;0;T;True;3
1621238757000;11576034;153.993;154.013;154.003;0;T;True;3
1621238758000;11576035;153.993;154.013;154.003;0;T;True;3
1621238759000;11576036;153.993;154.013;154.003;0;T;True;3
1621238760000;11576037;153.993;154.013;154.003;0;T;True;3
1621238761000;11576038;153.993;154.013;154.003;0;T;True;3
1621238762000;11576040;153.994;154.014;154.004;1;T;True;3
1621238763000;11576042;153.993;154.013;154.003;1;T;True;3
1621238764000;11576043;153.993;154.013;154.003;0;T;True;3
1621238765000;11576044;153.993;154.013;154.003;0;T;True;3
1621238766000;11576046;153.99;154.01;154.0;1;T;True;3
1621238767000;11576047;153.99;154.01;154.0;0;T;True;3
1621238768000;11576049;153.989;154.009;153.999;1;T;True;3
1621238769000;11576053;153.987;154.007;153.997;3;T;True;3
1621238770000;11576055;153.981;154.001;153.991;1;T;True;3
1621238771000;11576056;153.981;154.001;153.991;0;T;True;3
1621238772000;11576058;153.983;154.003;153.993;1;T;True;3
1621238773000;11576059;153.983;154.003;153.993;0;T;True;3
1621238774000;11576062;153.979;153.999;153.989;2;T;True;3
1621238775000;11576063;153.979;153.999;153.989;0;T;True;3
1621238776000;11576064;153.979;153.999;153.989;0;T;True;3
1621238777000;11576066;153.98;154.0;153.99;1;T;True;3
1621238778000;11576069;153.976;153.996;153.986;2;T;True;3
1621238779000;11576070;153.976;153.996;153.986;0;T;True;3
1621238780000;11576072;153.974;153.994;153.984;1;T;True;3
1621238781000;11576073;153.974;153.994;153.984;0;T;True;3
1621238782000;11576074;153.974;153.994;153.984;0;T;True;3
1621238783000;11576075;153.974;153.994;153.984;0;T;True;3
1621238784000;11576076;153.974;153.994;153.984;0;T;True;3
1621238785000;11576077;153.974;153.994;153.984;0;T;True;3
1621238786000;11576078;153.974;153.994;153.984;0;T;True;3
1621238787000;11576079;153.974;153.994;153.984;0;T;True;3
1621238788000;11576080;153.974;153.994;153.984;0;T;True;3
1621238789000;11576081;153.974;153.994;153.984;0;T;True;3
1621238790000;11576082;153.974;153.994;153.984;0;T;True;3
1621238791000;11576085;153.972;153.992;153.982;2;T;True;3
1621238792000;11576086;153.972;153.992;153.982;0;T;True;3
1621238793000;11576088;153.973;153.993;153.983;1;T;True;3
1621238794000;11576091;153.978;153.998;153.988;2;T;True;3
1621238795000;11576093;153.979;153.999;153.989;1;T;True;3
1621238796000;11576094;153.979;153.999;153.989;0;T;True;3
1621238797000;11576095;153.979;153.999;153.989;0;T;True;3
1621238798000;11576096;153.979;153.999;153.989;0;T;True;3
1621238799000;11576098;153.977;153.997;153.987;1;T;True;3
1621238800000;11576100;153.979;153.999;153.989;1;T;True;3
1621238801000;11576101;153.979;153.999;153.989;0;T;True;3
1621238802000;11576102;153.979;153.999;153.989;0;T;True;3
1621238803000;11576105;153.979;153.999;153.989;2;T;True;3
1621238804000;11576107;153.978;153.998;153.988;1;T;True;3
1621238805000;11576108;153.978;153.998;153.988;0;T;True;3
1621238806000;11576110;153.979;153.999;153.989;1;T;True;3
1621238807000;11576111;153.979;153.999;153.989;0;T;True;3
1621238808000;11576112;153.979;153.999;153.989;0;T;True;3
1621238809000;11576113;153.979;153.999;153.989;0;T;True;3
1621238810000;11576114;153.979;153.999;153.989;0;T;True;3
1621238811000;11576116;153.977;153.997;153.987;1;T;True;3
1621238812000;11576118;153.975;153.995;153.985;1;T;True;3
1621238813000;11576120;153.974;153.994;153.984;1;T;True;3
1621238814000;11576121;153.974;153.994;153.984;0;T;True;3
1621238815000;11576122;153.974;153.994;153.984;0;T;True;3
1621238816000;11576124;153.973;153.993;153.983;1;T;True;3
1621238817000;11576125;153.973;153.993;153.983;0;T;True;3
1621238818000;11576128;153.965;153.985;153.975;2;T;True;3
1621238819000;11576130;153.963;153.983;153.973;1;T;True;3
1621238820000;11576133;153.966;153.986;153.976;2;T;True;3
1621238821000;11576134;153.966;153.986;153.976;0;T;True;3
1621238822000;11576136;153.965;153.985;153.975;1;T;True;3
1621238823000;11576137;153.965;153.985;153.975;0;T;True;3
1621238824000;11576140;153.965;153.985;153.975;2;T;True;3
1621238825000;11576142;153.962;153.982;153.972;1;T;True;3
1621238826000;11576143;153.962;153.982;153.972;0;T;True;3
1621238827000;11576144;153.962;153.982;153.972;0;T;True;3
1621238828000;11576145;153.962;153.982;153.972;0;T;True;3
1621238829000;11576146;153.962;153.982;153.972;0;T;True;3
1621238830000;11576148;153.963;153.983;153.973;1;T;True;3
1621238831000;11576149;153.963;153.983;153.973;0;T;True;3
1621238832000;11576150;153.963;153.983;153.973;0;T;True;3
1621238833000;11576152;153.967;153.987;153.977;1;T;True;3
1621238834000;11576153;153.967;153.987;153.977;0;T;True;3
1621238835000;11576154;153.967;153.987;153.977;0;T;True;3
1621238836000;11576155;153.967;153.987;153.977;0;T;True;3
1621238837000;11576156;153.967;153.987;153.977;0;T;True;3
1621238838000;11576157;153.967;153.987;153.977;0;T;True;3
1621238839000;11576158;153.967;153.987;153.977;0;T;True;3
1621238840000;11576159;153.967;153.987;153.977;0;T;True;3
1621238841000;11576160;153.967;153.987;153.977;0;T;True;3
1621238842000;11576163;153.971;153.991;153.981;2;T;True;3
1621238843000;11576166;153.973;153.993;153.983;2;T;True;3
1621238844000;11576167;153.973;153.993;153.983;0;T;True;3
1621238845000;11576168;153.973;153.993;153.983;0;T;True;3
1621238846000;11576169;153.973;153.993;153.983;0;T;True;3
1621238847000;11576170;153.973;153.993;153.983;0;T;True;3
1621238848000;11576171;153.973;153.993;153.983;0;T;True;3
1621238849000;11576172;153.973;153.993;153.983;0;T;True;3
1621238850000;11576173;153.973;153.993;153.983;0;T;True;3
1621238851000;11576174;153.973;153.993;153.983;0;T;True;3
1621238852000;11576182;153.969;153.989;153.979;7;T;True;3
1621238853000;11576183;153.969;153.989;153.979;0;T;True;3
1621238854000;11576186;153.965;153.985;153.975;2;T;True;3
1621238855000;11576188;153.967;153.987;153.977;1;T;True;3
1621238856000;11576191;153.969;153.989;153.979;2;T;True;3
1621238857000;11576192;153.969;153.989;153.979;0;T;True;3
1621238858000;11576193;153.969;153.989;153.979;0;T;True;3
1621238859000;11576194;153.969;153.989;153.979;0;T;True;3
1621238860000;11576198;153.977;153.997;153.987;3;T;True;3
1621238861000;11576199;153.977;153.997;153.987;0;T;True;3
1621238862000;11576200;153.977;153.997;153.987;0;T;True;3
1621238863000;11576201;153.977;153.997;153.987;0;T;True;3
1621238864000;11576205;153.979;153.999;153.989;3;T;True;3
1621238865000;11576209;153.98;154.0;153.99;3;T;True;3
1621238866000;11576210;153.98;154.0;153.99;0;T;True;3
1621238867000;11576211;153.98;154.0;153.99;0;T;True;3
1621238868000;11576212;153.98;154.0;153.99;0;T;True;3
1621238869000;11576213;153.98;154.0;153.99;0;T;True;3
1621238870000;11576218;153.989;154.009;153.999;4;T;True;3
1621238871000;11576219;153.989;154.009;153.999;0;T;True;3
1621238872000;11576225;153.991;154.011;154.001;5;T;True;3
1621238873000;11576227;153.992;154.012;154.002;1;T;True;3
1621238874000;11576228;153.992;154.012;154.002;0;T;True;3
1621238875000;11576232;153.985;154.005;153.995;3;T;True;3
1621238876000;11576233;153.985;154.005;153.995;0;T;True;3
1621238877000;11576234;153.985;154.005;153.995;0;T;True;3
1621238878000;11576240;153.993;154.013;154.003;5;T;True;3
1621238879000;11576242;153.992;154.012;154.002;1;T;True;3
1621238880000;11576243;153.992;154.012;154.002;0;T;True;3
1621238881000;11576244;153.992;154.012;154.002;0;T;True;3
1621238882000;11576246;153.989;154.009;153.999;1;T;True;3
1621238883000;11576249;153.993;154.013;154.003;2;T;True;3
1621238884000;11576254;154.003;154.023;154.013;4;T;True;3
1621238885000;11576257;154.001;154.021;154.011;2;T;True;3
1621238886000;11576260;154.002;154.022;154.012;2;T;True;3
1621238887000;11576262;153.999;154.019;154.009;1;T;True;3
1621238888000;11576263;153.999;154.019;154.009;0;T;True;3
1621238889000;11576264;153.999;154.019;154.009;0;T;True;3
1621238890000;11576265;153.999;154.019;154.009;0;T;True;3
1621238891000;11576266;153.999;154.019;154.009;0;T;True;3
1621238892000;11576267;153.999;154.019;154.009;0;T;True;3
1621238893000;11576270;153.997;154.017;154.007;2;T;True;3
1621238894000;11576271;153.997;154.017;154.007;0;T;True;3
1621238895000;11576272;153.997;154.017;154.007;0;T;True;3
1621238896000;11576274;153.999;154.019;154.009;1;T;True;3
1621238897000;11576275;153.999;154.019;154.009;0;T;True;3
1621238898000;11576276;153.999;154.019;154.009;0;T;True;3
1621238899000;11576277;153.999;154.019;154.009;0;T;True;3
1621238900000;11576278;153.999;154.019;154.009;0;T;True;3
1621238901000;11576279;153.999;154.019;154.009;0;T;True;3
1621238902000;11576280;153.999;154.019;154.009;0;T;True;3
1621238903000;11576281;153.999;154.019;154.009;0;T;True;3
1621238904000;11576283;153.997;154.017;154.007;1;T;True;3
1621238905000;11576286;153.994;154.014;154.004;2;T;True;3
1621238906000;11576290;153.999;154.019;154.009;3;T;True;3
1621238907000;11576292;153.998;154.018;154.008;1;T;True;3
1621238908000;11576293;153.998;154.018;154.008;0;T;True;3
1621238909000;11576294;153.998;154.018;154.008;0;T;True;3
1621238910000;11576295;153.998;154.018;154.008;0;T;True;3
1621238911000;11576298;153.997;154.017;154.007;2;T;True;3
1621238912000;11576299;153.997;154.017;154.007;0;T;True;3
1621238913000;11576301;153.995;154.015;154.005;1;T;True;3
1621238914000;11576302;153.995;154.015;154.005;0;T;True;3
1621238915000;11576303;153.995;154.015;154.005;0;T;True;3
1621238916000;11576304;153.995;154.015;154.005;0;T;True;3
1621238917000;11576305;153.995;154.015;154.005;0;T;True;3
1621238918000;11576306;153.995;154.015;154.005;0;T;True;3
1621238919000;11576307;153.995;154.015;154.005;0;T;True;3
1621238920000;11576309;153.993;154.013;154.003;1;T;True;3
1621238921000;11576311;153.987;154.007;153.997;1;T;True;3
1621238922000;11576312;153.987;154.007;153.997;0;T;True;3
1621238923000;11576313;153.987;154.007;153.997;0;T;True;3
1621238924000;11576316;153.992;154.012;154.002;2;T;True;3
1621238925000;11576317;153.992;154.012;154.002;0;T;True;3
1621238926000;11576318;153.992;154.012;154.002;0;T;True;3
1621238927000;11576319;153.992;154.012;154.002;0;T;True;3
1621238928000;11576320;153.992;154.012;154.002;0;T;True;3
1621238929000;11576323;153.987;154.007;153.997;2;T;True;3
1621238930000;11576325;153.986;154.006;153.996;1;T;True;3
1621238931000;11576326;153.986;154.006;153.996;0;T;True;3
1621238932000;11576331;153.979;153.999;153.989;4;T;True;3
1621238933000;11576332;153.979;153.999;153.989;0;T;True;3
1621238934000;11576333;153.979;153.999;153.989;0;T;True;3
1621238935000;11576334;153.979;153.999;153.989;0;T;True;3
1621238936000;11576335;153.979;153.999;153.989;0;T;True;3
1621238937000;11576336;153.979;153.999;153.989;0;T;True;3
1621238938000;11576337;153.979;153.999;153.989;0;T;True;3
1621238939000;11576339;153.981;154.001;153.991;1;T;True;3
1621238940000;11576340;153.981;154.001;153.991;0;T;True;3
1621238941000;11576341;153.981;154.001;153.991;0;T;True;3
1621238942000;11576342;153.981;154.001;153.991;0;T;True;3
1621238943000;11576343;153.981;154.001;153.991;0;T;True;3
1621238944000;11576344;153.981;154.001;153.991;0;T;True;3
1621238945000;11576345;153.981;154.001;153.991;0;T;True;3
1621238946000;11576346;153.981;154.001;153.991;0;T;True;3
1621238947000;11576347;153.981;154.001;153.991;0;T;True;3
1621238948000;11576348;153.981;154.001;153.991;0;T;True;3
1621238949000;11576350;153.983;154.003;153.993;1;T;True;3
1621238950000;11576353;153.985;154.005;153.995;2;T;True;3
1621238951000;11576354;153.985;154.005;153.995;0;T;True;3
1621238952000;11576355;153.985;154.005;153.995;0;T;True;3
1621238953000;11576359;153.982;154.002;153.992;3;T;True;3
1621238954000;11576360;153.982;154.002;153.992;0;T;True;3
1621238955000;11576362;153.981;154.001;153.991;1;T;True;3
1621238956000;11576365;153.967;153.987;153.977;2;T;True;3
1621238957000;11576366;153.967;153.987;153.977;0;T;True;3
1621238958000;11576370;153.97;153.99;153.98;3;T;True;3
1621238959000;11576372;153.971;153.991;153.981;1;T;True;3
1621238960000;11576373;153.971;153.991;153.981;0;T;True;3
1621238961000;11576375;153.97;153.99;153.98;1;T;True;3
1621238962000;11576377;153.969;153.989;153.979;1;T;True;3
1621238963000;11576378;153.969;153.989;153.979;0;T;True;3
1621238964000;11576380;153.971;153.991;153.981;1;T;True;3
1621238965000;11576381;153.971;153.991;153.981;0;T;True;3
1621238966000;11576382;153.971;153.991;153.981;0;T;True;3
1621238967000;11576383;153.971;153.991;153.981;0;T;True;3
1621238968000;11576384;153.971;153.991;153.981;0;T;True;3
1621238969000;11576385;153.971;153.991;153.981;0;T;True;3
1621238970000;11576387;153.973;153.993;153.983;1;T;True;3
1621238971000;11576388;153.973;153.993;153.983;0;T;True;3
1621238972000;11576389;153.973;153.993;153.983;0;T;True;3
1621238973000;11576390;153.973;153.993;153.983;0;T;True;3
1621238974000;11576391;153.973;153.993;153.983;0;T;True;3
1621238975000;11576392;153.973;153.993;153.983;0;T;True;3
1621238976000;11576393;153.973;153.993;153.983;0;T;True;3
1621238977000;11576394;153.973;153.993;153.983;0;T;True;3
1621238978000;11576397;153.972;153.992;153.982;2;T;True;3
1621238979000;11576398;153.972;153.992;153.982;0;T;True;3
1621238980000;11576399;153.972;153.992;153.982;0;T;True;3
1621238981000;11576400;153.972;153.992;153.982;0;T;True;3
1621238982000;11576403;153.969;153.989;153.979;2;T;True;3
1621238983000;11576404;153.969;153.989;153.979;0;T;True;3
1621238984000;11576407;153.973;153.993;153.983;2;T;True;3
1621238985000;11576409;153.972;153.992;153.982;1;T;True;3
1621238986000;11576411;153.971;153.991;153.981;1;T;True;3
1621238987000;11576412;153.971;153.991;153.981;0;T;True;3
1621238988000;11576413;153.971;153.991;153.981;0;T;True;3
1621238989000;11576414;153.971;153.991;153.981;0;T;True;3
1621238990000;11576415;153.971;153.991;153.981;0;T;True;3
1621238991000;11576416;153.971;153.991;153.981;0;T;True;3
1621238992000;11576417;153.971;153.991;153.981;0;T;True;3
1621238993000;11576418;153.971;153.991;153.981;0;T;True;3
1621238994000;11576419;153.971;153.991;153.981;0;T;True;3
1621238995000;11576422;153.967;153.987;153.977;2;T;True;3
1621238996000;11576423;153.967;153.987;153.977;0;T;True;3
1621238997000;11576424;153.967;153.987;153.977;0;T;True;3
1621238998000;11576425;153.967;153.987;153.977;0;T;True;3
1621238999000;11576426;153.967;153.987;153.977;0;T;True;3
1621239000000;11576427;153.967;153.987;153.977;0;T;True;3
1621239001000;11576429;153.969;153.989;153.979;1;T;True;3
1621239002000;11576432;153.963;153.983;153.973;2;T;True;3
1621239003000;11576435;153.967;153.987;153.977;2;T;True;3
1621239004000;11576436;153.967;153.987;153.977;0;T;True;3
1621239005000;11576437;153.967;153.987;153.977;0;T;True;3
1621239006000;11576438;153.967;153.987;153.977;0;T;True;3
1621239007000;11576439;153.967;153.987;153.977;0;T;True;3
1621239008000;11576440;153.967;153.987;153.977;0;T;True;3
1621239009000;11576441;153.967;153.987;153.977;0;T;True;3
1621239010000;11576442;153.967;153.987;153.977;0;T;True;3
1621239011000;11576448;153.967;153.987;153.977;5;T;True;3
1621239012000;11576451;153.969;153.989;153.979;2;T;True;3
1621239013000;11576452;153.969;153.989;153.979;0;T;True;3
1621239014000;11576455;153.969;153.989;153.979;2;T;True;3
1621239015000;11576456;153.969;153.989;153.979;0;T;True;3
1621239016000;11576457;153.969;153.989;153.979;0;T;True;3
1621239017000;11576458;153.969;153.989;153.979;0;T;True;3
1621239018000;11576460;153.972;153.992;153.982;1;T;True;3
1621239019000;11576461;153.972;153.992;153.982;0;T;True;3
1621239020000;11576464;153.973;153.993;153.983;2;T;True;3
1621239021000;11576465;153.973;153.993;153.983;0;T;True;3
1621239022000;11576467;153.974;153.994;153.984;1;T;True;3
1621239023000;11576468;153.974;153.994;153.984;0;T;True;3
1621239024000;11576469;153.974;153.994;153.984;0;T;True;3
1621239025000;11576471;153.975;153.995;153.985;1;T;True;3
1621239026000;11576472;153.975;153.995;153.985;0;T;True;3
1621239027000;11576474;153.976;153.996;153.986;1;T;True;3
1621239028000;11576475;153.976;153.996;153.986;0;T;True;3
1621239029000;11576477;153.975;153.995;153.985;1;T;True;3
1621239030000;11576478;153.975;153.995;153.985;0;T;True;3
1621239031000;11576480;153.974;153.994;153.984;1;T;True;3
1621239032000;11576481;153.974;153.994;153.984;0;T;True;3
1621239033000;11576482;153.974;153.994;153.984;0;T;True;3
1621239034000;11576483;153.974;153.994;153.984;0;T;True;3
1621239035000;11576485;153.973;153.993;153.983;1;T;True;3
1621239036000;11576486;153.973;153.993;153.983;0;T;True;3
1621239037000;11576487;153.973;153.993;153.983;0;T;True;3
1621239038000;11576488;153.973;153.993;153.983;0;T;True;3
1621239039000;11576491;153.973;153.993;153.983;2;T;True;3
1621239040000;11576495;153.965;153.985;153.975;3;T;True;3
1621239041000;11576497;153.964;153.984;153.974;1;T;True;3
1621239042000;11576499;153.965;153.985;153.975;1;T;True;3
1621239043000;11576505;153.965;153.985;153.975;5;T;True;3
1621239044000;11576506;153.965;153.985;153.975;0;T;True;3
1621239045000;11576509;153.964;153.984;153.974;2;T;True;3
1621239046000;11576510;153.964;153.984;153.974;0;T;True;3
1621239047000;11576511;153.964;153.984;153.974;0;T;True;3
1621239048000;11576512;153.964;153.984;153.974;0;T;True;3
1621239049000;11576513;153.964;153.984;153.974;0;T;True;3
1621239050000;11576514;153.964;153.984;153.974;0;T;True;3
1621239051000;11576515;153.964;153.984;153.974;0;T;True;3
1621239052000;11576516;153.964;153.984;153.974;0;T;True;3
1621239053000;11576517;153.964;153.984;153.974;0;T;True;3
1621239054000;11576519;153.963;153.983;153.973;1;T;True;3
1621239055000;11576521;153.962;153.982;153.972;1;T;True;3
1621239056000;11576524;153.961;153.981;153.971;2;T;True;3
1621239057000;11576525;153.961;153.981;153.971;0;T;True;3
1621239058000;11576526;153.961;153.981;153.971;0;T;True;3
1621239059000;11576530;153.953;153.973;153.963;3;T;True;3
1621239060000;11576531;153.953;153.973;153.963;0;T;True;3
1621239061000;11576532;153.953;153.973;153.963;0;T;True;3
1621239062000;11576533;153.953;153.973;153.963;0;T;True;3
1621239063000;11576534;153.953;153.973;153.963;0;T;True;3
1621239064000;11576535;153.953;153.973;153.963;0;T;True;3
1621239065000;11576541;153.971;153.991;153.981;5;T;True;3
1621239066000;11576544;153.971;153.991;153.981;2;T;True;3
1621239067000;11576545;153.971;153.991;153.981;0;T;True;3
1621239068000;11576546;153.971;153.991;153.981;0;T;True;3
1621239069000;11576550;153.98;154.0;153.99;3;T;True;3
1621239070000;11576552;153.981;154.001;153.991;1;T;True;3
1621239071000;11576553;153.981;154.001;153.991;0;T;True;3
1621239072000;11576554;153.981;154.001;153.991;0;T;True;3
1621239073000;11576555;153.981;154.001;153.991;0;T;True;3
1621239074000;11576557;153.98;154.0;153.99;1;T;True;3
1621239075000;11576558;153.98;154.0;153.99;0;T;True;3
1621239076000;11576560;153.979;153.999;153.989;1;T;True;3
1621239077000;11576561;153.979;153.999;153.989;0;T;True;3
1621239078000;11576563;153.977;153.997;153.987;1;T;True;3
1621239079000;11576564;153.977;153.997;153.987;0;T;True;3
1621239080000;11576565;153.977;153.997;153.987;0;T;True;3
1621239081000;11576566;153.977;153.997;153.987;0;T;True;3
1621239082000;11576568;153.975;153.995;153.985;1;T;True;3
1621239083000;11576569;153.975;153.995;153.985;0;T;True;3
1621239084000;11576570;153.975;153.995;153.985;0;T;True;3
1621239085000;11576571;153.975;153.995;153.985;0;T;True;3
1621239086000;11576572;153.975;153.995;153.985;0;T;True;3
1621239087000;11576573;153.975;153.995;153.985;0;T;True;3
1621239088000;11576577;153.971;153.991;153.981;3;T;True;3
1621239089000;11576578;153.971;153.991;153.981;0;T;True;3
1621239090000;11576579;153.971;153.991;153.981;0;T;True;3
1621239091000;11576582;153.971;153.991;153.981;2;T;True;3
1621239092000;11576583;153.971;153.991;153.981;0;T;True;3
1621239093000;11576584;153.971;153.991;153.981;0;T;True;3
1621239094000;11576593;153.985;154.005;153.995;8;T;True;3
1621239095000;11576598;153.994;154.014;154.004;4;T;True;3
1621239096000;11576600;153.993;154.013;154.003;1;T;True;3
1621239097000;11576601;153.993;154.013;154.003;0;T;True;3
1621239098000;11576602;153.993;154.013;154.003;0;T;True;3
1621239099000;11576603;153.993;154.013;154.003;0;T;True;3
1621239100000;11576604;153.993;154.013;154.003;0;T;True;3
1621239101000;11576605;153.993;154.013;154.003;0;T;True;3
1621239102000;11576609;153.988;154.008;153.998;3;T;True;3
1621239103000;11576612;153.989;154.009;153.999;2;T;True;3
1621239104000;11576615;153.994;154.014;154.004;2;T;True;3
1621239105000;11576617;153.995;154.015;154.005;1;T;True;3
1621239106000;11576618;153.995;154.015;154.005;0;T;True;3
1621239107000;11576619;153.995;154.015;154.005;0;T;True;3
1621239108000;11576620;153.995;154.015;154.005;0;T;True;3
1621239109000;11576623;153.998;154.018;154.008;2;T;True;3
1621239110000;11576625;153.997;154.017;154.007;1;T;True;3
1621239111000;11576628;153.994;154.014;154.004;2;T;True;3
1621239112000;11576631;153.987;154.007;153.997;2;T;True;3
1621239113000;11576632;153.987;154.007;153.997;0;T;True;3
1621239114000;11576633;153.987;154.007;153.997;0;T;True;3
1621239115000;11576635;153.989;154.009;153.999;1;T;True;3
1621239116000;11576636;153.989;154.009;153.999;0;T;True;3
1621239117000;11576638;153.987;154.007;153.997;1;T;True;3
1621239118000;11576640;153.989;154.009;153.999;1;T;True;3
1621239119000;11576642;153.991;154.011;154.001;1;T;True;3
1621239120000;11576643;153.991;154.011;154.001;0;T;True;3
1621239121000;11576644;153.991;154.011;154.001;0;T;True;3
1621239122000;11576650;153.982;154.002;153.992;5;T;True;3
1621239123000;11576651;153.982;154.002;153.992;0;T;True;3
1621239124000;11576653;153.981;154.001;153.991;1;T;True;3
1621239125000;11576654;153.981;154.001;153.991;0;T;True;3
1621239126000;11576657;153.981;154.001;153.991;2;T;True;3
1621239127000;11576658;153.981;154.001;153.991;0;T;True;3
1621239128000;11576659;153.981;154.001;153.991;0;T;True;3
1621239129000;11576664;153.986;154.006;153.996;4;T;True;3
1621239130000;11576666;153.982;154.002;153.992;1;T;True;3
1621239131000;11576667;153.982;154.002;153.992;0;T;True;3
1621239132000;11576669;153.983;154.003;153.993;1;T;True;3
1621239133000;11576670;153.983;154.003;153.993;0;T;True;3
1621239134000;11576671;153.983;154.003;153.993;0;T;True;3
1621239135000;11576672;153.983;154.003;153.993;0;T;True;3
1621239136000;11576678;153.976;153.996;153.986;5;T;True;3
1621239137000;11576679;153.976;153.996;153.986;0;T;True;3
1621239138000;11576683;153.975;153.995;153.985;3;T;True;3
1621239139000;11576686;153.977;153.997;153.987;2;T;True;3
1621239140000;11576687;153.977;153.997;153.987;0;T;True;3
1621239141000;11576689;153.978;153.998;153.988;1;T;True;3
1621239142000;11576691;153.979;153.999;153.989;1;T;True;3
1621239143000;11576692;153.979;153.999;153.989;0;T;True;3
1621239144000;11576693;153.979;153.999;153.989;0;T;True;3
1621239145000;11576694;153.979;153.999;153.989;0;T;True;3
1621239146000;11576695;153.979;153.999;153.989;0;T;True;3
1621239147000;11576697;153.98;154.0;153.99;1;T;True;3
1621239148000;11576699;153.981;154.001;153.991;1;T;True;3
1621239149000;11576700;153.981;154.001;153.991;0;T;True;3
1621239150000;11576701;153.981;154.001;153.991;0;T;True;3
1621239151000;11576702;153.981;154.001;153.991;0;T;True;3
1621239152000;11576703;153.981;154.001;153.991;0;T;True;3
1621239153000;11576705;153.98;154.0;153.99;1;T;True;3
1621239154000;11576706;153.98;154.0;153.99;0;T;True;3
1621239155000;11576707;153.98;154.0;153.99;0;T;True;3
1621239156000;11576709;153.979;153.999;153.989;1;T;True;3
1621239157000;11576710;153.979;153.999;153.989;0;T;True;3
1621239158000;11576711;153.979;153.999;153.989;0;T;True;3
1621239159000;11576712;153.979;153.999;153.989;0;T;True;3
1621239160000;11576713;153.979;153.999;153.989;0;T;True;3
1621239161000;11576714;153.979;153.999;153.989;0;T;True;3
1621239162000;11576715;153.979;153.999;153.989;0;T;True;3
1621239163000;11576716;153.979;153.999;153.989;0;T;True;3
1621239164000;11576718;153.977;153.997;153.987;1;T;True;3
1621239165000;11576719;153.977;153.997;153.987;0;T;True;3
1621239166000;11576724;153.977;153.997;153.987;4;T;True;3
1621239167000;11576725;153.977;153.997;153.987;0;T;True;3
1621239168000;11576726;153.977;153.997;153.987;0;T;True;3
1621239169000;11576728;153.978;153.998;153.988;1;T;True;3
1621239170000;11576730;153.977;153.997;153.987;1;T;True;3
1621239171000;11576731;153.977;153.997;153.987;0;T;True;3
1621239172000;11576732;153.977;153.997;153.987;0;T;True;3
1621239173000;11576733;153.977;153.997;153.987;0;T;True;3
1621239174000;11576738;153.977;153.997;153.987;4;T;True;3
1621239175000;11576739;153.977;153.997;153.987;0;T;True;3
1621239176000;11576740;153.977;153.997;153.987;0;T;True;3
1621239177000;11576741;153.977;153.997;153.987;0;T;True;3
1621239178000;11576743;153.979;153.999;153.989;1;T;True;3
1621239179000;11576744;153.979;153.999;153.989;0;T;True;3
1621239180000;11576751;153.979;153.999;153.989;6;T;True;3
1621239181000;11576753;153.977;153.997;153.987;1;T;True;3
1621239182000;11576754;153.977;153.997;153.987;0;T;True;3
1621239183000;11576758;153.975;153.995;153.985;3;T;True;3
1621239184000;11576759;153.975;153.995;153.985;0;T;True;3
1621239185000;11576761;153.976;153.996;153.986;1;T;True;3
1621239186000;11576763;153.975;153.995;153.985;1;T;True;3
1621239187000;11576764;153.975;153.995;153.985;0;T;True;3
1621239188000;11576766;153.979;153.999;153.989;1;T;True;3
1621239189000;11576767;153.979;153.999;153.989;0;T;True;3
1621239190000;11576768;153.979;153.999;153.989;0;T;True;3
1621239191000;11576774;153.979;153.999;153.989;5;T;True;3
1621239192000;11576775;153.979;153.999;153.989;0;T;True;3
1621239193000;11576776;153.979;153.999;153.989;0;T;True;3
1621239194000;11576779;153.979;153.999;153.989;2;T;True;3
1621239195000;11576780;153.979;153.999;153.989;0;T;True;3
1621239196000;11576782;153.977;153.997;153.987;1;T;True;3
1621239197000;11576784;153.979;153.999;153.989;1;T;True;3
1621239198000;11576787;153.977;153.997;153.987;2;T;True;3
1621239199000;11576791;153.976;153.996;153.986;3;T;True;3
1621239200000;11576798;153.979;153.999;153.989;6;T;True;3
1621239201000;11576799;153.979;153.999;153.989;0;T;True;3
1621239202000;11576800;153.979;153.999;153.989;0;T;True;3
1621239203000;11576801;153.979;153.999;153.989;0;T;True;3
1621239204000;11576802;153.979;153.999;153.989;0;T;True;3
1621239205000;11576807;153.975;153.995;153.985;4;T;True;3
1621239206000;11576810;153.975;153.995;153.985;2;T;True;3
1621239207000;11576811;153.975;153.995;153.985;0;T;True;3
1621239208000;11576812;153.975;153.995;153.985;0;T;True;3
1621239209000;11576816;153.978;153.998;153.988;3;T;True;3
1621239210000;11576818;153.974;153.994;153.984;1;T;True;3
1621239211000;11576819;153.974;153.994;153.984;0;T;True;3
1621239212000;11576820;153.974;153.994;153.984;0;T;True;3
1621239213000;11576821;153.974;153.994;153.984;0;T;True;3
1621239214000;11576822;153.974;153.994;153.984;0;T;True;3
1621239215000;11576824;153.973;153.993;153.983;1;T;True;3
1621239216000;11576837;153.945;153.965;153.955;12;T;True;3
1621239217000;11576838;153.945;153.965;153.955;0;T;True;3
1621239218000;11576839;153.945;153.965;153.955;0;T;True;3
1621239219000;11576841;153.943;153.963;153.953;1;T;True;3
1621239220000;11576842;153.943;153.963;153.953;0;T;True;3
1621239221000;11576848;153.954;153.974;153.964;5;T;True;3
1621239222000;11576849;153.954;153.974;153.964;0;T;True;3
1621239223000;11576850;153.954;153.974;153.964;0;T;True;3
1621239224000;11576851;153.954;153.974;153.964;0;T;True;3
1621239225000;11576852;153.954;153.974;153.964;0;T;True;3
1621239226000;11576853;153.954;153.974;153.964;0;T;True;3
1621239227000;11576854;153.954;153.974;153.964;0;T;True;3
1621239228000;11576855;153.954;153.974;153.964;0;T;True;3
1621239229000;11576858;153.949;153.969;153.959;2;T;True;3
1621239230000;11576859;153.949;153.969;153.959;0;T;True;3
1621239231000;11576862;153.949;153.969;153.959;2;T;True;3
1621239232000;11576865;153.949;153.969;153.959;2;T;True;3
1621239233000;11576866;153.949;153.969;153.959;0;T;True;3
1621239234000;11576867;153.949;153.969;153.959;0;T;True;3
1621239235000;11576872;153.95;153.97;153.96;4;T;True;3
1621239236000;11576876;153.949;153.969;153.959;3;T;True;3
1621239237000;11576877;153.949;153.969;153.959;0;T;True;3
1621239238000;11576881;153.949;153.969;153.959;3;T;True;3
1621239239000;11576882;153.949;153.969;153.959;0;T;True;3
1621239240000;11576883;153.949;153.969;153.959;0;T;True;3
1621239241000;11576884;153.949;153.969;153.959;0;T;True;3
1621239242000;11576885;153.949;153.969;153.959;0;T;True;3
1621239243000;11576887;153.948;153.968;153.958;1;T;True;3
1621239244000;11576888;153.948;153.968;153.958;0;T;True;3
1621239245000;11576890;153.951;153.971;153.961;1;T;True;3
1621239246000;11576891;153.951;153.971;153.961;0;T;True;3
1621239247000;11576892;153.951;153.971;153.961;0;T;True;3
1621239248000;11576893;153.951;153.971;153.961;0;T;True;3
1621239249000;11576895;153.949;153.969;153.959;1;T;True;3
1621239250000;11576899;153.937;153.957;153.947;3;T;True;3
1621239251000;11576901;153.939;153.959;153.949;1;T;True;3
1621239252000;11576905;153.938;153.958;153.948;3;T;True;3
1621239253000;11576909;153.936;153.956;153.946;3;T;True;3
1621239254000;11576911;153.938;153.958;153.948;1;T;True;3
1621239255000;11576914;153.938;153.958;153.948;2;T;True;3
1621239256000;11576916;153.939;153.959;153.949;1;T;True;3
1621239257000;11576917;153.939;153.959;153.949;0;T;True;3
1621239258000;11576919;153.938;153.958;153.948;1;T;True;3
1621239259000;11576923;153.941;153.961;153.951;3;T;True;3
1621239260000;11576924;153.941;153.961;153.951;0;T;True;3
1621239261000;11576925;153.941;153.961;153.951;0;T;True;3
1621239262000;11576926;153.941;153.961;153.951;0;T;True;3
1621239263000;11576929;153.944;153.964;153.954;2;T;True;3
1621239264000;11576930;153.944;153.964;153.954;0;T;True;3
1621239265000;11576931;153.944;153.964;153.954;0;T;True;3
1621239266000;11576933;153.943;153.963;153.953;1;T;True;3
1621239267000;11576934;153.943;153.963;153.953;0;T;True;3
1621239268000;11576936;153.942;153.962;153.952;1;T;True;3
1621239269000;11576939;153.938;153.958;153.948;2;T;True;3
1621239270000;11576940;153.938;153.958;153.948;0;T;True;3
1621239271000;11576942;153.937;153.957;153.947;1;T;True;3
1621239272000;11576943;153.937;153.957;153.947;0;T;True;3
1621239273000;11576944;153.937;153.957;153.947;0;T;True;3
1621239274000;11576946;153.938;153.958;153.948;1;T;True;3
1621239275000;11576947;153.938;153.958;153.948;0;T;True;3
1621239276000;11576948;153.938;153.958;153.948;0;T;True;3
1621239277000;11576951;153.945;153.965;153.955;2;T;True;3
1621239278000;11576953;153.947;153.967;153.957;1;T;True;3
1621239279000;11576955;153.948;153.968;153.958;1;T;True;3
1621239280000;11576956;153.948;153.968;153.958;0;T;True;3
1621239281000;11576959;153.95;153.97;153.96;2;T;True;3
1621239282000;11576961;153.948;153.968;153.958;1;T;True;3
1621239283000;11576963;153.947;153.967;153.957;1;T;True;3
1621239284000;11576964;153.947;153.967;153.957;0;T;True;3
1621239285000;11576966;153.949;153.969;153.959;1;T;True;3
1621239286000;11576967;153.949;153.969;153.959;0;T;True;3
1621239287000;11576970;153.961;153.981;153.971;2;T;True;3
1621239288000;11576975;153.956;153.976;153.966;4;T;True;3
1621239289000;11576978;153.961;153.981;153.971;2;T;True;3
1621239290000;11576981;153.959;153.979;153.969;2;T;True;3
1621239291000;11576982;153.959;153.979;153.969;0;T;True;3
1621239292000;11576984;153.957;153.977;153.967;1;T;True;3
1621239293000;11576985;153.957;153.977;153.967;0;T;True;3
1621239294000;11576986;153.957;153.977;153.967;0;T;True;3
1621239295000;11576987;153.957;153.977;153.967;0;T;True;3
1621239296000;11576988;153.957;153.977;153.967;0;T;True;3
1621239297000;11576993;153.955;153.975;153.965;4;T;True;3
1621239298000;11576995;153.957;153.977;153.967;1;T;True;3
1621239299000;11576996;153.957;153.977;153.967;0;T;True;3
1621239300000;11577000;153.966;153.986;153.976;3;T;True;3
1621239301000;11577003;153.963;153.983;153.973;2;T;True;3
1621239302000;11577006;153.957;153.977;153.967;2;T;True;3
1621239303000;11577008;153.958;153.978;153.968;1;T;True;3
1621239304000;11577009;153.958;153.978;153.968;0;T;True;3
1621239305000;11577010;153.958;153.978;153.968;0;T;True;3
1621239306000;11577012;153.957;153.977;153.967;1;T;True;3
1621239307000;11577013;153.957;153.977;153.967;0;T;True;3
1621239308000;11577014;153.957;153.977;153.967;0;T;True;3
1621239309000;11577016;153.956;153.976;153.966;1;T;True;3
1621239310000;11577017;153.956;153.976;153.966;0;T;True;3
1621239311000;11577018;153.956;153.976;153.966;0;T;True;3
1621239312000;11577020;153.955;153.975;153.965;1;T;True;3
1621239313000;11577021;153.955;153.975;153.965;0;T;True;3
1621239314000;11577022;153.955;153.975;153.965;0;T;True;3
1621239315000;11577023;153.955;153.975;153.965;0;T;True;3
1621239316000;11577024;153.955;153.975;153.965;0;T;True;3
1621239317000;11577025;153.955;153.975;153.965;0;T;True;3
1621239318000;11577026;153.955;153.975;153.965;0;T;True;3
1621239319000;11577027;153.955;153.975;153.965;0;T;True;3
1621239320000;11577030;153.957;153.977;153.967;2;T;True;3
1621239321000;11577031;153.957;153.977;153.967;0;T;True;3
1621239322000;11577032;153.957;153.977;153.967;0;T;True;3
1621239323000;11577034;153.962;153.982;153.972;1;T;True;3
1621239324000;11577035;153.962;153.982;153.972;0;T;True;3
1621239325000;11577036;153.962;153.982;153.972;0;T;True;3
1621239326000;11577037;153.962;153.982;153.972;0;T;True;3
1621239327000;11577038;153.962;153.982;153.972;0;T;True;3
1621239328000;11577040;153.96;153.98;153.97;1;T;True;3
1621239329000;11577042;153.959;153.979;153.969;1;T;True;3
1621239330000;11577043;153.959;153.979;153.969;0;T;True;3
1621239331000;11577044;153.959;153.979;153.969;0;T;True;3
1621239332000;11577045;153.959;153.979;153.969;0;T;True;3
1621239333000;11577046;153.959;153.979;153.969;0;T;True;3
1621239334000;11577047;153.959;153.979;153.969;0;T;True;3
1621239335000;11577049;153.96;153.98;153.97;1;T;True;3
1621239336000;11577052;153.955;153.975;153.965;2;T;True;3
1621239337000;11577053;153.955;153.975;153.965;0;T;True;3
1621239338000;11577054;153.955;153.975;153.965;0;T;True;3
1621239339000;11577055;153.955;153.975;153.965;0;T;True;3
1621239340000;11577056;153.955;153.975;153.965;0;T;True;3
1621239341000;11577057;153.955;153.975;153.965;0;T;True;3
1621239342000;11577058;153.955;153.975;153.965;0;T;True;3
1621239343000;11577060;153.957;153.977;153.967;1;T;True;3
1621239344000;11577063;153.963;153.983;153.973;2;T;True;3
1621239345000;11577064;153.963;153.983;153.973;0;T;True;3
1621239346000;11577065;153.963;153.983;153.973;0;T;True;3
1621239347000;11577067;153.961;153.981;153.971;1;T;True;3
1621239348000;11577068;153.961;153.981;153.971;0;T;True;3
1621239349000;11577069;153.961;153.981;153.971;0;T;True;3
1621239350000;11577070;153.961;153.981;153.971;0;T;True;3
1621239351000;11577071;153.961;153.981;153.971;0;T;True;3
1621239352000;11577072;153.961;153.981;153.971;0;T;True;3
1621239353000;11577075;153.963;153.983;153.973;2;T;True;3
1621239354000;11577076;153.963;153.983;153.973;0;T;True;3
1621239355000;11577077;153.963;153.983;153.973;0;T;True;3
1621239356000;11577078;153.963;153.983;153.973;0;T;True;3
1621239357000;11577079;153.963;153.983;153.973;0;T;True;3
1621239358000;11577080;153.963;153.983;153.973;0;T;True;3
1621239359000;11577081;153.963;153.983;153.973;0;T;True;3
1621239360000;11577082;153.963;153.983;153.973;0;T;True;3
1621239361000;11577083;153.963;153.983;153.973;0;T;True;3
1621239362000;11577085;153.962;153.982;153.972;1;T;True;3
1621239363000;11577086;153.962;153.982;153.972;0;T;True;3
1621239364000;11577087;153.962;153.982;153.972;0;T;True;3
1621239365000;11577092;153.963;153.983;153.973;4;T;True;3
1621239366000;11577093;153.963;153.983;153.973;0;T;True;3
1621239367000;11577095;153.965;153.985;153.975;1;T;True;3
1621239368000;11577099;153.963;153.983;153.973;3;T;True;3
1621239369000;11577100;153.963;153.983;153.973;0;T;True;3
1621239370000;11577103;153.967;153.987;153.977;2;T;True;3
1621239371000;11577104;153.967;153.987;153.977;0;T;True;3
1621239372000;11577105;153.967;153.987;153.977;0;T;True;3
1621239373000;11577106;153.967;153.987;153.977;0;T;True;3
1621239374000;11577109;153.965;153.985;153.975;2;T;True;3
1621239375000;11577110;153.965;153.985;153.975;0;T;True;3
1621239376000;11577111;153.965;153.985;153.975;0;T;True;3
1621239377000;11577112;153.965;153.985;153.975;0;T;True;3
1621239378000;11577114;153.966;153.986;153.976;1;T;True;3
1621239379000;11577118;153.979;153.999;153.989;3;T;True;3
1621239380000;11577122;153.969;153.989;153.979;3;T;True;3
1621239381000;11577129;153.954;153.974;153.964;6;T;True;3
1621239382000;11577130;153.954;153.974;153.964;0;T;True;3
1621239383000;11577132;153.953;153.973;153.963;1;T;True;3
1621239384000;11577133;153.953;153.973;153.963;0;T;True;3
1621239385000;11577134;153.953;153.973;153.963;0;T;True;3
1621239386000;11577135;153.953;153.973;153.963;0;T;True;3
1621239387000;11577137;153.954;153.974;153.964;1;T;True;3
1621239388000;11577139;153.955;153.975;153.965;1;T;True;3
1621239389000;11577140;153.955;153.975;153.965;0;T;True;3
1621239390000;11577141;153.955;153.975;153.965;0;T;True;3
1621239391000;11577142;153.955;153.975;153.965;0;T;True;3
1621239392000;11577144;153.956;153.976;153.966;1;T;True;3
1621239393000;11577145;153.956;153.976;153.966;0;T;True;3
1621239394000;11577147;153.957;153.977;153.967;1;T;True;3
1621239395000;11577148;153.957;153.977;153.967;0;T;True;3
1621239396000;11577149;153.957;153.977;153.967;0;T;True;3
1621239397000;11577151;153.956;153.976;153.966;1;T;True;3
1621239398000;11577156;153.959;153.979;153.969;4;T;True;3
1621239399000;11577158;153.96;153.98;153.97;1;T;True;3
1621239400000;11577162;153.964;153.984;153.974;3;T;True;3
1621239401000;11577163;153.964;153.984;153.974;0;T;True;3
1621239402000;11577165;153.965;153.985;153.975;1;T;True;3
1621239403000;11577167;153.966;153.986;153.976;1;T;True;3
1621239404000;11577168;153.966;153.986;153.976;0;T;True;3
1621239405000;11577169;153.966;153.986;153.976;0;T;True;3
1621239406000;11577170;153.966;153.986;153.976;0;T;True;3
1621239407000;11577173;153.969;153.989;153.979;2;T;True;3
1621239408000;11577175;153.971;153.991;153.981;1;T;True;3
1621239409000;11577176;153.971;153.991;153.981;0;T;True;3
1621239410000;11577178;153.969;153.989;153.979;1;T;True;3
1621239411000;11577179;153.969;153.989;153.979;0;T;True;3
1621239412000;11577180;153.969;153.989;153.979;0;T;True;3
1621239413000;11577181;153.969;153.989;153.979;0;T;True;3
1621239414000;11577182;153.969;153.989;153.979;0;T;True;3
1621239415000;11577183;153.969;153.989;153.979;0;T;True;3
1621239416000;11577185;153.967;153.987;153.977;1;T;True;3
1621239417000;11577187;153.965;153.985;153.975;1;T;True;3
1621239418000;11577191;153.967;153.987;153.977;3;T;True;3
1621239419000;11577196;153.975;153.995;153.985;4;T;True;3
1621239420000;11577197;153.975;153.995;153.985;0;T;True;3
1621239421000;11577198;153.975;153.995;153.985;0;T;True;3
1621239422000;11577200;153.974;153.994;153.984;1;T;True;3
1621239423000;11577202;153.975;153.995;153.985;1;T;True;3
1621239424000;11577204;153.976;153.996;153.986;1;T;True;3
1621239425000;11577207;153.976;153.996;153.986;2;T;True;3
1621239426000;11577209;153.975;153.995;153.985;1;T;True;3
1621239427000;11577210;153.975;153.995;153.985;0;T;True;3
1621239428000;11577211;153.975;153.995;153.985;0;T;True;3
1621239429000;11577213;153.973;153.993;153.983;1;T;True;3
1621239430000;11577215;153.975;153.995;153.985;1;T;True;3
1621239431000;11577216;153.975;153.995;153.985;0;T;True;3
1621239432000;11577218;153.974;153.994;153.984;1;T;True;3
1621239433000;11577220;153.975;153.995;153.985;1;T;True;3
1621239434000;11577221;153.975;153.995;153.985;0;T;True;3
1621239435000;11577222;153.975;153.995;153.985;0;T;True;3
1621239436000;11577223;153.975;153.995;153.985;0;T;True;3
1621239437000;11577225;153.976;153.996;153.986;1;T;True;3
1621239438000;11577227;153.977;153.997;153.987;1;T;True;3
1621239439000;11577231;153.985;154.005;153.995;3;T;True;3
1621239440000;11577235;153.993;154.013;154.003;3;T;True;3
1621239441000;11577236;153.993;154.013;154.003;0;T;True;3
1621239442000;11577237;153.993;154.013;154.003;0;T;True;3
1621239443000;11577238;153.993;154.013;154.003;0;T;True;3
1621239444000;11577239;153.993;154.013;154.003;0;T;True;3
1621239445000;11577240;153.993;154.013;154.003;0;T;True;3
1621239446000;11577244;153.998;154.018;154.008;3;T;True;3
1621239447000;11577245;153.998;154.018;154.008;0;T;True;3
1621239448000;11577250;153.989;154.009;153.999;4;T;True;3
1621239449000;11577251;153.989;154.009;153.999;0;T;True;3
1621239450000;11577252;153.989;154.009;153.999;0;T;True;3
1621239451000;11577255;153.989;154.009;153.999;2;T;True;3
1621239452000;11577256;153.989;154.009;153.999;0;T;True;3
1621239453000;11577257;153.989;154.009;153.999;0;T;True;3
1621239454000;11577261;153.986;154.006;153.996;3;T;True;3
1621239455000;11577262;153.986;154.006;153.996;0;T;True;3
1621239456000;11577263;153.986;154.006;153.996;0;T;True;3
1621239457000;11577268;153.995;154.015;154.005;4;T;True;3
1621239458000;11577269;153.995;154.015;154.005;0;T;True;3
1621239459000;11577271;153.993;154.013;154.003;1;T;True;3
1621239460000;11577272;153.993;154.013;154.003;0;T;True;3
1621239461000;11577273;153.993;154.013;154.003;0;T;True;3
1621239462000;11577274;153.993;154.013;154.003;0;T;True;3
1621239463000;11577275;153.993;154.013;154.003;0;T;True;3
1621239464000;11577276;153.993;154.013;154.003;0;T;True;3
1621239465000;11577277;153.993;154.013;154.003;0;T;True;3
1621239466000;11577278;153.993;154.013;154.003;0;T;True;3
1621239467000;11577279;153.993;154.013;154.003;0;T;True;3
1621239468000;11577283;153.992;154.012;154.002;3;T;True;3
1621239469000;11577284;153.992;154.012;154.002;0;T;True;3
1621239470000;11577286;153.993;154.013;154.003;1;T;True;3
1621239471000;11577287;153.993;154.013;154.003;0;T;True;3
1621239472000;11577288;153.993;154.013;154.003;0;T;True;3
1621239473000;11577290;153.992;154.012;154.002;1;T;True;3
1621239474000;11577292;153.993;154.013;154.003;1;T;True;3
1621239475000;11577293;153.993;154.013;154.003;0;T;True;3
1621239476000;11577294;153.993;154.013;154.003;0;T;True;3
1621239477000;11577295;153.993;154.013;154.003;0;T;True;3
1621239478000;11577296;153.993;154.013;154.003;0;T;True;3
1621239479000;11577297;153.993;154.013;154.003;0;T;True;3
1621239480000;11577298;153.993;154.013;154.003;0;T;True;3
1621239481000;11577299;153.993;154.013;154.003;0;T;True;3
1621239482000;11577301;153.994;154.014;154.004;1;T;True;3
1621239483000;11577307;154.001;154.021;154.011;5;T;True;3
1621239484000;11577308;154.001;154.021;154.011;0;T;True;3
1621239485000;11577310;154.004;154.024;154.014;1;T;True;3
1621239486000;11577311;154.004;154.024;154.014;0;T;True;3
1621239487000;11577314;154.007;154.027;154.017;2;T;True;3
1621239488000;11577318;154.005;154.025;154.015;3;T;True;3
1621239489000;11577319;154.005;154.025;154.015;0;T;True;3
1621239490000;11577320;154.005;154.025;154.015;0;T;True;3
1621239491000;11577321;154.005;154.025;154.015;0;T;True;3
1621239492000;11577322;154.005;154.025;154.015;0;T;True;3
1621239493000;11577323;154.005;154.025;154.015;0;T;True;3
1621239494000;11577324;154.005;154.025;154.015;0;T;True;3
1621239495000;11577325;154.005;154.025;154.015;0;T;True;3
1621239496000;11577326;154.005;154.025;154.015;0;T;True;3
1621239497000;11577327;154.005;154.025;154.015;0;T;True;3
1621239498000;11577328;154.005;154.025;154.015;0;T;True;3
1621239499000;11577329;154.005;154.025;154.015;0;T;True;3
1621239500000;11577330;154.005;154.025;154.015;0;T;True;3
1621239501000;11577331;154.005;154.025;154.015;0;T;True;3
1621239502000;11577332;154.005;154.025;154.015;0;T;True;3
1621239503000;11577333;154.005;154.025;154.015;0;T;True;3
1621239504000;11577334;154.005;154.025;154.015;0;T;True;3
1621239505000;11577340;154.005;154.025;154.015;5;T;True;3
1621239506000;11577341;154.005;154.025;154.015;0;T;True;3
1621239507000;11577342;154.005;154.025;154.015;0;T;True;3
1621239508000;11577343;154.005;154.025;154.015;0;T;True;3
1621239509000;11577345;154.006;154.026;154.016;1;T;True;3
1621239510000;11577347;154.007;154.027;154.017;1;T;True;3
1621239511000;11577350;154.006;154.026;154.016;2;T;True;3
1621239512000;11577351;154.006;154.026;154.016;0;T;True;3
1621239513000;11577353;154.005;154.025;154.015;1;T;True;3
1621239514000;11577354;154.005;154.025;154.015;0;T;True;3
1621239515000;11577356;154.003;154.023;154.013;1;T;True;3
1621239516000;11577358;154.002;154.022;154.012;1;T;True;3
1621239517000;11577360;154.001;154.021;154.011;1;T;True;3
1621239518000;11577362;154.0;154.02;154.01;1;T;True;3
1621239519000;11577364;154.003;154.023;154.013;1;T;True;3
1621239520000;11577365;154.003;154.023;154.013;0;T;True;3
1621239521000;11577366;154.003;154.023;154.013;0;T;True;3
1621239522000;11577368;154.001;154.021;154.011;1;T;True;3
1621239523000;11577369;154.001;154.021;154.011;0;T;True;3
1621239524000;11577370;154.001;154.021;154.011;0;T;True;3
1621239525000;11577371;154.001;154.021;154.011;0;T;True;3
1621239526000;11577372;154.001;154.021;154.011;0;T;True;3
1621239527000;11577373;154.001;154.021;154.011;0;T;True;3
1621239528000;11577376;154.003;154.023;154.013;2;T;True;3
1621239529000;11577379;154.005;154.025;154.015;2;T;True;3
1621239530000;11577381;154.006;154.026;154.016;1;T;True;3
1621239531000;11577384;154.008;154.028;154.018;2;T;True;3
1621239532000;11577386;154.007;154.027;154.017;1;T;True;3
1621239533000;11577387;154.007;154.027;154.017;0;T;True;3
1621239534000;11577388;154.007;154.027;154.017;0;T;True;3
1621239535000;11577391;154.01;154.03;154.02;2;T;True;3
1621239536000;11577392;154.01;154.03;154.02;0;T;True;3
1621239537000;11577395;154.013;154.033;154.023;2;T;True;3
1621239538000;11577396;154.013;154.033;154.023;0;T;True;3
1621239539000;11577397;154.013;154.033;154.023;0;T;True;3
1621239540000;11577400;154.011;154.031;154.021;2;T;True;3
1621239541000;11577401;154.011;154.031;154.021;0;T;True;3
1621239542000;11577403;154.012;154.032;154.022;1;T;True;3
1621239543000;11577407;154.016;154.036;154.026;3;T;True;3
1621239544000;11577409;154.015;154.035;154.025;1;T;True;3
1621239545000;11577410;154.015;154.035;154.025;0;T;True;3
1621239546000;11577412;154.017;154.037;154.027;1;T;True;3
1621239547000;11577414;154.016;154.036;154.026;1;T;True;3
1621239548000;11577416;154.015;154.035;154.025;1;T;True;3
1621239549000;11577419;154.012;154.032;154.022;2;T;True;3
1621239550000;11577420;154.012;154.032;154.022;0;T;True;3
1621239551000;11577421;154.012;154.032;154.022;0;T;True;3
1621239552000;11577422;154.012;154.032;154.022;0;T;True;3
1621239553000;11577424;154.011;154.031;154.021;1;T;True;3
1621239554000;11577427;154.006;154.026;154.016;2;T;True;3
1621239555000;11577431;154.001;154.021;154.011;3;T;True;3
1621239556000;11577433;154.003;154.023;154.013;1;T;True;3
1621239557000;11577434;154.003;154.023;154.013;0;T;True;3
1621239558000;11577435;154.003;154.023;154.013;0;T;True;3
1621239559000;11577437;154.001;154.021;154.011;1;T;True;3
1621239560000;11577438;154.001;154.021;154.011;0;T;True;3
1621239561000;11577439;154.001;154.021;154.011;0;T;True;3
1621239562000;11577440;154.001;154.021;154.011;0;T;True;3
1621239563000;11577442;154.003;154.023;154.013;1;T;True;3
1621239564000;11577443;154.003;154.023;154.013;0;T;True;3
1621239565000;11577447;154.0;154.02;154.01;3;T;True;3
1621239566000;11577448;154.0;154.02;154.01;0;T;True;3
1621239567000;11577452;154.002;154.022;154.012;3;T;True;3
1621239568000;11577453;154.002;154.022;154.012;0;T;True;3
1621239569000;11577457;154.001;154.021;154.011;3;T;True;3
1621239570000;11577458;154.001;154.021;154.011;0;T;True;3
1621239571000;11577459;154.001;154.021;154.011;0;T;True;3
1621239572000;11577460;154.001;154.021;154.011;0;T;True;3
1621239573000;11577461;154.001;154.021;154.011;0;T;True;3
1621239574000;11577462;154.001;154.021;154.011;0;T;True;3
1621239575000;11577463;154.001;154.021;154.011;0;T;True;3
1621239576000;11577464;154.001;154.021;154.011;0;T;True;3
1621239577000;11577466;153.999;154.019;154.009;1;T;True;3
1621239578000;11577469;154.003;154.023;154.013;2;T;True;3
1621239579000;11577471;154.001;154.021;154.011;1;T;True;3
1621239580000;11577473;153.999;154.019;154.009;1;T;True;3
1621239581000;11577474;153.999;154.019;154.009;0;T;True;3
1621239582000;11577475;153.999;154.019;154.009;0;T;True;3
1621239583000;11577476;153.999;154.019;154.009;0;T;True;3
1621239584000;11577477;153.999;154.019;154.009;0;T;True;3
1621239585000;11577478;153.999;154.019;154.009;0;T;True;3
1621239586000;11577481;154.002;154.022;154.012;2;T;True;3
1621239587000;11577482;154.002;154.022;154.012;0;T;True;3
1621239588000;11577483;154.002;154.022;154.012;0;T;True;3
1621239589000;11577487;154.005;154.025;154.015;3;T;True;3
1621239590000;11577489;154.007;154.027;154.017;1;T;True;3
1621239591000;11577491;154.011;154.031;154.021;1;T;True;3
1621239592000;11577492;154.011;154.031;154.021;0;T;True;3
1621239593000;11577493;154.011;154.031;154.021;0;T;True;3
1621239594000;11577497;153.999;154.019;154.009;3;T;True;3
1621239595000;11577499;153.997;154.017;154.007;1;T;True;3
1621239596000;11577500;153.997;154.017;154.007;0;T;True;3
1621239597000;11577501;153.997;154.017;154.007;0;T;True;3
1621239598000;11577504;153.996;154.016;154.006;2;T;True;3
1621239599000;11577508;153.989;154.009;153.999;3;T;True;3
1621239600000;11577509;153.989;154.009;153.999;0;T;True;3
1621239601000;11577510;153.989;154.009;153.999;0;T;True;3
1621239602000;11577511;153.989;154.009;153.999;0;T;True;3
1621239603000;11577514;153.987;154.007;153.997;2;T;True;3
1621239604000;11577515;153.987;154.007;153.997;0;T;True;3
1621239605000;11577516;153.987;154.007;153.997;0;T;True;3
1621239606000;11577517;153.987;154.007;153.997;0;T;True;3
1621239607000;11577518;153.987;154.007;153.997;0;T;True;3
1621239608000;11577521;153.981;154.001;153.991;2;T;True;3
1621239609000;11577522;153.981;154.001;153.991;0;T;True;3
1621239610000;11577525;153.981;154.001;153.991;2;T;True;3
1621239611000;11577526;153.981;154.001;153.991;0;T;True;3
1621239612000;11577527;153.981;154.001;153.991;0;T;True;3
1621239613000;11577531;153.979;153.999;153.989;3;T;True;3
1621239614000;11577534;153.976;153.996;153.986;2;T;True;3
1621239615000;11577535;153.976;153.996;153.986;0;T;True;3
1621239616000;11577537;153.977;153.997;153.987;1;T;True;3
1621239617000;11577538;153.977;153.997;153.987;0;T;True;3
1621239618000;11577539;153.977;153.997;153.987;0;T;True;3
1621239619000;11577540;153.977;153.997;153.987;0;T;True;3
1621239620000;11577541;153.977;153.997;153.987;0;T;True;3
1621239621000;11577542;153.977;153.997;153.987;0;T;True;3
1621239622000;11577543;153.977;153.997;153.987;0;T;True;3
1621239623000;11577544;153.977;153.997;153.987;0;T;True;3
1621239624000;11577547;153.974;153.994;153.984;2;T;True;3
1621239625000;11577551;153.97;153.99;153.98;3;T;True;3
1621239626000;11577553;153.969;153.989;153.979;1;T;True;3
1621239627000;11577559;153.976;153.996;153.986;5;T;True;3
1621239628000;11577560;153.976;153.996;153.986;0;T;True;3
1621239629000;11577561;153.976;153.996;153.986;0;T;True;3
1621239630000;11577565;153.979;153.999;153.989;3;T;True;3
1621239631000;11577568;153.979;153.999;153.989;2;T;True;3
1621239632000;11577571;153.985;154.005;153.995;2;T;True;3
1621239633000;11577573;153.983;154.003;153.993;1;T;True;3
1621239634000;11577574;153.983;154.003;153.993;0;T;True;3
1621239635000;11577575;153.983;154.003;153.993;0;T;True;3
1621239636000;11577576;153.983;154.003;153.993;0;T;True;3
1621239637000;11577577;153.983;154.003;153.993;0;T;True;3
1621239638000;11577578;153.983;154.003;153.993;0;T;True;3
1621239639000;11577581;153.975;153.995;153.985;2;T;True;3
1621239640000;11577582;153.975;153.995;153.985;0;T;True;3
1621239641000;11577583;153.975;153.995;153.985;0;T;True;3
1621239642000;11577587;153.972;153.992;153.982;3;T;True;3
1621239643000;11577588;153.972;153.992;153.982;0;T;True;3
1621239644000;11577589;153.972;153.992;153.982;0;T;True;3
1621239645000;11577591;153.973;153.993;153.983;1;T;True;3
1621239646000;11577592;153.973;153.993;153.983;0;T;True;3
1621239647000;11577593;153.973;153.993;153.983;0;T;True;3
1621239648000;11577594;153.973;153.993;153.983;0;T;True;3
1621239649000;11577595;153.973;153.993;153.983;0;T;True;3
1621239650000;11577599;153.976;153.996;153.986;3;T;True;3
1621239651000;11577600;153.976;153.996;153.986;0;T;True;3
1621239652000;11577603;153.979;153.999;153.989;2;T;True;3
1621239653000;11577604;153.979;153.999;153.989;0;T;True;3
1621239654000;11577605;153.979;153.999;153.989;0;T;True;3
1621239655000;11577606;153.979;153.999;153.989;0;T;True;3
1621239656000;11577607;153.979;153.999;153.989;0;T;True;3
1621239657000;11577608;153.979;153.999;153.989;0;T;True;3
1621239658000;11577609;153.979;153.999;153.989;0;T;True;3
1621239659000;11577610;153.979;153.999;153.989;0;T;True;3
1621239660000;11577611;153.979;153.999;153.989;0;T;True;3
1621239661000;11577612;153.979;153.999;153.989;0;T;True;3
1621239662000;11577613;153.979;153.999;153.989;0;T;True;3
1621239663000;11577620;153.984;154.004;153.994;6;T;True;3
1621239664000;11577624;153.989;154.009;153.999;3;T;True;3
1621239665000;11577625;153.989;154.009;153.999;0;T;True;3
1621239666000;11577627;153.99;154.01;154.0;1;T;True;3
1621239667000;11577628;153.99;154.01;154.0;0;T;True;3
1621239668000;11577629;153.99;154.01;154.0;0;T;True;3
1621239669000;11577630;153.99;154.01;154.0;0;T;True;3
1621239670000;11577631;153.99;154.01;154.0;0;T;True;3
1621239671000;11577636;153.997;154.017;154.007;4;T;True;3
1621239672000;11577640;154.006;154.026;154.016;3;T;True;3
1621239673000;11577641;154.006;154.026;154.016;0;T;True;3
1621239674000;11577642;154.006;154.026;154.016;0;T;True;3
1621239675000;11577643;154.006;154.026;154.016;0;T;True;3
1621239676000;11577644;154.006;154.026;154.016;0;T;True;3
1621239677000;11577645;154.006;154.026;154.016;0;T;True;3
1621239678000;11577647;154.008;154.028;154.018;1;T;True;3
1621239679000;11577648;154.008;154.028;154.018;0;T;True;3
1621239680000;11577650;154.007;154.027;154.017;1;T;True;3
1621239681000;11577656;154.012;154.032;154.022;5;T;True;3
1621239682000;11577660;154.017;154.037;154.027;3;T;True;3
1621239683000;11577661;154.017;154.037;154.027;0;T;True;3
1621239684000;11577662;154.017;154.037;154.027;0;T;True;3
1621239685000;11577663;154.017;154.037;154.027;0;T;True;3
1621239686000;11577664;154.017;154.037;154.027;0;T;True;3
1621239687000;11577667;154.013;154.033;154.023;2;T;True;3
1621239688000;11577668;154.013;154.033;154.023;0;T;True;3
1621239689000;11577669;154.013;154.033;154.023;0;T;True;3
1621239690000;11577673;154.021;154.041;154.031;3;T;True;3
1621239691000;11577677;154.015;154.035;154.025;3;T;True;3
1621239692000;11577678;154.015;154.035;154.025;0;T;True;3
1621239693000;11577679;154.015;154.035;154.025;0;T;True;3
1621239694000;11577680;154.015;154.035;154.025;0;T;True;3
1621239695000;11577683;154.017;154.037;154.027;2;T;True;3
1621239696000;11577684;154.017;154.037;154.027;0;T;True;3
1621239697000;11577686;154.018;154.038;154.028;1;T;True;3
1621239698000;11577688;154.017;154.037;154.027;1;T;True;3
1621239699000;11577689;154.017;154.037;154.027;0;T;True;3
1621239700000;11577690;154.017;154.037;154.027;0;T;True;3
1621239701000;11577691;154.017;154.037;154.027;0;T;True;3
1621239702000;11577694;154.015;154.035;154.025;2;T;True;3
1621239703000;11577695;154.015;154.035;154.025;0;T;True;3
1621239704000;11577696;154.015;154.035;154.025;0;T;True;3
1621239705000;11577697;154.015;154.035;154.025;0;T;True;3
1621239706000;11577698;154.015;154.035;154.025;0;T;True;3
1621239707000;11577699;154.015;154.035;154.025;0;T;True;3
1621239708000;11577702;154.019;154.039;154.029;2;T;True;3
1621239709000;11577704;154.013;154.033;154.023;1;T;True;3
1621239710000;11577708;154.015;154.035;154.025;3;T;True;3
1621239711000;11577709;154.015;154.035;154.025;0;T;True;3
1621239712000;11577710;154.015;154.035;154.025;0;T;True;3
1621239713000;11577712;154.016;154.036;154.026;1;T;True;3
1621239714000;11577714;154.017;154.037;154.027;1;T;True;3
1621239715000;11577715;154.017;154.037;154.027;0;T;True;3
1621239716000;11577716;154.017;154.037;154.027;0;T;True;3
1621239717000;11577717;154.017;154.037;154.027;0;T;True;3
1621239718000;11577718;154.017;154.037;154.027;0;T;True;3
1621239719000;11577722;154.013;154.033;154.023;3;T;True;3
1621239720000;11577723;154.013;154.033;154.023;0;T;True;3
1621239721000;11577724;154.013;154.033;154.023;0;T;True;3
1621239722000;11577725;154.013;154.033;154.023;0;T;True;3
1621239723000;11577728;154.013;154.033;154.023;2;T;True;3
1621239724000;11577729;154.013;154.033;154.023;0;T;True;3
1621239725000;11577731;154.011;154.031;154.021;1;T;True;3
1621239726000;11577732;154.011;154.031;154.021;0;T;True;3
1621239727000;11577734;154.01;154.03;154.02;1;T;True;3
1621239728000;11577736;154.009;154.029;154.019;1;T;True;3
1621239729000;11577737;154.009;154.029;154.019;0;T;True;3
1621239730000;11577738;154.009;154.029;154.019;0;T;True;3
1621239731000;11577739;154.009;154.029;154.019;0;T;True;3
1621239732000;11577740;154.009;154.029;154.019;0;T;True;3
1621239733000;11577741;154.009;154.029;154.019;0;T;True;3
1621239734000;11577742;154.009;154.029;154.019;0;T;True;3
1621239735000;11577744;154.007;154.027;154.017;1;T;True;3
1621239736000;11577745;154.007;154.027;154.017;0;T;True;3
1621239737000;11577746;154.007;154.027;154.017;0;T;True;3
1621239738000;11577747;154.007;154.027;154.017;0;T;True;3
1621239739000;11577749;154.006;154.026;154.016;1;T;True;3
1621239740000;11577751;154.005;154.025;154.015;1;T;True;3
1621239741000;11577754;154.001;154.021;154.011;2;T;True;3
1621239742000;11577755;154.001;154.021;154.011;0;T;True;3
1621239743000;11577756;154.001;154.021;154.011;0;T;True;3
1621239744000;11577757;154.001;154.021;154.011;0;T;True;3
1621239745000;11577759;154.0;154.02;154.01;1;T;True;3
1621239746000;11577764;153.989;154.009;153.999;4;T;True;3
1621239747000;11577765;153.989;154.009;153.999;0;T;True;3
1621239748000;11577766;153.989;154.009;153.999;0;T;True;3
1621239749000;11577769;153.989;154.009;153.999;2;T;True;3
1621239750000;11577770;153.989;154.009;153.999;0;T;True;3
1621239751000;11577772;153.991;154.011;154.001;1;T;True;3
1621239752000;11577773;153.991;154.011;154.001;0;T;True;3
1621239753000;11577774;153.991;154.011;154.001;0;T;True;3
1621239754000;11577779;153.987;154.007;153.997;4;T;True;3
1621239755000;11577782;153.981;154.001;153.991;2;T;True;3
1621239756000;11577783;153.981;154.001;153.991;0;T;True;3
1621239757000;11577784;153.981;154.001;153.991;0;T;True;3
1621239758000;11577785;153.981;154.001;153.991;0;T;True;3
1621239759000;11577786;153.981;154.001;153.991;0;T;True;3
1621239760000;11577787;153.981;154.001;153.991;0;T;True;3
1621239761000;11577788;153.981;154.001;153.991;0;T;True;3
1621239762000;11577789;153.981;154.001;153.991;0;T;True;3
1621239763000;11577790;153.981;154.001;153.991;0;T;True;3
1621239764000;11577795;153.991;154.011;154.001;4;T;True;3
1621239765000;11577798;153.991;154.011;154.001;2;T;True;3
1621239766000;11577799;153.991;154.011;154.001;0;T;True;3
1621239767000;11577801;153.997;154.017;154.007;1;T;True;3
1621239768000;11577803;153.995;154.015;154.005;1;T;True;3
1621239769000;11577808;153.997;154.017;154.007;4;T;True;3
1621239770000;11577809;153.997;154.017;154.007;0;T;True;3
1621239771000;11577814;153.989;154.009;153.999;4;T;True;3
1621239772000;11577815;153.989;154.009;153.999;0;T;True;3
1621239773000;11577817;153.99;154.01;154.0;1;T;True;3
1621239774000;11577818;153.99;154.01;154.0;0;T;True;3
1621239775000;11577820;153.991;154.011;154.001;1;T;True;3
1621239776000;11577821;153.991;154.011;154.001;0;T;True;3
1621239777000;11577822;153.991;154.011;154.001;0;T;True;3
1621239778000;11577825;153.995;154.015;154.005;2;T;True;3
1621239779000;11577826;153.995;154.015;154.005;0;T;True;3
1621239780000;11577827;153.995;154.015;154.005;0;T;True;3
1621239781000;11577828;153.995;154.015;154.005;0;T;True;3
1621239782000;11577832;153.999;154.019;154.009;3;T;True;3
1621239783000;11577834;154.001;154.021;154.011;1;T;True;3
1621239784000;11577835;154.001;154.021;154.011;0;T;True;3
1621239785000;11577837;153.999;154.019;154.009;1;T;True;3
1621239786000;11577841;153.99;154.01;154.0;3;T;True;3
1621239787000;11577845;153.986;154.006;153.996;3;T;True;3
1621239788000;11577847;153.983;154.003;153.993;1;T;True;3
1621239789000;11577848;153.983;154.003;153.993;0;T;True;3
1621239790000;11577849;153.983;154.003;153.993;0;T;True;3
1621239791000;11577850;153.983;154.003;153.993;0;T;True;3
1621239792000;11577851;153.983;154.003;153.993;0;T;True;3
1621239793000;11577852;153.983;154.003;153.993;0;T;True;3
1621239794000;11577853;153.983;154.003;153.993;0;T;True;3
1621239795000;11577856;153.984;154.004;153.994;2;T;True;3
1621239796000;11577859;153.981;154.001;153.991;2;T;True;3
1621239797000;11577860;153.981;154.001;153.991;0;T;True;3
1621239798000;11577861;153.981;154.001;153.991;0;T;True;3
1621239799000;11577862;153.981;154.001;153.991;0;T;True;3
1621239800000;11577864;153.979;153.999;153.989;1;T;True;3
1621239801000;11577865;153.979;153.999;153.989;0;T;True;3
1621239802000;11577866;153.979;153.999;153.989;0;T;True;3
1621239803000;11577868;153.977;153.997;153.987;1;T;True;3
1621239804000;11577869;153.977;153.997;153.987;0;T;True;3
1621239805000;11577870;153.977;153.997;153.987;0;T;True;3
1621239806000;11577872;153.975;153.995;153.985;1;T;True;3
1621239807000;11577873;153.975;153.995;153.985;0;T;True;3
1621239808000;11577874;153.975;153.995;153.985;0;T;True;3
1621239809000;11577875;153.975;153.995;153.985;0;T;True;3
1621239810000;11577876;153.975;153.995;153.985;0;T;True;3
1621239811000;11577881;153.978;153.998;153.988;4;T;True;3
1621239812000;11577883;153.977;153.997;153.987;1;T;True;3
1621239813000;11577884;153.977;153.997;153.987;0;T;True;3
1621239814000;11577885;153.977;153.997;153.987;0;T;True;3
1621239815000;11577887;153.98;154.0;153.99;1;T;True;3
1621239816000;11577892;153.977;153.997;153.987;4;T;True;3
1621239817000;11577894;153.976;153.996;153.986;1;T;True;3
1621239818000;11577896;153.975;153.995;153.985;1;T;True;3
1621239819000;11577897;153.975;153.995;153.985;0;T;True;3
1621239820000;11577898;153.975;153.995;153.985;0;T;True;3
1621239821000;11577899;153.975;153.995;153.985;0;T;True;3
1621239822000;11577900;153.975;153.995;153.985;0;T;True;3
1621239823000;11577902;153.973;153.993;153.983;1;T;True;3
1621239824000;11577903;153.973;153.993;153.983;0;T;True;3
1621239825000;11577905;153.975;153.995;153.985;1;T;True;3
1621239826000;11577906;153.975;153.995;153.985;0;T;True;3
1621239827000;11577909;153.973;153.993;153.983;2;T;True;3
1621239828000;11577910;153.973;153.993;153.983;0;T;True;3
1621239829000;11577913;153.973;153.993;153.983;2;T;True;3
1621239830000;11577914;153.973;153.993;153.983;0;T;True;3
1621239831000;11577915;153.973;153.993;153.983;0;T;True;3
1621239832000;11577916;153.973;153.993;153.983;0;T;True;3
1621239833000;11577917;153.973;153.993;153.983;0;T;True;3
1621239834000;11577920;153.977;153.997;153.987;2;T;True;3
1621239835000;11577921;153.977;153.997;153.987;0;T;True;3
1621239836000;11577925;153.974;153.994;153.984;3;T;True;3
1621239837000;11577926;153.974;153.994;153.984;0;T;True;3
1621239838000;11577928;153.973;153.993;153.983;1;T;True;3
1621239839000;11577930;153.974;153.994;153.984;1;T;True;3
1621239840000;11577931;153.974;153.994;153.984;0;T;True;3
1621239841000;11577933;153.973;153.993;153.983;1;T;True;3
1621239842000;11577934;153.973;153.993;153.983;0;T;True;3
1621239843000;11577941;153.983;154.003;153.993;6;T;True;3
1621239844000;11577942;153.983;154.003;153.993;0;T;True;3
1621239845000;11577946;153.988;154.008;153.998;3;T;True;3
1621239846000;11577947;153.988;154.008;153.998;0;T;True;3
1621239847000;11577948;153.988;154.008;153.998;0;T;True;3
1621239848000;11577949;153.988;154.008;153.998;0;T;True;3
1621239849000;11577950;153.988;154.008;153.998;0;T;True;3
1621239850000;11577951;153.988;154.008;153.998;0;T;True;3
1621239851000;11577952;153.988;154.008;153.998;0;T;True;3
1621239852000;11577953;153.988;154.008;153.998;0;T;True;3
1621239853000;11577954;153.988;154.008;153.998;0;T;True;3
1621239854000;11577955;153.988;154.008;153.998;0;T;True;3
1621239855000;11577958;153.991;154.011;154.001;2;T;True;3
1621239856000;11577961;153.989;154.009;153.999;2;T;True;3
1621239857000;11577962;153.989;154.009;153.999;0;T;True;3
1621239858000;11577963;153.989;154.009;153.999;0;T;True;3
1621239859000;11577964;153.989;154.009;153.999;0;T;True;3
1621239860000;11577965;153.989;154.009;153.999;0;T;True;3
1621239861000;11577966;153.989;154.009;153.999;0;T;True;3
1621239862000;11577967;153.989;154.009;153.999;0;T;True;3
1621239863000;11577968;153.989;154.009;153.999;0;T;True;3
1621239864000;11577969;153.989;154.009;153.999;0;T;True;3
1621239865000;11577970;153.989;154.009;153.999;0;T;True;3
1621239866000;11577972;153.99;154.01;154.0;1;T;True;3
1621239867000;11577973;153.99;154.01;154.0;0;T;True;3
1621239868000;11577975;153.993;154.013;154.003;1;T;True;3
1621239869000;11577976;153.993;154.013;154.003;0;T;True;3
1621239870000;11577979;153.997;154.017;154.007;2;T;True;3
1621239871000;11577980;153.997;154.017;154.007;0;T;True;3
1621239872000;11577981;153.997;154.017;154.007;0;T;True;3
1621239873000;11577985;154.002;154.022;154.012;3;T;True;3
1621239874000;11577986;154.002;154.022;154.012;0;T;True;3
1621239875000;11577988;154.004;154.024;154.014;1;T;True;3
1621239876000;11577991;154.003;154.023;154.013;2;T;True;3
1621239877000;11577993;154.001;154.021;154.011;1;T;True;3
1621239878000;11577996;154.005;154.025;154.015;2;T;True;3
1621239879000;11577997;154.005;154.025;154.015;0;T;True;3
1621239880000;11577999;154.004;154.024;154.014;1;T;True;3
1621239881000;11578001;153.999;154.019;154.009;1;T;True;3
1621239882000;11578002;153.999;154.019;154.009;0;T;True;3
1621239883000;11578003;153.999;154.019;154.009;0;T;True;3
1621239884000;11578006;153.999;154.019;154.009;2;T;True;3
1621239885000;11578007;153.999;154.019;154.009;0;T;True;3
1621239886000;11578008;153.999;154.019;154.009;0;T;True;3
1621239887000;11578011;153.99;154.01;154.0;2;T;True;3
1621239888000;11578012;153.99;154.01;154.0;0;T;True;3
1621239889000;11578016;153.995;154.015;154.005;3;T;True;3
1621239890000;11578017;153.995;154.015;154.005;0;T;True;3
1621239891000;11578019;153.993;154.013;154.003;1;T;True;3
1621239892000;11578020;153.993;154.013;154.003;0;T;True;3
1621239893000;11578023;153.989;154.009;153.999;2;T;True;3
1621239894000;11578024;153.989;154.009;153.999;0;T;True;3
1621239895000;11578025;153.989;154.009;153.999;0;T;True;3
1621239896000;11578026;153.989;154.009;153.999;0;T;True;3
1621239897000;11578029;153.993;154.013;154.003;2;T;True;3
1621239898000;11578031;153.995;154.015;154.005;1;T;True;3
1621239899000;11578032;153.995;154.015;154.005;0;T;True;3
1621239900000;11578033;153.995;154.015;154.005;0;T;True;3
1621239901000;11578036;153.995;154.015;154.005;2;T;True;3
1621239902000;11578038;153.996;154.016;154.006;1;T;True;3
1621239903000;11578040;153.997;154.017;154.007;1;T;True;3
1621239904000;11578041;153.997;154.017;154.007;0;T;True;3
1621239905000;11578043;153.999;154.019;154.009;1;T;True;3
1621239906000;11578044;153.999;154.019;154.009;0;T;True;3
1621239907000;11578045;153.999;154.019;154.009;0;T;True;3
1621239908000;11578046;153.999;154.019;154.009;0;T;True;3
1621239909000;11578049;153.997;154.017;154.007;2;T;True;3
1621239910000;11578052;153.994;154.014;154.004;2;T;True;3
1621239911000;11578053;153.994;154.014;154.004;0;T;True;3
1621239912000;11578056;153.994;154.014;154.004;2;T;True;3
1621239913000;11578059;153.993;154.013;154.003;2;T;True;3
1621239914000;11578066;153.993;154.013;154.003;6;T;True;3
1621239915000;11578068;153.992;154.012;154.002;1;T;True;3
1621239916000;11578071;153.989;154.009;153.999;2;T;True;3
1621239917000;11578072;153.989;154.009;153.999;0;T;True;3
1621239918000;11578073;153.989;154.009;153.999;0;T;True;3
1621239919000;11578074;153.989;154.009;153.999;0;T;True;3
1621239920000;11578075;153.989;154.009;153.999;0;T;True;3
1621239921000;11578076;153.989;154.009;153.999;0;T;True;3
1621239922000;11578077;153.989;154.009;153.999;0;T;True;3
1621239923000;11578078;153.989;154.009;153.999;0;T;True;3
1621239924000;11578079;153.989;154.009;153.999;0;T;True;3
1621239925000;11578080;153.989;154.009;153.999;0;T;True;3
1621239926000;11578081;153.989;154.009;153.999;0;T;True;3
1621239927000;11578082;153.989;154.009;153.999;0;T;True;3
1621239928000;11578083;153.989;154.009;153.999;0;T;True;3
1621239929000;11578084;153.989;154.009;153.999;0;T;True;3
1621239930000;11578085;153.989;154.009;153.999;0;T;True;3
1621239931000;11578087;153.995;154.015;154.005;1;T;True;3
1621239932000;11578096;154.011;154.031;154.021;8;T;True;3
1621239933000;11578098;154.01;154.03;154.02;1;T;True;3
1621239934000;11578099;154.01;154.03;154.02;0;T;True;3
1621239935000;11578101;154.009;154.029;154.019;1;T;True;3
1621239936000;11578102;154.009;154.029;154.019;0;T;True;3
1621239937000;11578104;154.011;154.031;154.021;1;T;True;3
1621239938000;11578106;154.01;154.03;154.02;1;T;True;3
1621239939000;11578107;154.01;154.03;154.02;0;T;True;3
1621239940000;11578108;154.01;154.03;154.02;0;T;True;3
1621239941000;11578109;154.01;154.03;154.02;0;T;True;3
1621239942000;11578110;154.01;154.03;154.02;0;T;True;3
1621239943000;11578120;153.985;154.005;153.995;9;T;True;3
1621239944000;11578124;153.985;154.005;153.995;3;T;True;3
1621239945000;11578126;153.984;154.004;153.994;1;T;True;3
1621239946000;11578127;153.984;154.004;153.994;0;T;True;3
1621239947000;11578128;153.984;154.004;153.994;0;T;True;3
1621239948000;11578131;153.981;154.001;153.991;2;T;True;3
1621239949000;11578132;153.981;154.001;153.991;0;T;True;3
1621239950000;11578134;153.983;154.003;153.993;1;T;True;3
1621239951000;11578135;153.983;154.003;153.993;0;T;True;3
1621239952000;11578139;153.992;154.012;154.002;3;T;True;3
1621239953000;11578140;153.992;154.012;154.002;0;T;True;3
1621239954000;11578142;153.993;154.013;154.003;1;T;True;3
1621239955000;11578143;153.993;154.013;154.003;0;T;True;3
1621239956000;11578146;153.993;154.013;154.003;2;T;True;3
1621239957000;11578147;153.993;154.013;154.003;0;T;True;3
1621239958000;11578148;153.993;154.013;154.003;0;T;True;3
1621239959000;11578150;153.995;154.015;154.005;1;T;True;3
1621239960000;11578151;153.995;154.015;154.005;0;T;True;3
1621239961000;11578154;153.993;154.013;154.003;2;T;True;3
1621239962000;11578156;153.994;154.014;154.004;1;T;True;3
1621239963000;11578158;153.996;154.016;154.006;1;T;True;3
1621239964000;11578159;153.996;154.016;154.006;0;T;True;3
1621239965000;11578163;153.998;154.018;154.008;3;T;True;3
1621239966000;11578167;153.993;154.013;154.003;3;T;True;3
1621239967000;11578168;153.993;154.013;154.003;0;T;True;3
1621239968000;11578170;153.995;154.015;154.005;1;T;True;3
1621239969000;11578171;153.995;154.015;154.005;0;T;True;3
1621239970000;11578172;153.995;154.015;154.005;0;T;True;3
1621239971000;11578173;153.995;154.015;154.005;0;T;True;3
1621239972000;11578174;153.995;154.015;154.005;0;T;True;3
1621239973000;11578175;153.995;154.015;154.005;0;T;True;3
1621239974000;11578176;153.995;154.015;154.005;0;T;True;3
1621239975000;11578179;153.997;154.017;154.007;2;T;True;3
1621239976000;11578183;153.996;154.016;154.006;3;T;True;3
1621239977000;11578184;153.996;154.016;154.006;0;T;True;3
1621239978000;11578187;154.004;154.024;154.014;2;T;True;3
1621239979000;11578188;154.004;154.024;154.014;0;T;True;3
1621239980000;11578190;154.003;154.023;154.013;1;T;True;3
1621239981000;11578191;154.003;154.023;154.013;0;T;True;3
1621239982000;11578192;154.003;154.023;154.013;0;T;True;3
1621239983000;11578195;153.999;154.019;154.009;2;T;True;3
1621239984000;11578200;154.005;154.025;154.015;4;T;True;3
1621239985000;11578201;154.005;154.025;154.015;0;T;True;3
1621239986000;11578202;154.005;154.025;154.015;0;T;True;3
1621239987000;11578203;154.005;154.025;154.015;0;T;True;3
1621239988000;11578205;154.004;154.024;154.014;1;T;True;3
