ts;n;bid;ask;value;volume;phase;round;active_id
1621265262000;11625079;154.158;154.178;154.168;0;T;True;3
1621265263000;11625080;154.158;154.178;154.168;0;T;True;3
1621265264000;11625082;154.157;154.177;154.167;1;T;True;3
1621265265000;11625083;154.157;154.177;154.167;0;T;True;3
1621265266000;11625085;154.156;154.176;154.166;1;T;True;3
1621265267000;11625088;154.156;154.176;154.166;2;T;True;3
1621265268000;11625089;154.156;154.176;154.166;0;T;True;3
1621265269000;11625091;154.157;154.177;154.167;1;T;True;3
1621265270000;11625093;154.159;154.179;154.169;1;T;True;3
1621265271000;11625094;154.159;154.179;154.169;0;T;True;3
1621265272000;11625095;154.159;154.179;154.169;0;T;True;3
1621265273000;11625096;154.159;154.179;154.169;0;T;True;3
1621265274000;11625097;154.159;154.179;154.169;0;T;True;3
1621265275000;11625098;154.159;154.179;154.169;0;T;True;3
1621265276000;11625099;154.159;154.179;154.169;0;T;True;3
1621265277000;11625100;154.159;154.179;154.169;0;T;True;3
1621265278000;11625101;154.159;154.179;154.169;0;T;True;3
1621265279000;11625102;154.159;154.179;154.169;0;T;True;3
1621265280000;11625103;154.159;154.179;154.169;0;T;True;3
1621265281000;11625106;154.16;154.18;154.17;2;T;True;3
1621265282000;11625108;154.161;154.181;154.171;1;T;True;3
1621265283000;11625109;154.161;154.181;154.171;0;T;True;3
1621265284000;11625111;154.162;154.182;154.172;1;T;True;3
1621265285000;11625112;154.162;154.182;154.172;0;T;True;3
1621265286000;11625113;154.162;154.182;154.172;0;T;True;3
1621265287000;11625115;154.161;154.181;154.171;1;T;True;3
1621265288000;11625119;154.159;154.179;154.169;3;T;True;3
1621265289000;11625123;154.153;154.173;154.163;3;T;True;3
1621265290000;11625125;154.155;154.175;154.165;1;T;True;3
1621265291000;11625126;154.155;154.175;154.165;0;T;True;3
1621265292000;11625128;154.157;154.177;154.167;1;T;True;3
1621265293000;11625131;154.161;154.181;154.171;2;T;True;3
1621265294000;11625133;154.16;154.18;154.17;1;T;True;3
1621265295000;11625137;154.156;154.176;154.166;3;T;True;3
1621265296000;11625138;154.156;154.176;154.166;0;T;True;3
1621265297000;11625139;154.156;154.176;154.166;0;T;True;3
1621265298000;11625141;154.155;154.175;154.165;1;T;True;3
1621265299000;11625142;154.155;154.175;154.165;0;T;True;3
1621265300000;11625143;154.155;154.175;154.165;0;T;True;3
1621265301000;11625144;154.155;154.175;154.165;0;T;True;3
1621265302000;11625145;154.155;154.175;154.165;0;T;True;3
1621265303000;11625146;154.155;154.175;154.165;0;T;True;3
1621265304000;11625148;154.157;154.177;154.167;1;T;True;3
1621265305000;11625149;154.157;154.177;154.167;0;T;True;3
1621265306000;11625150;154.157;154.177;154.167;0;T;True;3
1621265307000;11625152;154.158;154.178;154.168;1;T;True;3
1621265308000;11625154;154.156;154.176;154.166;1;T;True;3
1621265309000;11625156;154.155;154.175;154.165;1;T;True;3
1621265310000;11625157;154.155;154.175;154.165;0;T;True;3
1621265311000;11625158;154.155;154.175;154.165;0;T;True;3
1621265312000;11625160;154.156;154.176;154.166;1;T;True;3
1621265313000;11625161;154.156;154.176;154.166;0;T;True;3
1621265314000;11625164;154.16;154.18;154.17;2;T;True;3
1621265315000;11625166;154.159;154.179;154.169;1;T;True;3
1621265316000;11625170;154.163;154.183;154.173;3;T;True;3
1621265317000;11625172;154.164;154.184;154.174;1;T;True;3
1621265318000;11625175;154.161;154.181;154.171;2;T;True;3
1621265319000;11625177;154.163;154.183;154.173;1;T;True;3
1621265320000;11625179;154.162;154.182;154.172;1;T;True;3
1621265321000;11625180;154.162;154.182;154.172;0;T;True;3
1621265322000;11625182;154.163;154.183;154.173;1;T;True;3
1621265323000;11625183;154.163;154.183;154.173;0;T;True;3
1621265324000;11625184;154.163;154.183;154.173;0;T;True;3
1621265325000;11625185;154.163;154.183;154.173;0;T;True;3
1621265326000;11625189;154.155;154.175;154.165;3;T;True;3
1621265327000;11625190;154.155;154.175;154.165;0;T;True;3
1621265328000;11625192;154.153;154.173;154.163;1;T;True;3
1621265329000;11625193;154.153;154.173;154.163;0;T;True;3
1621265330000;11625194;154.153;154.173;154.163;0;T;True;3
1621265331000;11625195;154.153;154.173;154.163;0;T;True;3
1621265332000;11625196;154.153;154.173;154.163;0;T;True;3
1621265333000;11625198;154.152;154.172;154.162;1;T;True;3
1621265334000;11625199;154.152;154.172;154.162;0;T;True;3
1621265335000;11625200;154.152;154.172;154.162;0;T;True;3
1621265336000;11625202;154.153;154.173;154.163;1;T;True;3
1621265337000;11625205;154.158;154.178;154.168;2;T;True;3
1621265338000;11625209;154.154;154.174;154.164;3;T;True;3
1621265339000;11625211;154.153;154.173;154.163;1;T;True;3
1621265340000;11625212;154.153;154.173;154.163;0;T;True;3
1621265341000;11625214;154.152;154.172;154.162;1;T;True;3
1621265342000;11625215;154.152;154.172;154.162;0;T;True;3
1621265343000;11625217;154.153;154.173;154.163;1;T;True;3
1621265344000;11625219;154.155;154.175;154.165;1;T;True;3
1621265345000;11625222;154.161;154.181;154.171;2;T;True;3
1621265346000;11625224;154.16;154.18;154.17;1;T;True;3
1621265347000;11625225;154.16;154.18;154.17;0;T;True;3
1621265348000;11625226;154.16;154.18;154.17;0;T;True;3
1621265349000;11625227;154.16;154.18;154.17;0;T;True;3
1621265350000;11625229;154.159;154.179;154.169;1;T;True;3
1621265351000;11625231;154.16;154.18;154.17;1;T;True;3
1621265352000;11625232;154.16;154.18;154.17;0;T;True;3
1621265353000;11625233;154.16;154.18;154.17;0;T;True;3
1621265354000;11625235;154.161;154.181;154.171;1;T;True;3
1621265355000;11625236;154.161;154.181;154.171;0;T;True;3
1621265356000;11625237;154.161;154.181;154.171;0;T;True;3
1621265357000;11625238;154.161;154.181;154.171;0;T;True;3
1621265358000;11625239;154.161;154.181;154.171;0;T;True;3
1621265359000;11625240;154.161;154.181;154.171;0;T;True;3
1621265360000;11625241;154.161;154.181;154.171;0;T;True;3
1621265361000;11625242;154.161;154.181;154.171;0;T;True;3
1621265362000;11625243;154.161;154.181;154.171;0;T;True;3
1621265363000;11625244;154.161;154.181;154.171;0;T;True;3
1621265364000;11625247;154.163;154.183;154.173;2;T;True;3
1621265365000;11625248;154.163;154.183;154.173;0;T;True;3
1621265366000;11625250;154.162;154.182;154.172;1;T;True;3
1621265367000;11625251;154.162;154.182;154.172;0;T;True;3
1621265368000;11625253;154.163;154.183;154.173;1;T;True;3
1621265369000;11625255;154.162;154.182;154.172;1;T;True;3
1621265370000;11625256;154.162;154.182;154.172;0;T;True;3
1621265371000;11625257;154.162;154.182;154.172;0;T;True;3
1621265372000;11625259;154.163;154.183;154.173;1;T;True;3
1621265373000;11625260;154.163;154.183;154.173;0;T;True;3
1621265374000;11625262;154.161;154.181;154.171;1;T;True;3
1621265375000;11625265;154.161;154.181;154.171;2;T;True;3
1621265376000;11625266;154.161;154.181;154.171;0;T;True;3
1621265377000;11625272;154.152;154.172;154.162;5;T;True;3
1621265378000;11625273;154.152;154.172;154.162;0;T;True;3
1621265379000;11625277;154.149;154.169;154.159;3;T;True;3
1621265380000;11625278;154.149;154.169;154.159;0;T;True;3
1621265381000;11625279;154.149;154.169;154.159;0;T;True;3
1621265382000;11625280;154.149;154.169;154.159;0;T;True;3
1621265383000;11625282;154.151;154.171;154.161;1;T;True;3
1621265384000;11625285;154.149;154.169;154.159;2;T;True;3
1621265385000;11625286;154.149;154.169;154.159;0;T;True;3
1621265386000;11625287;154.149;154.169;154.159;0;T;True;3
1621265387000;11625288;154.149;154.169;154.159;0;T;True;3
1621265388000;11625289;154.149;154.169;154.159;0;T;True;3
1621265389000;11625290;154.149;154.169;154.159;0;T;True;3
1621265390000;11625291;154.149;154.169;154.159;0;T;True;3
1621265391000;11625293;154.151;154.171;154.161;1;T;True;3
1621265392000;11625294;154.151;154.171;154.161;0;T;True;3
1621265393000;11625295;154.151;154.171;154.161;0;T;True;3
1621265394000;11625297;154.15;154.17;154.16;1;T;True;3
1621265395000;11625298;154.15;154.17;154.16;0;T;True;3
1621265396000;11625299;154.15;154.17;154.16;0;T;True;3
1621265397000;11625300;154.15;154.17;154.16;0;T;True;3
1621265398000;11625302;154.149;154.169;154.159;1;T;True;3
1621265399000;11625303;154.149;154.169;154.159;0;T;True;3
1621265400000;11625305;154.15;154.17;154.16;1;T;True;3
1621265401000;11625307;154.151;154.171;154.161;1;T;True;3
1621265402000;11625308;154.151;154.171;154.161;0;T;True;3
1621265403000;11625309;154.151;154.171;154.161;0;T;True;3
1621265404000;11625310;154.151;154.171;154.161;0;T;True;3
1621265405000;11625311;154.151;154.171;154.161;0;T;True;3
1621265406000;11625315;154.153;154.173;154.163;3;T;True;3
1621265407000;11625318;154.157;154.177;154.167;2;T;True;3
1621265408000;11625319;154.157;154.177;154.167;0;T;True;3
1621265409000;11625321;154.156;154.176;154.166;1;T;True;3
1621265410000;11625322;154.156;154.176;154.166;0;T;True;3
1621265411000;11625324;154.157;154.177;154.167;1;T;True;3
1621265412000;11625325;154.157;154.177;154.167;0;T;True;3
1621265413000;11625327;154.155;154.175;154.165;1;T;True;3
1621265414000;11625328;154.155;154.175;154.165;0;T;True;3
1621265415000;11625331;154.162;154.182;154.172;2;T;True;3
1621265416000;11625335;154.169;154.189;154.179;3;T;True;3
1621265417000;11625336;154.169;154.189;154.179;0;T;True;3
1621265418000;11625337;154.169;154.189;154.179;0;T;True;3
1621265419000;11625338;154.169;154.189;154.179;0;T;True;3
1621265420000;11625340;154.17;154.19;154.18;1;T;True;3
1621265421000;11625343;154.175;154.195;154.185;2;T;True;3
1621265422000;11625345;154.171;154.191;154.181;1;T;True;3
1621265423000;11625346;154.171;154.191;154.181;0;T;True;3
1621265424000;11625347;154.171;154.191;154.181;0;T;True;3
1621265425000;11625349;154.17;154.19;154.18;1;T;True;3
1621265426000;11625350;154.17;154.19;154.18;0;T;True;3
1621265427000;11625353;154.17;154.19;154.18;2;T;True;3
1621265428000;11625354;154.17;154.19;154.18;0;T;True;3
1621265429000;11625355;154.17;154.19;154.18;0;T;True;3
1621265430000;11625357;154.171;154.191;154.181;1;T;True;3
1621265431000;11625361;154.179;154.199;154.189;3;T;True;3
1621265432000;11625362;154.179;154.199;154.189;0;T;True;3
1621265433000;11625363;154.179;154.199;154.189;0;T;True;3
1621265434000;11625364;154.179;154.199;154.189;0;T;True;3
1621265435000;11625365;154.179;154.199;154.189;0;T;True;3
1621265436000;11625366;154.179;154.199;154.189;0;T;True;3
1621265437000;11625367;154.179;154.199;154.189;0;T;True;3
1621265438000;11625368;154.179;154.199;154.189;0;T;True;3
1621265439000;11625369;154.179;154.199;154.189;0;T;True;3
1621265440000;11625370;154.179;154.199;154.189;0;T;True;3
1621265441000;11625373;154.179;154.199;154.189;2;T;True;3
1621265442000;11625375;154.18;154.2;154.19;1;T;True;3
1621265443000;11625376;154.18;154.2;154.19;0;T;True;3
1621265444000;11625378;154.179;154.199;154.189;1;T;True;3
1621265445000;11625380;154.178;154.198;154.188;1;T;True;3
1621265446000;11625382;154.177;154.197;154.187;1;T;True;3
1621265447000;11625383;154.177;154.197;154.187;0;T;True;3
1621265448000;11625386;154.171;154.191;154.181;2;T;True;3
1621265449000;11625387;154.171;154.191;154.181;0;T;True;3
1621265450000;11625388;154.171;154.191;154.181;0;T;True;3
1621265451000;11625390;154.17;154.19;154.18;1;T;True;3
1621265452000;11625391;154.17;154.19;154.18;0;T;True;3
1621265453000;11625392;154.17;154.19;154.18;0;T;True;3
1621265454000;11625394;154.171;154.191;154.181;1;T;True;3
1621265455000;11625395;154.171;154.191;154.181;0;T;True;3
1621265456000;11625396;154.171;154.191;154.181;0;T;True;3
1621265457000;11625402;154.171;154.191;154.181;5;T;True;3
1621265458000;11625406;154.17;154.19;154.18;3;T;True;3
1621265459000;11625410;154.173;154.193;154.183;3;T;True;3
1621265460000;11625411;154.173;154.193;154.183;0;T;True;3
1621265461000;11625412;154.173;154.193;154.183;0;T;True;3
1621265462000;11625416;154.175;154.195;154.185;3;T;True;3
1621265463000;11625417;154.175;154.195;154.185;0;T;True;3
1621265464000;11625419;154.174;154.194;154.184;1;T;True;3
1621265465000;11625420;154.174;154.194;154.184;0;T;True;3
1621265466000;11625421;154.174;154.194;154.184;0;T;True;3
1621265467000;11625424;154.176;154.196;154.186;2;T;True;3
1621265468000;11625425;154.176;154.196;154.186;0;T;True;3
1621265469000;11625427;154.177;154.197;154.187;1;T;True;3
1621265470000;11625428;154.177;154.197;154.187;0;T;True;3
1621265471000;11625431;154.17;154.19;154.18;2;T;True;3
1621265472000;11625435;154.175;154.195;154.185;3;T;True;3
1621265473000;11625436;154.175;154.195;154.185;0;T;True;3
1621265474000;11625440;154.172;154.192;154.182;3;T;True;3
1621265475000;11625444;154.167;154.187;154.177;3;T;True;3
1621265476000;11625445;154.167;154.187;154.177;0;T;True;3
1621265477000;11625446;154.167;154.187;154.177;0;T;True;3
1621265478000;11625447;154.167;154.187;154.177;0;T;True;3
1621265479000;11625448;154.167;154.187;154.177;0;T;True;3
1621265480000;11625451;154.167;154.187;154.177;2;T;True;3
1621265481000;11625452;154.167;154.187;154.177;0;T;True;3
1621265482000;11625455;154.167;154.187;154.177;2;T;True;3
1621265483000;11625456;154.167;154.187;154.177;0;T;True;3
1621265484000;11625457;154.167;154.187;154.177;0;T;True;3
1621265485000;11625458;154.167;154.187;154.177;0;T;True;3
1621265486000;11625459;154.167;154.187;154.177;0;T;True;3
1621265487000;11625460;154.167;154.187;154.177;0;T;True;3
1621265488000;11625467;154.161;154.181;154.171;6;T;True;3
1621265489000;11625471;154.165;154.185;154.175;3;T;True;3
1621265490000;11625473;154.167;154.187;154.177;1;T;True;3
1621265491000;11625476;154.167;154.187;154.177;2;T;True;3
1621265492000;11625478;154.169;154.189;154.179;1;T;True;3
1621265493000;11625481;154.165;154.185;154.175;2;T;True;3
1621265494000;11625482;154.165;154.185;154.175;0;T;True;3
1621265495000;11625483;154.165;154.185;154.175;0;T;True;3
1621265496000;11625484;154.165;154.185;154.175;0;T;True;3
1621265497000;11625485;154.165;154.185;154.175;0;T;True;3
1621265498000;11625486;154.165;154.185;154.175;0;T;True;3
1621265499000;11625487;154.165;154.185;154.175;0;T;True;3
1621265500000;11625488;154.165;154.185;154.175;0;T;True;3
1621265501000;11625489;154.165;154.185;154.175;0;T;True;3
1621265502000;11625491;154.167;154.187;154.177;1;T;True;3
1621265503000;11625499;154.177;154.197;154.187;7;T;True;3
1621265504000;11625501;154.179;154.199;154.189;1;T;True;3
1621265505000;11625503;154.177;154.197;154.187;1;T;True;3
1621265506000;11625504;154.177;154.197;154.187;0;T;True;3
1621265507000;11625506;154.175;154.195;154.185;1;T;True;3
1621265508000;11625507;154.175;154.195;154.185;0;T;True;3
1621265509000;11625508;154.175;154.195;154.185;0;T;True;3
1621265510000;11625510;154.176;154.196;154.186;1;T;True;3
1621265511000;11625512;154.175;154.195;154.185;1;T;True;3
1621265512000;11625518;154.179;154.199;154.189;5;T;True;3
1621265513000;11625519;154.179;154.199;154.189;0;T;True;3
1621265514000;11625524;154.179;154.199;154.189;4;T;True;3
1621265515000;11625525;154.179;154.199;154.189;0;T;True;3
1621265516000;11625526;154.179;154.199;154.189;0;T;True;3
1621265517000;11625527;154.179;154.199;154.189;0;T;True;3
1621265518000;11625530;154.175;154.195;154.185;2;T;True;3
1621265519000;11625531;154.175;154.195;154.185;0;T;True;3
1621265520000;11625533;154.173;154.193;154.183;1;T;True;3
1621265521000;11625534;154.173;154.193;154.183;0;T;True;3
1621265522000;11625535;154.173;154.193;154.183;0;T;True;3
1621265523000;11625536;154.173;154.193;154.183;0;T;True;3
1621265524000;11625537;154.173;154.193;154.183;0;T;True;3
1621265525000;11625538;154.173;154.193;154.183;0;T;True;3
1621265526000;11625540;154.172;154.192;154.182;1;T;True;3
1621265527000;11625542;154.171;154.191;154.181;1;T;True;3
1621265528000;11625546;154.167;154.187;154.177;3;T;True;3
1621265529000;11625547;154.167;154.187;154.177;0;T;True;3
1621265530000;11625548;154.167;154.187;154.177;0;T;True;3
1621265531000;11625549;154.167;154.187;154.177;0;T;True;3
1621265532000;11625550;154.167;154.187;154.177;0;T;True;3
1621265533000;11625552;154.166;154.186;154.176;1;T;True;3
1621265534000;11625554;154.165;154.185;154.175;1;T;True;3
1621265535000;11625557;154.161;154.181;154.171;2;T;True;3
1621265536000;11625558;154.161;154.181;154.171;0;T;True;3
1621265537000;11625559;154.161;154.181;154.171;0;T;True;3
1621265538000;11625561;154.16;154.18;154.17;1;T;True;3
1621265539000;11625565;154.159;154.179;154.169;3;T;True;3
1621265540000;11625566;154.159;154.179;154.169;0;T;True;3
1621265541000;11625568;154.161;154.181;154.171;1;T;True;3
1621265542000;11625570;154.163;154.183;154.173;1;T;True;3
1621265543000;11625571;154.163;154.183;154.173;0;T;True;3
1621265544000;11625573;154.161;154.181;154.171;1;T;True;3
1621265545000;11625574;154.161;154.181;154.171;0;T;True;3
1621265546000;11625575;154.161;154.181;154.171;0;T;True;3
1621265547000;11625576;154.161;154.181;154.171;0;T;True;3
1621265548000;11625577;154.161;154.181;154.171;0;T;True;3
1621265549000;11625578;154.161;154.181;154.171;0;T;True;3
1621265550000;11625580;154.163;154.183;154.173;1;T;True;3
1621265551000;11625583;154.166;154.186;154.176;2;T;True;3
1621265552000;11625586;154.164;154.184;154.174;2;T;True;3
1621265553000;11625587;154.164;154.184;154.174;0;T;True;3
1621265554000;11625588;154.164;154.184;154.174;0;T;True;3
1621265555000;11625591;154.167;154.187;154.177;2;T;True;3
1621265556000;11625592;154.167;154.187;154.177;0;T;True;3
1621265557000;11625593;154.167;154.187;154.177;0;T;True;3
1621265558000;11625595;154.166;154.186;154.176;1;T;True;3
1621265559000;11625598;154.168;154.188;154.178;2;T;True;3
1621265560000;11625599;154.168;154.188;154.178;0;T;True;3
1621265561000;11625600;154.168;154.188;154.178;0;T;True;3
1621265562000;11625601;154.168;154.188;154.178;0;T;True;3
1621265563000;11625602;154.168;154.188;154.178;0;T;True;3
1621265564000;11625603;154.168;154.188;154.178;0;T;True;3
1621265565000;11625605;154.169;154.189;154.179;1;T;True;3
1621265566000;11625607;154.17;154.19;154.18;1;T;True;3
1621265567000;11625608;154.17;154.19;154.18;0;T;True;3
1621265568000;11625611;154.166;154.186;154.176;2;T;True;3
1621265569000;11625612;154.166;154.186;154.176;0;T;True;3
1621265570000;11625613;154.166;154.186;154.176;0;T;True;3
1621265571000;11625615;154.168;154.188;154.178;1;T;True;3
1621265572000;11625616;154.168;154.188;154.178;0;T;True;3
1621265573000;11625619;154.162;154.182;154.172;2;T;True;3
1621265574000;11625620;154.162;154.182;154.172;0;T;True;3
1621265575000;11625626;154.151;154.171;154.161;5;T;True;3
1621265576000;11625627;154.151;154.171;154.161;0;T;True;3
1621265577000;11625629;154.155;154.175;154.165;1;T;True;3
1621265578000;11625632;154.155;154.175;154.165;2;T;True;3
1621265579000;11625633;154.155;154.175;154.165;0;T;True;3
1621265580000;11625635;154.154;154.174;154.164;1;T;True;3
1621265581000;11625637;154.155;154.175;154.165;1;T;True;3
1621265582000;11625638;154.155;154.175;154.165;0;T;True;3
1621265583000;11625640;154.157;154.177;154.167;1;T;True;3
1621265584000;11625643;154.154;154.174;154.164;2;T;True;3
1621265585000;11625647;154.159;154.179;154.169;3;T;True;3
1621265586000;11625651;154.157;154.177;154.167;3;T;True;3
1621265587000;11625654;154.162;154.182;154.172;2;T;True;3
1621265588000;11625657;154.163;154.183;154.173;2;T;True;3
1621265589000;11625659;154.162;154.182;154.172;1;T;True;3
1621265590000;11625660;154.162;154.182;154.172;0;T;True;3
1621265591000;11625661;154.162;154.182;154.172;0;T;True;3
1621265592000;11625662;154.162;154.182;154.172;0;T;True;3
1621265593000;11625664;154.161;154.181;154.171;1;T;True;3
1621265594000;11625665;154.161;154.181;154.171;0;T;True;3
1621265595000;11625668;154.158;154.178;154.168;2;T;True;3
1621265596000;11625671;154.161;154.181;154.171;2;T;True;3
1621265597000;11625673;154.159;154.179;154.169;1;T;True;3
1621265598000;11625676;154.161;154.181;154.171;2;T;True;3
1621265599000;11625678;154.163;154.183;154.173;1;T;True;3
1621265600000;11625679;154.163;154.183;154.173;0;T;True;3
1621265601000;11625681;154.164;154.184;154.174;1;T;True;3
1621265602000;11625682;154.164;154.184;154.174;0;T;True;3
1621265603000;11625683;154.164;154.184;154.174;0;T;True;3
1621265604000;11625684;154.164;154.184;154.174;0;T;True;3
1621265605000;11625687;154.162;154.182;154.172;2;T;True;3
1621265606000;11625688;154.162;154.182;154.172;0;T;True;3
1621265607000;11625690;154.163;154.183;154.173;1;T;True;3
1621265608000;11625692;154.162;154.182;154.172;1;T;True;3
1621265609000;11625693;154.162;154.182;154.172;0;T;True;3
1621265610000;11625694;154.162;154.182;154.172;0;T;True;3
1621265611000;11625695;154.162;154.182;154.172;0;T;True;3
1621265612000;11625696;154.162;154.182;154.172;0;T;True;3
1621265613000;11625697;154.162;154.182;154.172;0;T;True;3
1621265614000;11625698;154.162;154.182;154.172;0;T;True;3
1621265615000;11625699;154.162;154.182;154.172;0;T;True;3
1621265616000;11625700;154.162;154.182;154.172;0;T;True;3
1621265617000;11625701;154.162;154.182;154.172;0;T;True;3
1621265618000;11625702;154.162;154.182;154.172;0;T;True;3
1621265619000;11625706;154.165;154.185;154.175;3;T;True;3
1621265620000;11625707;154.165;154.185;154.175;0;T;True;3
1621265621000;11625708;154.165;154.185;154.175;0;T;True;3
1621265622000;11625711;154.163;154.183;154.173;2;T;True;3
1621265623000;11625714;154.162;154.182;154.172;2;T;True;3
1621265624000;11625715;154.162;154.182;154.172;0;T;True;3
1621265625000;11625716;154.162;154.182;154.172;0;T;True;3
1621265626000;11625721;154.158;154.178;154.168;4;T;True;3
1621265627000;11625722;154.158;154.178;154.168;0;T;True;3
1621265628000;11625724;154.159;154.179;154.169;1;T;True;3
1621265629000;11625725;154.159;154.179;154.169;0;T;True;3
1621265630000;11625726;154.159;154.179;154.169;0;T;True;3
1621265631000;11625727;154.159;154.179;154.169;0;T;True;3
1621265632000;11625729;154.161;154.181;154.171;1;T;True;3
1621265633000;11625730;154.161;154.181;154.171;0;T;True;3
1621265634000;11625731;154.161;154.181;154.171;0;T;True;3
1621265635000;11625732;154.161;154.181;154.171;0;T;True;3
1621265636000;11625733;154.161;154.181;154.171;0;T;True;3
1621265637000;11625734;154.161;154.181;154.171;0;T;True;3
1621265638000;11625735;154.161;154.181;154.171;0;T;True;3
1621265639000;11625737;154.162;154.182;154.172;1;T;True;3
1621265640000;11625740;154.161;154.181;154.171;2;T;True;3
1621265641000;11625741;154.161;154.181;154.171;0;T;True;3
1621265642000;11625743;154.163;154.183;154.173;1;T;True;3
1621265643000;11625744;154.163;154.183;154.173;0;T;True;3
1621265644000;11625745;154.163;154.183;154.173;0;T;True;3
1621265645000;11625748;154.163;154.183;154.173;2;T;True;3
1621265646000;11625749;154.163;154.183;154.173;0;T;True;3
1621265647000;11625750;154.163;154.183;154.173;0;T;True;3
1621265648000;11625751;154.163;154.183;154.173;0;T;True;3
1621265649000;11625752;154.163;154.183;154.173;0;T;True;3
1621265650000;11625753;154.163;154.183;154.173;0;T;True;3
1621265651000;11625754;154.163;154.183;154.173;0;T;True;3
1621265652000;11625755;154.163;154.183;154.173;0;T;True;3
1621265653000;11625756;154.163;154.183;154.173;0;T;True;3
1621265654000;11625758;154.164;154.184;154.174;1;T;True;3
1621265655000;11625761;154.167;154.187;154.177;2;T;True;3
1621265656000;11625762;154.167;154.187;154.177;0;T;True;3
1621265657000;11625765;154.171;154.191;154.181;2;T;True;3
1621265658000;11625766;154.171;154.191;154.181;0;T;True;3
1621265659000;11625767;154.171;154.191;154.181;0;T;True;3
1621265660000;11625768;154.171;154.191;154.181;0;T;True;3
1621265661000;11625769;154.171;154.191;154.181;0;T;True;3
1621265662000;11625771;154.172;154.192;154.182;1;T;True;3
1621265663000;11625772;154.172;154.192;154.182;0;T;True;3
1621265664000;11625776;154.175;154.195;154.185;3;T;True;3
1621265665000;11625777;154.175;154.195;154.185;0;T;True;3
1621265666000;11625780;154.179;154.199;154.189;2;T;True;3
1621265667000;11625782;154.178;154.198;154.188;1;T;True;3
1621265668000;11625783;154.178;154.198;154.188;0;T;True;3
1621265669000;11625785;154.179;154.199;154.189;1;T;True;3
1621265670000;11625786;154.179;154.199;154.189;0;T;True;3
1621265671000;11625789;154.174;154.194;154.184;2;T;True;3
1621265672000;11625791;154.177;154.197;154.187;1;T;True;3
1621265673000;11625792;154.177;154.197;154.187;0;T;True;3
1621265674000;11625795;154.178;154.198;154.188;2;T;True;3
1621265675000;11625796;154.178;154.198;154.188;0;T;True;3
1621265676000;11625798;154.179;154.199;154.189;1;T;True;3
1621265677000;11625799;154.179;154.199;154.189;0;T;True;3
1621265678000;11625800;154.179;154.199;154.189;0;T;True;3
1621265679000;11625801;154.179;154.199;154.189;0;T;True;3
1621265680000;11625802;154.179;154.199;154.189;0;T;True;3
1621265681000;11625803;154.179;154.199;154.189;0;T;True;3
1621265682000;11625804;154.179;154.199;154.189;0;T;True;3
1621265683000;11625806;154.18;154.2;154.19;1;T;True;3
1621265684000;11625807;154.18;154.2;154.19;0;T;True;3
1621265685000;11625809;154.181;154.201;154.191;1;T;True;3
1621265686000;11625811;154.183;154.203;154.193;1;T;True;3
1621265687000;11625812;154.183;154.203;154.193;0;T;True;3
1621265688000;11625813;154.183;154.203;154.193;0;T;True;3
1621265689000;11625814;154.183;154.203;154.193;0;T;True;3
1621265690000;11625815;154.183;154.203;154.193;0;T;True;3
1621265691000;11625818;154.183;154.203;154.193;2;T;True;3
1621265692000;11625819;154.183;154.203;154.193;0;T;True;3
1621265693000;11625820;154.183;154.203;154.193;0;T;True;3
1621265694000;11625824;154.173;154.193;154.183;3;T;True;3
1621265695000;11625825;154.173;154.193;154.183;0;T;True;3
1621265696000;11625828;154.169;154.189;154.179;2;T;True;3
1621265697000;11625831;154.172;154.192;154.182;2;T;True;3
1621265698000;11625832;154.172;154.192;154.182;0;T;True;3
1621265699000;11625833;154.172;154.192;154.182;0;T;True;3
1621265700000;11625835;154.173;154.193;154.183;1;T;True;3
1621265701000;11625837;154.175;154.195;154.185;1;T;True;3
1621265702000;11625838;154.175;154.195;154.185;0;T;True;3
1621265703000;11625842;154.172;154.192;154.182;3;T;True;3
1621265704000;11625843;154.172;154.192;154.182;0;T;True;3
1621265705000;11625844;154.172;154.192;154.182;0;T;True;3
1621265706000;11625846;154.173;154.193;154.183;1;T;True;3
1621265707000;11625851;154.171;154.191;154.181;4;T;True;3
1621265708000;11625852;154.171;154.191;154.181;0;T;True;3
1621265709000;11625853;154.171;154.191;154.181;0;T;True;3
1621265710000;11625854;154.171;154.191;154.181;0;T;True;3
1621265711000;11625855;154.171;154.191;154.181;0;T;True;3
1621265712000;11625857;154.169;154.189;154.179;1;T;True;3
1621265713000;11625860;154.172;154.192;154.182;2;T;True;3
1621265714000;11625862;154.171;154.191;154.181;1;T;True;3
1621265715000;11625867;154.172;154.192;154.182;4;T;True;3
1621265716000;11625868;154.172;154.192;154.182;0;T;True;3
1621265717000;11625869;154.172;154.192;154.182;0;T;True;3
1621265718000;11625870;154.172;154.192;154.182;0;T;True;3
1621265719000;11625873;154.169;154.189;154.179;2;T;True;3
1621265720000;11625874;154.169;154.189;154.179;0;T;True;3
1621265721000;11625875;154.169;154.189;154.179;0;T;True;3
1621265722000;11625876;154.169;154.189;154.179;0;T;True;3
1621265723000;11625877;154.169;154.189;154.179;0;T;True;3
1621265724000;11625880;154.169;154.189;154.179;2;T;True;3
1621265725000;11625881;154.169;154.189;154.179;0;T;True;3
1621265726000;11625882;154.169;154.189;154.179;0;T;True;3
1621265727000;11625884;154.167;154.187;154.177;1;T;True;3
1621265728000;11625886;154.168;154.188;154.178;1;T;True;3
1621265729000;11625887;154.168;154.188;154.178;0;T;True;3
1621265730000;11625889;154.167;154.187;154.177;1;T;True;3
1621265731000;11625890;154.167;154.187;154.177;0;T;True;3
1621265732000;11625892;154.164;154.184;154.174;1;T;True;3
1621265733000;11625895;154.159;154.179;154.169;2;T;True;3
1621265734000;11625896;154.159;154.179;154.169;0;T;True;3
1621265735000;11625899;154.163;154.183;154.173;2;T;True;3
1621265736000;11625900;154.163;154.183;154.173;0;T;True;3
1621265737000;11625901;154.163;154.183;154.173;0;T;True;3
1621265738000;11625902;154.163;154.183;154.173;0;T;True;3
1621265739000;11625903;154.163;154.183;154.173;0;T;True;3
1621265740000;11625904;154.163;154.183;154.173;0;T;True;3
1621265741000;11625905;154.163;154.183;154.173;0;T;True;3
1621265742000;11625907;154.164;154.184;154.174;1;T;True;3
1621265743000;11625910;154.163;154.183;154.173;2;T;True;3
1621265744000;11625913;154.167;154.187;154.177;2;T;True;3
1621265745000;11625915;154.169;154.189;154.179;1;T;True;3
1621265746000;11625916;154.169;154.189;154.179;0;T;True;3
1621265747000;11625917;154.169;154.189;154.179;0;T;True;3
1621265748000;11625919;154.167;154.187;154.177;1;T;True;3
1621265749000;11625920;154.167;154.187;154.177;0;T;True;3
1621265750000;11625921;154.167;154.187;154.177;0;T;True;3
1621265751000;11625922;154.167;154.187;154.177;0;T;True;3
1621265752000;11625923;154.167;154.187;154.177;0;T;True;3
1621265753000;11625924;154.167;154.187;154.177;0;T;True;3
1621265754000;11625926;154.169;154.189;154.179;1;T;True;3
1621265755000;11625927;154.169;154.189;154.179;0;T;True;3
1621265756000;11625928;154.169;154.189;154.179;0;T;True;3
1621265757000;11625929;154.169;154.189;154.179;0;T;True;3
1621265758000;11625930;154.169;154.189;154.179;0;T;True;3
1621265759000;11625931;154.169;154.189;154.179;0;T;True;3
1621265760000;11625932;154.169;154.189;154.179;0;T;True;3
1621265761000;11625934;154.165;154.185;154.175;1;T;True;3
1621265762000;11625938;154.168;154.188;154.178;3;T;True;3
1621265763000;11625940;154.169;154.189;154.179;1;T;True;3
1621265764000;11625941;154.169;154.189;154.179;0;T;True;3
1621265765000;11625942;154.169;154.189;154.179;0;T;True;3
1621265766000;11625943;154.169;154.189;154.179;0;T;True;3
1621265767000;11625945;154.165;154.185;154.175;1;T;True;3
1621265768000;11625946;154.165;154.185;154.175;0;T;True;3
1621265769000;11625948;154.166;154.186;154.176;1;T;True;3
1621265770000;11625949;154.166;154.186;154.176;0;T;True;3
1621265771000;11625951;154.167;154.187;154.177;1;T;True;3
1621265772000;11625954;154.169;154.189;154.179;2;T;True;3
1621265773000;11625955;154.169;154.189;154.179;0;T;True;3
1621265774000;11625956;154.169;154.189;154.179;0;T;True;3
1621265775000;11625958;154.17;154.19;154.18;1;T;True;3
1621265776000;11625959;154.17;154.19;154.18;0;T;True;3
1621265777000;11625961;154.171;154.191;154.181;1;T;True;3
1621265778000;11625962;154.171;154.191;154.181;0;T;True;3
1621265779000;11625963;154.171;154.191;154.181;0;T;True;3
1621265780000;11625964;154.171;154.191;154.181;0;T;True;3
1621265781000;11625965;154.171;154.191;154.181;0;T;True;3
1621265782000;11625966;154.171;154.191;154.181;0;T;True;3
1621265783000;11625967;154.171;154.191;154.181;0;T;True;3
1621265784000;11625968;154.171;154.191;154.181;0;T;True;3
1621265785000;11625969;154.171;154.191;154.181;0;T;True;3
1621265786000;11625971;154.177;154.197;154.187;1;T;True;3
1621265787000;11625972;154.177;154.197;154.187;0;T;True;3
1621265788000;11625973;154.177;154.197;154.187;0;T;True;3
1621265789000;11625974;154.177;154.197;154.187;0;T;True;3
1621265790000;11625975;154.177;154.197;154.187;0;T;True;3
1621265791000;11625976;154.177;154.197;154.187;0;T;True;3
1621265792000;11625979;154.175;154.195;154.185;2;T;True;3
1621265793000;11625980;154.175;154.195;154.185;0;T;True;3
1621265794000;11625981;154.175;154.195;154.185;0;T;True;3
1621265795000;11625982;154.175;154.195;154.185;0;T;True;3
1621265796000;11625983;154.175;154.195;154.185;0;T;True;3
1621265797000;11625984;154.175;154.195;154.185;0;T;True;3
1621265798000;11625985;154.175;154.195;154.185;0;T;True;3
1621265799000;11625986;154.175;154.195;154.185;0;T;True;3
1621265800000;11625987;154.175;154.195;154.185;0;T;True;3
1621265801000;11625988;154.175;154.195;154.185;0;T;True;3
1621265802000;11625990;154.176;154.196;154.186;1;T;True;3
1621265803000;11625992;154.175;154.195;154.185;1;T;True;3
1621265804000;11625993;154.175;154.195;154.185;0;T;True;3
1621265805000;11625995;154.177;154.197;154.187;1;T;True;3
1621265806000;11626000;154.189;154.209;154.199;4;T;True;3
1621265807000;11626002;154.191;154.211;154.201;1;T;True;3
1621265808000;11626003;154.191;154.211;154.201;0;T;True;3
1621265809000;11626005;154.193;154.213;154.203;1;T;True;3
1621265810000;11626006;154.193;154.213;154.203;0;T;True;3
1621265811000;11626008;154.194;154.214;154.204;1;T;True;3
1621265812000;11626009;154.194;154.214;154.204;0;T;True;3
1621265813000;11626010;154.194;154.214;154.204;0;T;True;3
1621265814000;11626011;154.194;154.214;154.204;0;T;True;3
1621265815000;11626012;154.194;154.214;154.204;0;T;True;3
1621265816000;11626014;154.193;154.213;154.203;1;T;True;3
1621265817000;11626015;154.193;154.213;154.203;0;T;True;3
1621265818000;11626016;154.193;154.213;154.203;0;T;True;3
1621265819000;11626017;154.193;154.213;154.203;0;T;True;3
1621265820000;11626018;154.193;154.213;154.203;0;T;True;3
1621265821000;11626020;154.195;154.215;154.205;1;T;True;3
1621265822000;11626022;154.196;154.216;154.206;1;T;True;3
1621265823000;11626026;154.202;154.222;154.212;3;T;True;3
1621265824000;11626029;154.203;154.223;154.213;2;T;True;3
1621265825000;11626032;154.203;154.223;154.213;2;T;True;3
1621265826000;11626033;154.203;154.223;154.213;0;T;True;3
1621265827000;11626035;154.204;154.224;154.214;1;T;True;3
1621265828000;11626036;154.204;154.224;154.214;0;T;True;3
1621265829000;11626037;154.204;154.224;154.214;0;T;True;3
1621265830000;11626038;154.204;154.224;154.214;0;T;True;3
1621265831000;11626039;154.204;154.224;154.214;0;T;True;3
1621265832000;11626040;154.204;154.224;154.214;0;T;True;3
1621265833000;11626041;154.204;154.224;154.214;0;T;True;3
1621265834000;11626043;154.199;154.219;154.209;1;T;True;3
1621265835000;11626045;154.197;154.217;154.207;1;T;True;3
1621265836000;11626047;154.198;154.218;154.208;1;T;True;3
1621265837000;11626048;154.198;154.218;154.208;0;T;True;3
1621265838000;11626051;154.198;154.218;154.208;2;T;True;3
1621265839000;11626053;154.196;154.216;154.206;1;T;True;3
1621265840000;11626055;154.197;154.217;154.207;1;T;True;3
1621265841000;11626056;154.197;154.217;154.207;0;T;True;3
1621265842000;11626057;154.197;154.217;154.207;0;T;True;3
1621265843000;11626058;154.197;154.217;154.207;0;T;True;3
1621265844000;11626059;154.197;154.217;154.207;0;T;True;3
1621265845000;11626060;154.197;154.217;154.207;0;T;True;3
1621265846000;11626061;154.197;154.217;154.207;0;T;True;3
1621265847000;11626062;154.197;154.217;154.207;0;T;True;3
1621265848000;11626063;154.197;154.217;154.207;0;T;True;3
1621265849000;11626064;154.197;154.217;154.207;0;T;True;3
1621265850000;11626065;154.197;154.217;154.207;0;T;True;3
1621265851000;11626066;154.197;154.217;154.207;0;T;True;3
1621265852000;11626067;154.197;154.217;154.207;0;T;True;3
1621265853000;11626068;154.197;154.217;154.207;0;T;True;3
1621265854000;11626069;154.197;154.217;154.207;0;T;True;3
1621265855000;11626070;154.197;154.217;154.207;0;T;True;3
1621265856000;11626071;154.197;154.217;154.207;0;T;True;3
1621265857000;11626073;154.199;154.219;154.209;1;T;True;3
1621265858000;11626076;154.207;154.227;154.217;2;T;True;3
1621265859000;11626078;154.208;154.228;154.218;1;T;True;3
1621265860000;11626079;154.208;154.228;154.218;0;T;True;3
1621265861000;11626081;154.209;154.229;154.219;1;T;True;3
1621265862000;11626082;154.209;154.229;154.219;0;T;True;3
1621265863000;11626083;154.209;154.229;154.219;0;T;True;3
1621265864000;11626084;154.209;154.229;154.219;0;T;True;3
1621265865000;11626087;154.213;154.233;154.223;2;T;True;3
1621265866000;11626088;154.213;154.233;154.223;0;T;True;3
1621265867000;11626089;154.213;154.233;154.223;0;T;True;3
1621265868000;11626092;154.221;154.241;154.231;2;T;True;3
1621265869000;11626093;154.221;154.241;154.231;0;T;True;3
1621265870000;11626096;154.225;154.245;154.235;2;T;True;3
1621265871000;11626100;154.231;154.251;154.241;3;T;True;3
1621265872000;11626101;154.231;154.251;154.241;0;T;True;3
1621265873000;11626103;154.233;154.253;154.243;1;T;True;3
1621265874000;11626104;154.233;154.253;154.243;0;T;True;3
1621265875000;11626105;154.233;154.253;154.243;0;T;True;3
1621265876000;11626106;154.233;154.253;154.243;0;T;True;3
1621265877000;11626107;154.233;154.253;154.243;0;T;True;3
1621265878000;11626114;154.23;154.25;154.24;6;T;True;3
1621265879000;11626118;154.235;154.255;154.245;3;T;True;3
1621265880000;11626121;154.235;154.255;154.245;2;T;True;3
1621265881000;11626122;154.235;154.255;154.245;0;T;True;3
1621265882000;11626124;154.233;154.253;154.243;1;T;True;3
1621265883000;11626125;154.233;154.253;154.243;0;T;True;3
1621265884000;11626127;154.225;154.245;154.235;1;T;True;3
1621265885000;11626128;154.225;154.245;154.235;0;T;True;3
1621265886000;11626130;154.224;154.244;154.234;1;T;True;3
1621265887000;11626135;154.224;154.244;154.234;4;T;True;3
1621265888000;11626138;154.228;154.248;154.238;2;T;True;3
1621265889000;11626139;154.228;154.248;154.238;0;T;True;3
1621265890000;11626140;154.228;154.248;154.238;0;T;True;3
1621265891000;11626142;154.229;154.249;154.239;1;T;True;3
1621265892000;11626143;154.229;154.249;154.239;0;T;True;3
1621265893000;11626145;154.234;154.254;154.244;1;T;True;3
1621265894000;11626149;154.241;154.261;154.251;3;T;True;3
1621265895000;11626152;154.244;154.264;154.254;2;T;True;3
1621265896000;11626153;154.244;154.264;154.254;0;T;True;3
1621265897000;11626154;154.244;154.264;154.254;0;T;True;3
1621265898000;11626155;154.244;154.264;154.254;0;T;True;3
1621265899000;11626156;154.244;154.264;154.254;0;T;True;3
1621265900000;11626157;154.244;154.264;154.254;0;T;True;3
1621265901000;11626162;154.231;154.251;154.241;4;T;True;3
1621265902000;11626163;154.231;154.251;154.241;0;T;True;3
1621265903000;11626165;154.23;154.25;154.24;1;T;True;3
1621265904000;11626166;154.23;154.25;154.24;0;T;True;3
1621265905000;11626167;154.23;154.25;154.24;0;T;True;3
1621265906000;11626169;154.229;154.249;154.239;1;T;True;3
1621265907000;11626170;154.229;154.249;154.239;0;T;True;3
1621265908000;11626171;154.229;154.249;154.239;0;T;True;3
1621265909000;11626172;154.229;154.249;154.239;0;T;True;3
1621265910000;11626181;154.231;154.251;154.241;8;T;True;3
1621265911000;11626182;154.231;154.251;154.241;0;T;True;3
1621265912000;11626186;154.23;154.25;154.24;3;T;True;3
1621265913000;11626187;154.23;154.25;154.24;0;T;True;3
1621265914000;11626189;154.229;154.249;154.239;1;T;True;3
1621265915000;11626191;154.227;154.247;154.237;1;T;True;3
1621265916000;11626194;154.226;154.246;154.236;2;T;True;3
1621265917000;11626196;154.225;154.245;154.235;1;T;True;3
1621265918000;11626197;154.225;154.245;154.235;0;T;True;3
1621265919000;11626198;154.225;154.245;154.235;0;T;True;3
1621265920000;11626200;154.224;154.244;154.234;1;T;True;3
1621265921000;11626202;154.223;154.243;154.233;1;T;True;3
1621265922000;11626203;154.223;154.243;154.233;0;T;True;3
1621265923000;11626205;154.222;154.242;154.232;1;T;True;3
1621265924000;11626207;154.221;154.241;154.231;1;T;True;3
1621265925000;11626211;154.215;154.235;154.225;3;T;True;3
1621265926000;11626213;154.213;154.233;154.223;1;T;True;3
1621265927000;11626215;154.211;154.231;154.221;1;T;True;3
1621265928000;11626218;154.207;154.227;154.217;2;T;True;3
1621265929000;11626219;154.207;154.227;154.217;0;T;True;3
1621265930000;11626220;154.207;154.227;154.217;0;T;True;3
1621265931000;11626221;154.207;154.227;154.217;0;T;True;3
1621265932000;11626223;154.209;154.229;154.219;1;T;True;3
1621265933000;11626224;154.209;154.229;154.219;0;T;True;3
1621265934000;11626225;154.209;154.229;154.219;0;T;True;3
1621265935000;11626226;154.209;154.229;154.219;0;T;True;3
1621265936000;11626227;154.209;154.229;154.219;0;T;True;3
1621265937000;11626228;154.209;154.229;154.219;0;T;True;3
1621265938000;11626229;154.209;154.229;154.219;0;T;True;3
1621265939000;11626230;154.209;154.229;154.219;0;T;True;3
1621265940000;11626231;154.209;154.229;154.219;0;T;True;3
1621265941000;11626233;154.207;154.227;154.217;1;T;True;3
1621265942000;11626235;154.205;154.225;154.215;1;T;True;3
1621265943000;11626236;154.205;154.225;154.215;0;T;True;3
1621265944000;11626237;154.205;154.225;154.215;0;T;True;3
1621265945000;11626241;154.203;154.223;154.213;3;T;True;3
1621265946000;11626242;154.203;154.223;154.213;0;T;True;3
1621265947000;11626244;154.204;154.224;154.214;1;T;True;3
1621265948000;11626245;154.204;154.224;154.214;0;T;True;3
1621265949000;11626246;154.204;154.224;154.214;0;T;True;3
1621265950000;11626247;154.204;154.224;154.214;0;T;True;3
1621265951000;11626248;154.204;154.224;154.214;0;T;True;3
1621265952000;11626249;154.204;154.224;154.214;0;T;True;3
1621265953000;11626250;154.204;154.224;154.214;0;T;True;3
1621265954000;11626251;154.204;154.224;154.214;0;T;True;3
1621265955000;11626253;154.205;154.225;154.215;1;T;True;3
1621265956000;11626254;154.205;154.225;154.215;0;T;True;3
1621265957000;11626255;154.205;154.225;154.215;0;T;True;3
1621265958000;11626256;154.205;154.225;154.215;0;T;True;3
1621265959000;11626257;154.205;154.225;154.215;0;T;True;3
1621265960000;11626258;154.205;154.225;154.215;0;T;True;3
1621265961000;11626259;154.205;154.225;154.215;0;T;True;3
1621265962000;11626260;154.205;154.225;154.215;0;T;True;3
1621265963000;11626264;154.213;154.233;154.223;3;T;True;3
1621265964000;11626266;154.211;154.231;154.221;1;T;True;3
1621265965000;11626267;154.211;154.231;154.221;0;T;True;3
1621265966000;11626268;154.211;154.231;154.221;0;T;True;3
1621265967000;11626270;154.209;154.229;154.219;1;T;True;3
1621265968000;11626271;154.209;154.229;154.219;0;T;True;3
1621265969000;11626272;154.209;154.229;154.219;0;T;True;3
1621265970000;11626273;154.209;154.229;154.219;0;T;True;3
1621265971000;11626274;154.209;154.229;154.219;0;T;True;3
1621265972000;11626275;154.209;154.229;154.219;0;T;True;3
1621265973000;11626276;154.209;154.229;154.219;0;T;True;3
1621265974000;11626277;154.209;154.229;154.219;0;T;True;3
1621265975000;11626278;154.209;154.229;154.219;0;T;True;3
1621265976000;11626281;154.209;154.229;154.219;2;T;True;3
1621265977000;11626282;154.209;154.229;154.219;0;T;True;3
1621265978000;11626283;154.209;154.229;154.219;0;T;True;3
1621265979000;11626285;154.208;154.228;154.218;1;T;True;3
1621265980000;11626286;154.208;154.228;154.218;0;T;True;3
1621265981000;11626287;154.208;154.228;154.218;0;T;True;3
1621265982000;11626291;154.198;154.218;154.208;3;T;True;3
1621265983000;11626292;154.198;154.218;154.208;0;T;True;3
1621265984000;11626296;154.201;154.221;154.211;3;T;True;3
1621265985000;11626297;154.201;154.221;154.211;0;T;True;3
1621265986000;11626298;154.201;154.221;154.211;0;T;True;3
1621265987000;11626299;154.201;154.221;154.211;0;T;True;3
1621265988000;11626300;154.201;154.221;154.211;0;T;True;3
1621265989000;11626301;154.201;154.221;154.211;0;T;True;3
1621265990000;11626302;154.201;154.221;154.211;0;T;True;3
1621265991000;11626303;154.201;154.221;154.211;0;T;True;3
1621265992000;11626304;154.201;154.221;154.211;0;T;True;3
1621265993000;11626305;154.201;154.221;154.211;0;T;True;3
1621265994000;11626306;154.201;154.221;154.211;0;T;True;3
1621265995000;11626307;154.201;154.221;154.211;0;T;True;3
1621265996000;11626308;154.201;154.221;154.211;0;T;True;3
1621265997000;11626309;154.201;154.221;154.211;0;T;True;3
1621265998000;11626310;154.201;154.221;154.211;0;T;True;3
1621265999000;11626311;154.201;154.221;154.211;0;T;True;3
1621266000000;11626312;154.201;154.221;154.211;0;T;True;3
1621266001000;11626313;154.201;154.221;154.211;0;T;True;3
1621266002000;11626314;154.201;154.221;154.211;0;T;True;3
1621266003000;11626317;154.205;154.225;154.215;2;T;True;3
1621266004000;11626319;154.203;154.223;154.213;1;T;True;3
1621266005000;11626320;154.203;154.223;154.213;0;T;True;3
1621266006000;11626321;154.203;154.223;154.213;0;T;True;3
1621266007000;11626322;154.203;154.223;154.213;0;T;True;3
1621266008000;11626325;154.197;154.217;154.207;2;T;True;3
1621266009000;11626326;154.197;154.217;154.207;0;T;True;3
1621266010000;11626327;154.197;154.217;154.207;0;T;True;3
1621266011000;11626329;154.196;154.216;154.206;1;T;True;3
1621266012000;11626330;154.196;154.216;154.206;0;T;True;3
1621266013000;11626331;154.196;154.216;154.206;0;T;True;3
1621266014000;11626332;154.196;154.216;154.206;0;T;True;3
1621266015000;11626334;154.197;154.217;154.207;1;T;True;3
1621266016000;11626335;154.197;154.217;154.207;0;T;True;3
1621266017000;11626336;154.197;154.217;154.207;0;T;True;3
1621266018000;11626337;154.197;154.217;154.207;0;T;True;3
1621266019000;11626338;154.197;154.217;154.207;0;T;True;3
1621266020000;11626339;154.197;154.217;154.207;0;T;True;3
1621266021000;11626340;154.197;154.217;154.207;0;T;True;3
1621266022000;11626341;154.197;154.217;154.207;0;T;True;3
1621266023000;11626342;154.197;154.217;154.207;0;T;True;3
1621266024000;11626343;154.197;154.217;154.207;0;T;True;3
1621266025000;11626344;154.197;154.217;154.207;0;T;True;3
1621266026000;11626345;154.197;154.217;154.207;0;T;True;3
1621266027000;11626346;154.197;154.217;154.207;0;T;True;3
1621266028000;11626348;154.203;154.223;154.213;1;T;True;3
1621266029000;11626350;154.205;154.225;154.215;1;T;True;3
1621266030000;11626351;154.205;154.225;154.215;0;T;True;3
1621266031000;11626354;154.208;154.228;154.218;2;T;True;3
1621266032000;11626355;154.208;154.228;154.218;0;T;True;3
1621266033000;11626356;154.208;154.228;154.218;0;T;True;3
1621266034000;11626357;154.208;154.228;154.218;0;T;True;3
1621266035000;11626358;154.208;154.228;154.218;0;T;True;3
1621266036000;11626359;154.208;154.228;154.218;0;T;True;3
1621266037000;11626361;154.209;154.229;154.219;1;T;True;3
1621266038000;11626362;154.209;154.229;154.219;0;T;True;3
1621266039000;11626363;154.209;154.229;154.219;0;T;True;3
1621266040000;11626364;154.209;154.229;154.219;0;T;True;3
1621266041000;11626365;154.209;154.229;154.219;0;T;True;3
1621266042000;11626366;154.209;154.229;154.219;0;T;True;3
1621266043000;11626367;154.209;154.229;154.219;0;T;True;3
1621266044000;11626369;154.207;154.227;154.217;1;T;True;3
1621266045000;11626370;154.207;154.227;154.217;0;T;True;3
1621266046000;11626373;154.203;154.223;154.213;2;T;True;3
1621266047000;11626374;154.203;154.223;154.213;0;T;True;3
1621266048000;11626375;154.203;154.223;154.213;0;T;True;3
1621266049000;11626376;154.203;154.223;154.213;0;T;True;3
1621266050000;11626377;154.203;154.223;154.213;0;T;True;3
1621266051000;11626378;154.203;154.223;154.213;0;T;True;3
1621266052000;11626379;154.203;154.223;154.213;0;T;True;3
1621266053000;11626380;154.203;154.223;154.213;0;T;True;3
1621266054000;11626381;154.203;154.223;154.213;0;T;True;3
1621266055000;11626382;154.203;154.223;154.213;0;T;True;3
1621266056000;11626383;154.203;154.223;154.213;0;T;True;3
1621266057000;11626384;154.203;154.223;154.213;0;T;True;3
1621266058000;11626385;154.203;154.223;154.213;0;T;True;3
1621266059000;11626386;154.203;154.223;154.213;0;T;True;3
1621266060000;11626389;154.203;154.223;154.213;2;T;True;3
1621266061000;11626391;154.202;154.222;154.212;1;T;True;3
1621266062000;11626393;154.201;154.221;154.211;1;T;True;3
1621266063000;11626394;154.201;154.221;154.211;0;T;True;3
1621266064000;11626396;154.202;154.222;154.212;1;T;True;3
1621266065000;11626397;154.202;154.222;154.212;0;T;True;3
1621266066000;11626398;154.202;154.222;154.212;0;T;True;3
1621266067000;11626399;154.202;154.222;154.212;0;T;True;3
1621266068000;11626400;154.202;154.222;154.212;0;T;True;3
1621266069000;11626402;154.203;154.223;154.213;1;T;True;3
1621266070000;11626405;154.204;154.224;154.214;2;T;True;3
1621266071000;11626410;154.205;154.225;154.215;4;T;True;3
1621266072000;11626413;154.203;154.223;154.213;2;T;True;3
1621266073000;11626418;154.201;154.221;154.211;4;T;True;3
1621266074000;11626419;154.201;154.221;154.211;0;T;True;3
1621266075000;11626421;154.2;154.22;154.21;1;T;True;3
1621266076000;11626422;154.2;154.22;154.21;0;T;True;3
1621266077000;11626424;154.201;154.221;154.211;1;T;True;3
1621266078000;11626427;154.202;154.222;154.212;2;T;True;3
1621266079000;11626428;154.202;154.222;154.212;0;T;True;3
1621266080000;11626430;154.201;154.221;154.211;1;T;True;3
1621266081000;11626433;154.199;154.219;154.209;2;T;True;3
1621266082000;11626434;154.199;154.219;154.209;0;T;True;3
1621266083000;11626435;154.199;154.219;154.209;0;T;True;3
1621266084000;11626436;154.199;154.219;154.209;0;T;True;3
1621266085000;11626438;154.198;154.218;154.208;1;T;True;3
1621266086000;11626440;154.197;154.217;154.207;1;T;True;3
1621266087000;11626441;154.197;154.217;154.207;0;T;True;3
1621266088000;11626442;154.197;154.217;154.207;0;T;True;3
1621266089000;11626443;154.197;154.217;154.207;0;T;True;3
1621266090000;11626444;154.197;154.217;154.207;0;T;True;3
1621266091000;11626446;154.195;154.215;154.205;1;T;True;3
1621266092000;11626447;154.195;154.215;154.205;0;T;True;3
1621266093000;11626448;154.195;154.215;154.205;0;T;True;3
1621266094000;11626449;154.195;154.215;154.205;0;T;True;3
1621266095000;11626450;154.195;154.215;154.205;0;T;True;3
1621266096000;11626451;154.195;154.215;154.205;0;T;True;3
1621266097000;11626453;154.196;154.216;154.206;1;T;True;3
1621266098000;11626454;154.196;154.216;154.206;0;T;True;3
1621266099000;11626455;154.196;154.216;154.206;0;T;True;3
1621266100000;11626456;154.196;154.216;154.206;0;T;True;3
1621266101000;11626458;154.197;154.217;154.207;1;T;True;3
1621266102000;11626459;154.197;154.217;154.207;0;T;True;3
1621266103000;11626460;154.197;154.217;154.207;0;T;True;3
1621266104000;11626461;154.197;154.217;154.207;0;T;True;3
1621266105000;11626462;154.197;154.217;154.207;0;T;True;3
1621266106000;11626463;154.197;154.217;154.207;0;T;True;3
1621266107000;11626464;154.197;154.217;154.207;0;T;True;3
1621266108000;11626465;154.197;154.217;154.207;0;T;True;3
1621266109000;11626466;154.197;154.217;154.207;0;T;True;3
1621266110000;11626469;154.193;154.213;154.203;2;T;True;3
1621266111000;11626471;154.195;154.215;154.205;1;T;True;3
1621266112000;11626472;154.195;154.215;154.205;0;T;True;3
1621266113000;11626473;154.195;154.215;154.205;0;T;True;3
1621266114000;11626474;154.195;154.215;154.205;0;T;True;3
1621266115000;11626475;154.195;154.215;154.205;0;T;True;3
1621266116000;11626476;154.195;154.215;154.205;0;T;True;3
1621266117000;11626480;154.203;154.223;154.213;3;T;True;3
1621266118000;11626484;154.213;154.233;154.223;3;T;True;3
1621266119000;11626485;154.213;154.233;154.223;0;T;True;3
1621266120000;11626486;154.213;154.233;154.223;0;T;True;3
1621266121000;11626487;154.213;154.233;154.223;0;T;True;3
1621266122000;11626488;154.213;154.233;154.223;0;T;True;3
1621266123000;11626489;154.213;154.233;154.223;0;T;True;3
1621266124000;11626491;154.212;154.232;154.222;1;T;True;3
1621266125000;11626492;154.212;154.232;154.222;0;T;True;3
1621266126000;11626495;154.213;154.233;154.223;2;T;True;3
1621266127000;11626496;154.213;154.233;154.223;0;T;True;3
1621266128000;11626497;154.213;154.233;154.223;0;T;True;3
1621266129000;11626498;154.213;154.233;154.223;0;T;True;3
1621266130000;11626499;154.213;154.233;154.223;0;T;True;3
1621266131000;11626500;154.213;154.233;154.223;0;T;True;3
1621266132000;11626501;154.213;154.233;154.223;0;T;True;3
1621266133000;11626502;154.213;154.233;154.223;0;T;True;3
1621266134000;11626503;154.213;154.233;154.223;0;T;True;3
1621266135000;11626504;154.213;154.233;154.223;0;T;True;3
1621266136000;11626510;154.217;154.237;154.227;5;T;True;3
1621266137000;11626511;154.217;154.237;154.227;0;T;True;3
1621266138000;11626514;154.211;154.231;154.221;2;T;True;3
1621266139000;11626516;154.212;154.232;154.222;1;T;True;3
1621266140000;11626517;154.212;154.232;154.222;0;T;True;3
1621266141000;11626519;154.211;154.231;154.221;1;T;True;3
1621266142000;11626520;154.211;154.231;154.221;0;T;True;3
1621266143000;11626521;154.211;154.231;154.221;0;T;True;3
1621266144000;11626522;154.211;154.231;154.221;0;T;True;3
1621266145000;11626523;154.211;154.231;154.221;0;T;True;3
1621266146000;11626525;154.209;154.229;154.219;1;T;True;3
1621266147000;11626526;154.209;154.229;154.219;0;T;True;3
1621266148000;11626527;154.209;154.229;154.219;0;T;True;3
1621266149000;11626528;154.209;154.229;154.219;0;T;True;3
1621266150000;11626529;154.209;154.229;154.219;0;T;True;3
1621266151000;11626530;154.209;154.229;154.219;0;T;True;3
1621266152000;11626531;154.209;154.229;154.219;0;T;True;3
1621266153000;11626532;154.209;154.229;154.219;0;T;True;3
1621266154000;11626534;154.207;154.227;154.217;1;T;True;3
1621266155000;11626535;154.207;154.227;154.217;0;T;True;3
1621266156000;11626536;154.207;154.227;154.217;0;T;True;3
1621266157000;11626538;154.209;154.229;154.219;1;T;True;3
1621266158000;11626539;154.209;154.229;154.219;0;T;True;3
1621266159000;11626540;154.209;154.229;154.219;0;T;True;3
1621266160000;11626541;154.209;154.229;154.219;0;T;True;3
1621266161000;11626544;154.203;154.223;154.213;2;T;True;3
1621266162000;11626547;154.201;154.221;154.211;2;T;True;3
1621266163000;11626548;154.201;154.221;154.211;0;T;True;3
1621266164000;11626549;154.201;154.221;154.211;0;T;True;3
1621266165000;11626550;154.201;154.221;154.211;0;T;True;3
1621266166000;11626551;154.201;154.221;154.211;0;T;True;3
1621266167000;11626552;154.201;154.221;154.211;0;T;True;3
1621266168000;11626553;154.201;154.221;154.211;0;T;True;3
1621266169000;11626554;154.201;154.221;154.211;0;T;True;3
1621266170000;11626555;154.201;154.221;154.211;0;T;True;3
1621266171000;11626557;154.2;154.22;154.21;1;T;True;3
1621266172000;11626558;154.2;154.22;154.21;0;T;True;3
1621266173000;11626559;154.2;154.22;154.21;0;T;True;3
1621266174000;11626560;154.2;154.22;154.21;0;T;True;3
1621266175000;11626562;154.197;154.217;154.207;1;T;True;3
1621266176000;11626563;154.197;154.217;154.207;0;T;True;3
1621266177000;11626564;154.197;154.217;154.207;0;T;True;3
1621266178000;11626565;154.197;154.217;154.207;0;T;True;3
1621266179000;11626569;154.197;154.217;154.207;3;T;True;3
1621266180000;11626570;154.197;154.217;154.207;0;T;True;3
1621266181000;11626571;154.197;154.217;154.207;0;T;True;3
1621266182000;11626575;154.207;154.227;154.217;3;T;True;3
1621266183000;11626576;154.207;154.227;154.217;0;T;True;3
1621266184000;11626577;154.207;154.227;154.217;0;T;True;3
1621266185000;11626578;154.207;154.227;154.217;0;T;True;3
1621266186000;11626580;154.208;154.228;154.218;1;T;True;3
1621266187000;11626581;154.208;154.228;154.218;0;T;True;3
1621266188000;11626588;154.225;154.245;154.235;6;T;True;3
1621266189000;11626589;154.225;154.245;154.235;0;T;True;3
1621266190000;11626590;154.225;154.245;154.235;0;T;True;3
1621266191000;11626591;154.225;154.245;154.235;0;T;True;3
1621266192000;11626592;154.225;154.245;154.235;0;T;True;3
1621266193000;11626594;154.227;154.247;154.237;1;T;True;3
1621266194000;11626597;154.227;154.247;154.237;2;T;True;3
1621266195000;11626599;154.225;154.245;154.235;1;T;True;3
1621266196000;11626600;154.225;154.245;154.235;0;T;True;3
1621266197000;11626601;154.225;154.245;154.235;0;T;True;3
1621266198000;11626602;154.225;154.245;154.235;0;T;True;3
1621266199000;11626605;154.225;154.245;154.235;2;T;True;3
1621266200000;11626606;154.225;154.245;154.235;0;T;True;3
1621266201000;11626607;154.225;154.245;154.235;0;T;True;3
1621266202000;11626611;154.223;154.243;154.233;3;T;True;3
1621266203000;11626613;154.225;154.245;154.235;1;T;True;3
1621266204000;11626614;154.225;154.245;154.235;0;T;True;3
1621266205000;11626615;154.225;154.245;154.235;0;T;True;3
1621266206000;11626616;154.225;154.245;154.235;0;T;True;3
1621266207000;11626617;154.225;154.245;154.235;0;T;True;3
1621266208000;11626620;154.227;154.247;154.237;2;T;True;3
1621266209000;11626621;154.227;154.247;154.237;0;T;True;3
1621266210000;11626622;154.227;154.247;154.237;0;T;True;3
1621266211000;11626623;154.227;154.247;154.237;0;T;True;3
1621266212000;11626624;154.227;154.247;154.237;0;T;True;3
1621266213000;11626627;154.23;154.25;154.24;2;T;True;3
1621266214000;11626628;154.23;154.25;154.24;0;T;True;3
1621266215000;11626629;154.23;154.25;154.24;0;T;True;3
1621266216000;11626630;154.23;154.25;154.24;0;T;True;3
1621266217000;11626632;154.231;154.251;154.241;1;T;True;3
1621266218000;11626633;154.231;154.251;154.241;0;T;True;3
1621266219000;11626635;154.233;154.253;154.243;1;T;True;3
1621266220000;11626636;154.233;154.253;154.243;0;T;True;3
1621266221000;11626638;154.231;154.251;154.241;1;T;True;3
1621266222000;11626639;154.231;154.251;154.241;0;T;True;3
1621266223000;11626640;154.231;154.251;154.241;0;T;True;3
1621266224000;11626641;154.231;154.251;154.241;0;T;True;3
1621266225000;11626642;154.231;154.251;154.241;0;T;True;3
1621266226000;11626643;154.231;154.251;154.241;0;T;True;3
1621266227000;11626644;154.231;154.251;154.241;0;T;True;3
1621266228000;11626645;154.231;154.251;154.241;0;T;True;3
1621266229000;11626646;154.231;154.251;154.241;0;T;True;3
1621266230000;11626647;154.231;154.251;154.241;0;T;True;3
1621266231000;11626648;154.231;154.251;154.241;0;T;True;3
1621266232000;11626651;154.233;154.253;154.243;2;T;True;3
1621266233000;11626652;154.233;154.253;154.243;0;T;True;3
1621266234000;11626653;154.233;154.253;154.243;0;T;True;3
1621266235000;11626654;154.233;154.253;154.243;0;T;True;3
1621266236000;11626655;154.233;154.253;154.243;0;T;True;3
1621266237000;11626657;154.232;154.252;154.242;1;T;True;3
1621266238000;11626659;154.23;154.25;154.24;1;T;True;3
1621266239000;11626661;154.231;154.251;154.241;1;T;True;3
1621266240000;11626662;154.231;154.251;154.241;0;T;True;3
1621266241000;11626664;154.238;154.258;154.248;1;T;True;3
1621266242000;11626666;154.233;154.253;154.243;1;T;True;3
1621266243000;11626667;154.233;154.253;154.243;0;T;True;3
1621266244000;11626669;154.235;154.255;154.245;1;T;True;3
1621266245000;11626670;154.235;154.255;154.245;0;T;True;3
1621266246000;11626671;154.235;154.255;154.245;0;T;True;3
1621266247000;11626673;154.236;154.256;154.246;1;T;True;3
1621266248000;11626674;154.236;154.256;154.246;0;T;True;3
1621266249000;11626676;154.238;154.258;154.248;1;T;True;3
1621266250000;11626678;154.239;154.259;154.249;1;T;True;3
1621266251000;11626680;154.237;154.257;154.247;1;T;True;3
1621266252000;11626681;154.237;154.257;154.247;0;T;True;3
1621266253000;11626682;154.237;154.257;154.247;0;T;True;3
1621266254000;11626683;154.237;154.257;154.247;0;T;True;3
1621266255000;11626684;154.237;154.257;154.247;0;T;True;3
1621266256000;11626687;154.237;154.257;154.247;2;T;True;3
1621266257000;11626688;154.237;154.257;154.247;0;T;True;3
1621266258000;11626690;154.239;154.259;154.249;1;T;True;3
1621266259000;11626691;154.239;154.259;154.249;0;T;True;3
1621266260000;11626692;154.239;154.259;154.249;0;T;True;3
1621266261000;11626694;154.243;154.263;154.253;1;T;True;3
1621266262000;11626696;154.242;154.262;154.252;1;T;True;3
1621266263000;11626698;154.241;154.261;154.251;1;T;True;3
1621266264000;11626701;154.238;154.258;154.248;2;T;True;3
1621266265000;11626703;154.239;154.259;154.249;1;T;True;3
1621266266000;11626704;154.239;154.259;154.249;0;T;True;3
1621266267000;11626705;154.239;154.259;154.249;0;T;True;3
1621266268000;11626707;154.237;154.257;154.247;1;T;True;3
1621266269000;11626708;154.237;154.257;154.247;0;T;True;3
1621266270000;11626711;154.233;154.253;154.243;2;T;True;3
1621266271000;11626712;154.233;154.253;154.243;0;T;True;3
1621266272000;11626713;154.233;154.253;154.243;0;T;True;3
1621266273000;11626715;154.235;154.255;154.245;1;T;True;3
1621266274000;11626718;154.235;154.255;154.245;2;T;True;3
1621266275000;11626719;154.235;154.255;154.245;0;T;True;3
1621266276000;11626722;154.232;154.252;154.242;2;T;True;3
1621266277000;11626725;154.225;154.245;154.235;2;T;True;3
1621266278000;11626727;154.227;154.247;154.237;1;T;True;3
1621266279000;11626730;154.227;154.247;154.237;2;T;True;3
1621266280000;11626733;154.233;154.253;154.243;2;T;True;3
1621266281000;11626734;154.233;154.253;154.243;0;T;True;3
1621266282000;11626736;154.237;154.257;154.247;1;T;True;3
1621266283000;11626738;154.239;154.259;154.249;1;T;True;3
1621266284000;11626740;154.24;154.26;154.25;1;T;True;3
1621266285000;11626742;154.239;154.259;154.249;1;T;True;3
1621266286000;11626743;154.239;154.259;154.249;0;T;True;3
1621266287000;11626746;154.239;154.259;154.249;2;T;True;3
1621266288000;11626751;154.235;154.255;154.245;4;T;True;3
1621266289000;11626753;154.234;154.254;154.244;1;T;True;3
1621266290000;11626755;154.233;154.253;154.243;1;T;True;3
1621266291000;11626756;154.233;154.253;154.243;0;T;True;3
1621266292000;11626757;154.233;154.253;154.243;0;T;True;3
1621266293000;11626758;154.233;154.253;154.243;0;T;True;3
1621266294000;11626759;154.233;154.253;154.243;0;T;True;3
1621266295000;11626760;154.233;154.253;154.243;0;T;True;3
1621266296000;11626761;154.233;154.253;154.243;0;T;True;3
1621266297000;11626762;154.233;154.253;154.243;0;T;True;3
1621266298000;11626763;154.233;154.253;154.243;0;T;True;3
1621266299000;11626764;154.233;154.253;154.243;0;T;True;3
1621266300000;11626765;154.233;154.253;154.243;0;T;True;3
1621266301000;11626766;154.233;154.253;154.243;0;T;True;3
1621266302000;11626773;154.211;154.231;154.221;6;T;True;3
1621266303000;11626774;154.211;154.231;154.221;0;T;True;3
1621266304000;11626778;154.214;154.234;154.224;3;T;True;3
1621266305000;11626780;154.213;154.233;154.223;1;T;True;3
1621266306000;11626783;154.209;154.229;154.219;2;T;True;3
1621266307000;11626786;154.209;154.229;154.219;2;T;True;3
1621266308000;11626790;154.219;154.239;154.229;3;T;True;3
1621266309000;11626791;154.219;154.239;154.229;0;T;True;3
1621266310000;11626792;154.219;154.239;154.229;0;T;True;3
1621266311000;11626793;154.219;154.239;154.229;0;T;True;3
1621266312000;11626794;154.219;154.239;154.229;0;T;True;3
1621266313000;11626795;154.219;154.239;154.229;0;T;True;3
1621266314000;11626796;154.219;154.239;154.229;0;T;True;3
1621266315000;11626797;154.219;154.239;154.229;0;T;True;3
1621266316000;11626798;154.219;154.239;154.229;0;T;True;3
1621266317000;11626799;154.219;154.239;154.229;0;T;True;3
1621266318000;11626801;154.218;154.238;154.228;1;T;True;3
1621266319000;11626803;154.219;154.239;154.229;1;T;True;3
1621266320000;11626804;154.219;154.239;154.229;0;T;True;3
1621266321000;11626805;154.219;154.239;154.229;0;T;True;3
1621266322000;11626806;154.219;154.239;154.229;0;T;True;3
1621266323000;11626807;154.219;154.239;154.229;0;T;True;3
1621266324000;11626812;154.219;154.239;154.229;4;T;True;3
1621266325000;11626815;154.219;154.239;154.229;2;T;True;3
1621266326000;11626817;154.218;154.238;154.228;1;T;True;3
1621266327000;11626822;154.228;154.248;154.238;4;T;True;3
1621266328000;11626825;154.225;154.245;154.235;2;T;True;3
1621266329000;11626826;154.225;154.245;154.235;0;T;True;3
1621266330000;11626828;154.229;154.249;154.239;1;T;True;3
1621266331000;11626829;154.229;154.249;154.239;0;T;True;3
1621266332000;11626832;154.229;154.249;154.239;2;T;True;3
1621266333000;11626837;154.224;154.244;154.234;4;T;True;3
1621266334000;11626839;154.225;154.245;154.235;1;T;True;3
1621266335000;11626840;154.225;154.245;154.235;0;T;True;3
1621266336000;11626842;154.227;154.247;154.237;1;T;True;3
1621266337000;11626843;154.227;154.247;154.237;0;T;True;3
1621266338000;11626844;154.227;154.247;154.237;0;T;True;3
1621266339000;11626845;154.227;154.247;154.237;0;T;True;3
1621266340000;11626849;154.229;154.249;154.239;3;T;True;3
1621266341000;11626851;154.23;154.25;154.24;1;T;True;3
1621266342000;11626853;154.232;154.252;154.242;1;T;True;3
1621266343000;11626854;154.232;154.252;154.242;0;T;True;3
1621266344000;11626855;154.232;154.252;154.242;0;T;True;3
1621266345000;11626856;154.232;154.252;154.242;0;T;True;3
1621266346000;11626857;154.232;154.252;154.242;0;T;True;3
1621266347000;11626858;154.232;154.252;154.242;0;T;True;3
1621266348000;11626860;154.231;154.251;154.241;1;T;True;3
1621266349000;11626862;154.229;154.249;154.239;1;T;True;3
1621266350000;11626863;154.229;154.249;154.239;0;T;True;3
1621266351000;11626864;154.229;154.249;154.239;0;T;True;3
1621266352000;11626866;154.228;154.248;154.238;1;T;True;3
1621266353000;11626868;154.227;154.247;154.237;1;T;True;3
1621266354000;11626870;154.225;154.245;154.235;1;T;True;3
1621266355000;11626871;154.225;154.245;154.235;0;T;True;3
1621266356000;11626872;154.225;154.245;154.235;0;T;True;3
1621266357000;11626874;154.227;154.247;154.237;1;T;True;3
1621266358000;11626875;154.227;154.247;154.237;0;T;True;3
1621266359000;11626876;154.227;154.247;154.237;0;T;True;3
1621266360000;11626877;154.227;154.247;154.237;0;T;True;3
1621266361000;11626878;154.227;154.247;154.237;0;T;True;3
1621266362000;11626879;154.227;154.247;154.237;0;T;True;3
1621266363000;11626880;154.227;154.247;154.237;0;T;True;3
1621266364000;11626881;154.227;154.247;154.237;0;T;True;3
1621266365000;11626882;154.227;154.247;154.237;0;T;True;3
1621266366000;11626883;154.227;154.247;154.237;0;T;True;3
1621266367000;11626884;154.227;154.247;154.237;0;T;True;3
1621266368000;11626885;154.227;154.247;154.237;0;T;True;3
1621266369000;11626886;154.227;154.247;154.237;0;T;True;3
1621266370000;11626887;154.227;154.247;154.237;0;T;True;3
1621266371000;11626888;154.227;154.247;154.237;0;T;True;3
1621266372000;11626889;154.227;154.247;154.237;0;T;True;3
1621266373000;11626890;154.227;154.247;154.237;0;T;True;3
1621266374000;11626891;154.227;154.247;154.237;0;T;True;3
1621266375000;11626896;154.235;154.255;154.245;4;T;True;3
1621266376000;11626897;154.235;154.255;154.245;0;T;True;3
1621266377000;11626898;154.235;154.255;154.245;0;T;True;3
1621266378000;11626899;154.235;154.255;154.245;0;T;True;3
1621266379000;11626900;154.235;154.255;154.245;0;T;True;3
1621266380000;11626903;154.239;154.259;154.249;2;T;True;3
1621266381000;11626904;154.239;154.259;154.249;0;T;True;3
1621266382000;11626906;154.237;154.257;154.247;1;T;True;3
1621266383000;11626907;154.237;154.257;154.247;0;T;True;3
1621266384000;11626908;154.237;154.257;154.247;0;T;True;3
1621266385000;11626909;154.237;154.257;154.247;0;T;True;3
1621266386000;11626911;154.236;154.256;154.246;1;T;True;3
1621266387000;11626912;154.236;154.256;154.246;0;T;True;3
1621266388000;11626913;154.236;154.256;154.246;0;T;True;3
1621266389000;11626915;154.235;154.255;154.245;1;T;True;3
1621266390000;11626916;154.235;154.255;154.245;0;T;True;3
1621266391000;11626917;154.235;154.255;154.245;0;T;True;3
1621266392000;11626918;154.235;154.255;154.245;0;T;True;3
1621266393000;11626919;154.235;154.255;154.245;0;T;True;3
1621266394000;11626920;154.235;154.255;154.245;0;T;True;3
1621266395000;11626921;154.235;154.255;154.245;0;T;True;3
1621266396000;11626922;154.235;154.255;154.245;0;T;True;3
1621266397000;11626923;154.235;154.255;154.245;0;T;True;3
1621266398000;11626925;154.237;154.257;154.247;1;T;True;3
1621266399000;11626926;154.237;154.257;154.247;0;T;True;3
1621266400000;11626927;154.237;154.257;154.247;0;T;True;3
1621266401000;11626928;154.237;154.257;154.247;0;T;True;3
1621266402000;11626931;154.241;154.261;154.251;2;T;True;3
1621266403000;11626932;154.241;154.261;154.251;0;T;True;3
1621266404000;11626935;154.24;154.26;154.25;2;T;True;3
1621266405000;11626937;154.239;154.259;154.249;1;T;True;3
1621266406000;11626938;154.239;154.259;154.249;0;T;True;3
1621266407000;11626939;154.239;154.259;154.249;0;T;True;3
1621266408000;11626940;154.239;154.259;154.249;0;T;True;3
1621266409000;11626942;154.238;154.258;154.248;1;T;True;3
1621266410000;11626943;154.238;154.258;154.248;0;T;True;3
1621266411000;11626944;154.238;154.258;154.248;0;T;True;3
1621266412000;11626945;154.238;154.258;154.248;0;T;True;3
1621266413000;11626946;154.238;154.258;154.248;0;T;True;3
1621266414000;11626947;154.238;154.258;154.248;0;T;True;3
1621266415000;11626948;154.238;154.258;154.248;0;T;True;3
1621266416000;11626950;154.239;154.259;154.249;1;T;True;3
1621266417000;11626953;154.237;154.257;154.247;2;T;True;3
1621266418000;11626954;154.237;154.257;154.247;0;T;True;3
1621266419000;11626955;154.237;154.257;154.247;0;T;True;3
1621266420000;11626957;154.239;154.259;154.249;1;T;True;3
1621266421000;11626958;154.239;154.259;154.249;0;T;True;3
1621266422000;11626960;154.237;154.257;154.247;1;T;True;3
1621266423000;11626961;154.237;154.257;154.247;0;T;True;3
1621266424000;11626963;154.235;154.255;154.245;1;T;True;3
1621266425000;11626964;154.235;154.255;154.245;0;T;True;3
1621266426000;11626965;154.235;154.255;154.245;0;T;True;3
1621266427000;11626966;154.235;154.255;154.245;0;T;True;3
1621266428000;11626967;154.235;154.255;154.245;0;T;True;3
1621266429000;11626968;154.235;154.255;154.245;0;T;True;3
1621266430000;11626969;154.235;154.255;154.245;0;T;True;3
1621266431000;11626970;154.235;154.255;154.245;0;T;True;3
1621266432000;11626971;154.235;154.255;154.245;0;T;True;3
1621266433000;11626972;154.235;154.255;154.245;0;T;True;3
1621266434000;11626973;154.235;154.255;154.245;0;T;True;3
1621266435000;11626974;154.235;154.255;154.245;0;T;True;3
1621266436000;11626975;154.235;154.255;154.245;0;T;True;3
1621266437000;11626976;154.235;154.255;154.245;0;T;True;3
1621266438000;11626977;154.235;154.255;154.245;0;T;True;3
1621266439000;11626978;154.235;154.255;154.245;0;T;True;3
1621266440000;11626983;154.235;154.255;154.245;4;T;True;3
1621266441000;11626985;154.233;154.253;154.243;1;T;True;3
1621266442000;11626987;154.231;154.251;154.241;1;T;True;3
1621266443000;11626990;154.233;154.253;154.243;2;T;True;3
1621266444000;11626991;154.233;154.253;154.243;0;T;True;3
1621266445000;11626992;154.233;154.253;154.243;0;T;True;3
1621266446000;11626993;154.233;154.253;154.243;0;T;True;3
1621266447000;11626994;154.233;154.253;154.243;0;T;True;3
1621266448000;11626996;154.234;154.254;154.244;1;T;True;3
1621266449000;11626998;154.235;154.255;154.245;1;T;True;3
1621266450000;11626999;154.235;154.255;154.245;0;T;True;3
1621266451000;11627002;154.233;154.253;154.243;2;T;True;3
1621266452000;11627004;154.231;154.251;154.241;1;T;True;3
1621266453000;11627006;154.229;154.249;154.239;1;T;True;3
1621266454000;11627007;154.229;154.249;154.239;0;T;True;3
1621266455000;11627012;154.235;154.255;154.245;4;T;True;3
1621266456000;11627014;154.234;154.254;154.244;1;T;True;3
1621266457000;11627015;154.234;154.254;154.244;0;T;True;3
1621266458000;11627016;154.234;154.254;154.244;0;T;True;3
1621266459000;11627018;154.233;154.253;154.243;1;T;True;3
1621266460000;11627021;154.231;154.251;154.241;2;T;True;3
1621266461000;11627023;154.233;154.253;154.243;1;T;True;3
1621266462000;11627025;154.232;154.252;154.242;1;T;True;3
1621266463000;11627026;154.232;154.252;154.242;0;T;True;3
1621266464000;11627028;154.229;154.249;154.239;1;T;True;3
1621266465000;11627029;154.229;154.249;154.239;0;T;True;3
1621266466000;11627030;154.229;154.249;154.239;0;T;True;3
1621266467000;11627031;154.229;154.249;154.239;0;T;True;3
1621266468000;11627032;154.229;154.249;154.239;0;T;True;3
1621266469000;11627033;154.229;154.249;154.239;0;T;True;3
1621266470000;11627036;154.229;154.249;154.239;2;T;True;3
1621266471000;11627039;154.231;154.251;154.241;2;T;True;3
1621266472000;11627041;154.227;154.247;154.237;1;T;True;3
1621266473000;11627043;154.23;154.25;154.24;1;T;True;3
1621266474000;11627044;154.23;154.25;154.24;0;T;True;3
1621266475000;11627045;154.23;154.25;154.24;0;T;True;3
1621266476000;11627046;154.23;154.25;154.24;0;T;True;3
1621266477000;11627048;154.229;154.249;154.239;1;T;True;3
1621266478000;11627049;154.229;154.249;154.239;0;T;True;3
1621266479000;11627050;154.229;154.249;154.239;0;T;True;3
1621266480000;11627051;154.229;154.249;154.239;0;T;True;3
1621266481000;11627054;154.231;154.251;154.241;2;T;True;3
1621266482000;11627056;154.232;154.252;154.242;1;T;True;3
1621266483000;11627057;154.232;154.252;154.242;0;T;True;3
1621266484000;11627059;154.233;154.253;154.243;1;T;True;3
1621266485000;11627061;154.231;154.251;154.241;1;T;True;3
1621266486000;11627062;154.231;154.251;154.241;0;T;True;3
1621266487000;11627064;154.23;154.25;154.24;1;T;True;3
1621266488000;11627065;154.23;154.25;154.24;0;T;True;3
1621266489000;11627067;154.229;154.249;154.239;1;T;True;3
1621266490000;11627069;154.228;154.248;154.238;1;T;True;3
1621266491000;11627071;154.232;154.252;154.242;1;T;True;3
1621266492000;11627074;154.235;154.255;154.245;2;T;True;3
1621266493000;11627075;154.235;154.255;154.245;0;T;True;3
1621266494000;11627079;154.243;154.263;154.253;3;T;True;3
1621266495000;11627080;154.243;154.263;154.253;0;T;True;3
1621266496000;11627083;154.239;154.259;154.249;2;T;True;3
1621266497000;11627086;154.241;154.261;154.251;2;T;True;3
1621266498000;11627087;154.241;154.261;154.251;0;T;True;3
1621266499000;11627089;154.24;154.26;154.25;1;T;True;3
1621266500000;11627091;154.241;154.261;154.251;1;T;True;3
1621266501000;11627092;154.241;154.261;154.251;0;T;True;3
1621266502000;11627093;154.241;154.261;154.251;0;T;True;3
1621266503000;11627094;154.241;154.261;154.251;0;T;True;3
1621266504000;11627095;154.241;154.261;154.251;0;T;True;3
1621266505000;11627097;154.243;154.263;154.253;1;T;True;3
1621266506000;11627098;154.243;154.263;154.253;0;T;True;3
1621266507000;11627099;154.243;154.263;154.253;0;T;True;3
1621266508000;11627100;154.243;154.263;154.253;0;T;True;3
1621266509000;11627101;154.243;154.263;154.253;0;T;True;3
1621266510000;11627102;154.243;154.263;154.253;0;T;True;3
1621266511000;11627103;154.243;154.263;154.253;0;T;True;3
1621266512000;11627106;154.246;154.266;154.256;2;T;True;3
1621266513000;11627108;154.245;154.265;154.255;1;T;True;3
1621266514000;11627110;154.247;154.267;154.257;1;T;True;3
1621266515000;11627111;154.247;154.267;154.257;0;T;True;3
1621266516000;11627112;154.247;154.267;154.257;0;T;True;3
1621266517000;11627113;154.247;154.267;154.257;0;T;True;3
1621266518000;11627117;154.246;154.266;154.256;3;T;True;3
1621266519000;11627118;154.246;154.266;154.256;0;T;True;3
1621266520000;11627120;154.245;154.265;154.255;1;T;True;3
1621266521000;11627124;154.249;154.269;154.259;3;T;True;3
1621266522000;11627125;154.249;154.269;154.259;0;T;True;3
1621266523000;11627128;154.247;154.267;154.257;2;T;True;3
1621266524000;11627129;154.247;154.267;154.257;0;T;True;3
1621266525000;11627130;154.247;154.267;154.257;0;T;True;3
1621266526000;11627131;154.247;154.267;154.257;0;T;True;3
1621266527000;11627132;154.247;154.267;154.257;0;T;True;3
1621266528000;11627133;154.247;154.267;154.257;0;T;True;3
1621266529000;11627138;154.248;154.268;154.258;4;T;True;3
1621266530000;11627141;154.25;154.27;154.26;2;T;True;3
1621266531000;11627145;154.248;154.268;154.258;3;T;True;3
1621266532000;11627149;154.243;154.263;154.253;3;T;True;3
1621266533000;11627150;154.243;154.263;154.253;0;T;True;3
1621266534000;11627151;154.243;154.263;154.253;0;T;True;3
1621266535000;11627152;154.243;154.263;154.253;0;T;True;3
1621266536000;11627153;154.243;154.263;154.253;0;T;True;3
1621266537000;11627154;154.243;154.263;154.253;0;T;True;3
1621266538000;11627155;154.243;154.263;154.253;0;T;True;3
1621266539000;11627156;154.243;154.263;154.253;0;T;True;3
1621266540000;11627157;154.243;154.263;154.253;0;T;True;3
1621266541000;11627160;154.243;154.263;154.253;2;T;True;3
1621266542000;11627163;154.237;154.257;154.247;2;T;True;3
1621266543000;11627166;154.231;154.251;154.241;2;T;True;3
1621266544000;11627167;154.231;154.251;154.241;0;T;True;3
1621266545000;11627168;154.231;154.251;154.241;0;T;True;3
1621266546000;11627169;154.231;154.251;154.241;0;T;True;3
1621266547000;11627171;154.227;154.247;154.237;1;T;True;3
1621266548000;11627172;154.227;154.247;154.237;0;T;True;3
1621266549000;11627176;154.225;154.245;154.235;3;T;True;3
1621266550000;11627177;154.225;154.245;154.235;0;T;True;3
1621266551000;11627178;154.225;154.245;154.235;0;T;True;3
1621266552000;11627180;154.227;154.247;154.237;1;T;True;3
1621266553000;11627182;154.226;154.246;154.236;1;T;True;3
1621266554000;11627183;154.226;154.246;154.236;0;T;True;3
1621266555000;11627186;154.233;154.253;154.243;2;T;True;3
1621266556000;11627188;154.235;154.255;154.245;1;T;True;3
1621266557000;11627189;154.235;154.255;154.245;0;T;True;3
1621266558000;11627190;154.235;154.255;154.245;0;T;True;3
1621266559000;11627191;154.235;154.255;154.245;0;T;True;3
1621266560000;11627194;154.239;154.259;154.249;2;T;True;3
1621266561000;11627195;154.239;154.259;154.249;0;T;True;3
1621266562000;11627196;154.239;154.259;154.249;0;T;True;3
1621266563000;11627197;154.239;154.259;154.249;0;T;True;3
1621266564000;11627198;154.239;154.259;154.249;0;T;True;3
1621266565000;11627203;154.243;154.263;154.253;4;T;True;3
1621266566000;11627204;154.243;154.263;154.253;0;T;True;3
1621266567000;11627205;154.243;154.263;154.253;0;T;True;3
1621266568000;11627206;154.243;154.263;154.253;0;T;True;3
1621266569000;11627208;154.242;154.262;154.252;1;T;True;3
1621266570000;11627210;154.243;154.263;154.253;1;T;True;3
1621266571000;11627212;154.242;154.262;154.252;1;T;True;3
1621266572000;11627214;154.243;154.263;154.253;1;T;True;3
1621266573000;11627217;154.243;154.263;154.253;2;T;True;3
1621266574000;11627219;154.241;154.261;154.251;1;T;True;3
1621266575000;11627223;154.245;154.265;154.255;3;T;True;3
1621266576000;11627225;154.247;154.267;154.257;1;T;True;3
1621266577000;11627227;154.248;154.268;154.258;1;T;True;3
1621266578000;11627228;154.248;154.268;154.258;0;T;True;3
1621266579000;11627231;154.248;154.268;154.258;2;T;True;3
1621266580000;11627233;154.249;154.269;154.259;1;T;True;3
1621266581000;11627234;154.249;154.269;154.259;0;T;True;3
1621266582000;11627236;154.251;154.271;154.261;1;T;True;3
1621266583000;11627237;154.251;154.271;154.261;0;T;True;3
1621266584000;11627239;154.253;154.273;154.263;1;T;True;3
1621266585000;11627240;154.253;154.273;154.263;0;T;True;3
1621266586000;11627241;154.253;154.273;154.263;0;T;True;3
1621266587000;11627242;154.253;154.273;154.263;0;T;True;3
1621266588000;11627243;154.253;154.273;154.263;0;T;True;3
1621266589000;11627244;154.253;154.273;154.263;0;T;True;3
1621266590000;11627247;154.257;154.277;154.267;2;T;True;3
1621266591000;11627250;154.255;154.275;154.265;2;T;True;3
1621266592000;11627252;154.254;154.274;154.264;1;T;True;3
1621266593000;11627256;154.25;154.27;154.26;3;T;True;3
1621266594000;11627258;154.249;154.269;154.259;1;T;True;3
1621266595000;11627259;154.249;154.269;154.259;0;T;True;3
1621266596000;11627260;154.249;154.269;154.259;0;T;True;3
1621266597000;11627261;154.249;154.269;154.259;0;T;True;3
1621266598000;11627263;154.247;154.267;154.257;1;T;True;3
1621266599000;11627264;154.247;154.267;154.257;0;T;True;3
1621266600000;11627267;154.245;154.265;154.255;2;T;True;3
1621266601000;11627271;154.239;154.259;154.249;3;T;True;3
1621266602000;11627272;154.239;154.259;154.249;0;T;True;3
1621266603000;11627273;154.239;154.259;154.249;0;T;True;3
1621266604000;11627275;154.243;154.263;154.253;1;T;True;3
1621266605000;11627276;154.243;154.263;154.253;0;T;True;3
1621266606000;11627277;154.243;154.263;154.253;0;T;True;3
1621266607000;11627281;154.246;154.266;154.256;3;T;True;3
1621266608000;11627282;154.246;154.266;154.256;0;T;True;3
1621266609000;11627284;154.247;154.267;154.257;1;T;True;3
1621266610000;11627285;154.247;154.267;154.257;0;T;True;3
1621266611000;11627288;154.245;154.265;154.255;2;T;True;3
1621266612000;11627289;154.245;154.265;154.255;0;T;True;3
1621266613000;11627290;154.245;154.265;154.255;0;T;True;3
1621266614000;11627291;154.245;154.265;154.255;0;T;True;3
1621266615000;11627295;154.245;154.265;154.255;3;T;True;3
1621266616000;11627298;154.245;154.265;154.255;2;T;True;3
1621266617000;11627300;154.249;154.269;154.259;1;T;True;3
1621266618000;11627302;154.253;154.273;154.263;1;T;True;3
1621266619000;11627303;154.253;154.273;154.263;0;T;True;3
1621266620000;11627304;154.253;154.273;154.263;0;T;True;3
1621266621000;11627306;154.251;154.271;154.261;1;T;True;3
1621266622000;11627308;154.247;154.267;154.257;1;T;True;3
1621266623000;11627313;154.242;154.262;154.252;4;T;True;3
1621266624000;11627316;154.239;154.259;154.249;2;T;True;3
1621266625000;11627318;154.237;154.257;154.247;1;T;True;3
1621266626000;11627319;154.237;154.257;154.247;0;T;True;3
1621266627000;11627320;154.237;154.257;154.247;0;T;True;3
1621266628000;11627321;154.237;154.257;154.247;0;T;True;3
1621266629000;11627322;154.237;154.257;154.247;0;T;True;3
1621266630000;11627323;154.237;154.257;154.247;0;T;True;3
1621266631000;11627324;154.237;154.257;154.247;0;T;True;3
1621266632000;11627326;154.239;154.259;154.249;1;T;True;3
1621266633000;11627331;154.241;154.261;154.251;4;T;True;3
1621266634000;11627335;154.241;154.261;154.251;3;T;True;3
1621266635000;11627336;154.241;154.261;154.251;0;T;True;3
1621266636000;11627337;154.241;154.261;154.251;0;T;True;3
1621266637000;11627339;154.24;154.26;154.25;1;T;True;3
1621266638000;11627340;154.24;154.26;154.25;0;T;True;3
1621266639000;11627341;154.24;154.26;154.25;0;T;True;3
1621266640000;11627342;154.24;154.26;154.25;0;T;True;3
1621266641000;11627345;154.237;154.257;154.247;2;T;True;3
1621266642000;11627347;154.24;154.26;154.25;1;T;True;3
1621266643000;11627348;154.24;154.26;154.25;0;T;True;3
1621266644000;11627349;154.24;154.26;154.25;0;T;True;3
1621266645000;11627350;154.24;154.26;154.25;0;T;True;3
1621266646000;11627351;154.24;154.26;154.25;0;T;True;3
1621266647000;11627354;154.235;154.255;154.245;2;T;True;3
1621266648000;11627355;154.235;154.255;154.245;0;T;True;3
1621266649000;11627357;154.234;154.254;154.244;1;T;True;3
1621266650000;11627358;154.234;154.254;154.244;0;T;True;3
1621266651000;11627360;154.233;154.253;154.243;1;T;True;3
1621266652000;11627361;154.233;154.253;154.243;0;T;True;3
1621266653000;11627362;154.233;154.253;154.243;0;T;True;3
1621266654000;11627366;154.23;154.25;154.24;3;T;True;3
1621266655000;11627368;154.231;154.251;154.241;1;T;True;3
1621266656000;11627369;154.231;154.251;154.241;0;T;True;3
1621266657000;11627372;154.229;154.249;154.239;2;T;True;3
1621266658000;11627375;154.225;154.245;154.235;2;T;True;3
1621266659000;11627376;154.225;154.245;154.235;0;T;True;3
1621266660000;11627378;154.223;154.243;154.233;1;T;True;3
1621266661000;11627384;154.217;154.237;154.227;5;T;True;3
1621266662000;11627387;154.215;154.235;154.225;2;T;True;3
1621266663000;11627388;154.215;154.235;154.225;0;T;True;3
1621266664000;11627390;154.213;154.233;154.223;1;T;True;3
1621266665000;11627391;154.213;154.233;154.223;0;T;True;3
1621266666000;11627392;154.213;154.233;154.223;0;T;True;3
1621266667000;11627395;154.213;154.233;154.223;2;T;True;3
1621266668000;11627399;154.208;154.228;154.218;3;T;True;3
1621266669000;11627401;154.209;154.229;154.219;1;T;True;3
1621266670000;11627404;154.208;154.228;154.218;2;T;True;3
1621266671000;11627405;154.208;154.228;154.218;0;T;True;3
1621266672000;11627408;154.205;154.225;154.215;2;T;True;3
1621266673000;11627410;154.207;154.227;154.217;1;T;True;3
1621266674000;11627411;154.207;154.227;154.217;0;T;True;3
1621266675000;11627414;154.199;154.219;154.209;2;T;True;3
1621266676000;11627418;154.202;154.222;154.212;3;T;True;3
1621266677000;11627421;154.201;154.221;154.211;2;T;True;3
1621266678000;11627423;154.195;154.215;154.205;1;T;True;3
1621266679000;11627425;154.197;154.217;154.207;1;T;True;3
1621266680000;11627427;154.195;154.215;154.205;1;T;True;3
1621266681000;11627428;154.195;154.215;154.205;0;T;True;3
1621266682000;11627430;154.193;154.213;154.203;1;T;True;3
1621266683000;11627432;154.191;154.211;154.201;1;T;True;3
1621266684000;11627433;154.191;154.211;154.201;0;T;True;3
1621266685000;11627436;154.195;154.215;154.205;2;T;True;3
1621266686000;11627440;154.197;154.217;154.207;3;T;True;3
1621266687000;11627441;154.197;154.217;154.207;0;T;True;3
1621266688000;11627442;154.197;154.217;154.207;0;T;True;3
1621266689000;11627443;154.197;154.217;154.207;0;T;True;3
1621266690000;11627445;154.202;154.222;154.212;1;T;True;3
1621266691000;11627446;154.202;154.222;154.212;0;T;True;3
1621266692000;11627449;154.202;154.222;154.212;2;T;True;3
1621266693000;11627450;154.202;154.222;154.212;0;T;True;3
1621266694000;11627451;154.202;154.222;154.212;0;T;True;3
1621266695000;11627452;154.202;154.222;154.212;0;T;True;3
1621266696000;11627453;154.202;154.222;154.212;0;T;True;3
1621266697000;11627454;154.202;154.222;154.212;0;T;True;3
1621266698000;11627460;154.199;154.219;154.209;5;T;True;3
1621266699000;11627461;154.199;154.219;154.209;0;T;True;3
1621266700000;11627464;154.203;154.223;154.213;2;T;True;3
1621266701000;11627465;154.203;154.223;154.213;0;T;True;3
1621266702000;11627466;154.203;154.223;154.213;0;T;True;3
1621266703000;11627467;154.203;154.223;154.213;0;T;True;3
1621266704000;11627470;154.202;154.222;154.212;2;T;True;3
1621266705000;11627471;154.202;154.222;154.212;0;T;True;3
1621266706000;11627472;154.202;154.222;154.212;0;T;True;3
1621266707000;11627475;154.199;154.219;154.209;2;T;True;3
1621266708000;11627476;154.199;154.219;154.209;0;T;True;3
1621266709000;11627477;154.199;154.219;154.209;0;T;True;3
1621266710000;11627482;154.19;154.21;154.2;4;T;True;3
1621266711000;11627485;154.195;154.215;154.205;2;T;True;3
1621266712000;11627486;154.195;154.215;154.205;0;T;True;3
1621266713000;11627487;154.195;154.215;154.205;0;T;True;3
1621266714000;11627490;154.195;154.215;154.205;2;T;True;3
1621266715000;11627491;154.195;154.215;154.205;0;T;True;3
1621266716000;11627492;154.195;154.215;154.205;0;T;True;3
1621266717000;11627494;154.191;154.211;154.201;1;T;True;3
1621266718000;11627495;154.191;154.211;154.201;0;T;True;3
1621266719000;11627496;154.191;154.211;154.201;0;T;True;3
1621266720000;11627499;154.191;154.211;154.201;2;T;True;3
1621266721000;11627500;154.191;154.211;154.201;0;T;True;3
1621266722000;11627505;154.183;154.203;154.193;4;T;True;3
1621266723000;11627507;154.182;154.202;154.192;1;T;True;3
1621266724000;11627508;154.182;154.202;154.192;0;T;True;3
1621266725000;11627509;154.182;154.202;154.192;0;T;True;3
1621266726000;11627510;154.182;154.202;154.192;0;T;True;3
1621266727000;11627511;154.182;154.202;154.192;0;T;True;3
1621266728000;11627512;154.182;154.202;154.192;0;T;True;3
1621266729000;11627513;154.182;154.202;154.192;0;T;True;3
1621266730000;11627514;154.182;154.202;154.192;0;T;True;3
1621266731000;11627515;154.182;154.202;154.192;0;T;True;3
1621266732000;11627516;154.182;154.202;154.192;0;T;True;3
1621266733000;11627517;154.182;154.202;154.192;0;T;True;3
1621266734000;11627519;154.181;154.201;154.191;1;T;True;3
1621266735000;11627521;154.182;154.202;154.192;1;T;True;3
1621266736000;11627522;154.182;154.202;154.192;0;T;True;3
1621266737000;11627524;154.183;154.203;154.193;1;T;True;3
1621266738000;11627527;154.181;154.201;154.191;2;T;True;3
1621266739000;11627528;154.181;154.201;154.191;0;T;True;3
1621266740000;11627529;154.181;154.201;154.191;0;T;True;3
1621266741000;11627530;154.181;154.201;154.191;0;T;True;3
1621266742000;11627531;154.181;154.201;154.191;0;T;True;3
1621266743000;11627532;154.181;154.201;154.191;0;T;True;3
1621266744000;11627533;154.181;154.201;154.191;0;T;True;3
1621266745000;11627534;154.181;154.201;154.191;0;T;True;3
1621266746000;11627537;154.178;154.198;154.188;2;T;True;3
1621266747000;11627539;154.177;154.197;154.187;1;T;True;3
1621266748000;11627540;154.177;154.197;154.187;0;T;True;3
1621266749000;11627541;154.177;154.197;154.187;0;T;True;3
1621266750000;11627542;154.177;154.197;154.187;0;T;True;3
1621266751000;11627545;154.178;154.198;154.188;2;T;True;3
1621266752000;11627546;154.178;154.198;154.188;0;T;True;3
1621266753000;11627547;154.178;154.198;154.188;0;T;True;3
1621266754000;11627548;154.178;154.198;154.188;0;T;True;3
1621266755000;11627549;154.178;154.198;154.188;0;T;True;3
1621266756000;11627550;154.178;154.198;154.188;0;T;True;3
1621266757000;11627551;154.178;154.198;154.188;0;T;True;3
1621266758000;11627552;154.178;154.198;154.188;0;T;True;3
1621266759000;11627553;154.178;154.198;154.188;0;T;True;3
1621266760000;11627557;154.184;154.204;154.194;3;T;True;3
1621266761000;11627560;154.181;154.201;154.191;2;T;True;3
1621266762000;11627564;154.181;154.201;154.191;3;T;True;3
1621266763000;11627565;154.181;154.201;154.191;0;T;True;3
1621266764000;11627566;154.181;154.201;154.191;0;T;True;3
1621266765000;11627568;154.185;154.205;154.195;1;T;True;3
1621266766000;11627572;154.181;154.201;154.191;3;T;True;3
1621266767000;11627575;154.178;154.198;154.188;2;T;True;3
1621266768000;11627577;154.177;154.197;154.187;1;T;True;3
1621266769000;11627579;154.176;154.196;154.186;1;T;True;3
1621266770000;11627580;154.176;154.196;154.186;0;T;True;3
1621266771000;11627582;154.177;154.197;154.187;1;T;True;3
1621266772000;11627584;154.176;154.196;154.186;1;T;True;3
1621266773000;11627586;154.173;154.193;154.183;1;T;True;3
1621266774000;11627590;154.173;154.193;154.183;3;T;True;3
1621266775000;11627592;154.175;154.195;154.185;1;T;True;3
1621266776000;11627594;154.177;154.197;154.187;1;T;True;3
1621266777000;11627597;154.181;154.201;154.191;2;T;True;3
1621266778000;11627601;154.18;154.2;154.19;3;T;True;3
1621266779000;11627603;154.181;154.201;154.191;1;T;True;3
1621266780000;11627604;154.181;154.201;154.191;0;T;True;3
1621266781000;11627607;154.184;154.204;154.194;2;T;True;3
1621266782000;11627611;154.185;154.205;154.195;3;T;True;3
1621266783000;11627612;154.185;154.205;154.195;0;T;True;3
1621266784000;11627614;154.186;154.206;154.196;1;T;True;3
1621266785000;11627616;154.185;154.205;154.195;1;T;True;3
1621266786000;11627617;154.185;154.205;154.195;0;T;True;3
1621266787000;11627618;154.185;154.205;154.195;0;T;True;3
1621266788000;11627619;154.185;154.205;154.195;0;T;True;3
1621266789000;11627620;154.185;154.205;154.195;0;T;True;3
1621266790000;11627621;154.185;154.205;154.195;0;T;True;3
1621266791000;11627622;154.185;154.205;154.195;0;T;True;3
1621266792000;11627625;154.185;154.205;154.195;2;T;True;3
1621266793000;11627626;154.185;154.205;154.195;0;T;True;3
1621266794000;11627627;154.185;154.205;154.195;0;T;True;3
1621266795000;11627628;154.185;154.205;154.195;0;T;True;3
1621266796000;11627629;154.185;154.205;154.195;0;T;True;3
1621266797000;11627631;154.181;154.201;154.191;1;T;True;3
1621266798000;11627632;154.181;154.201;154.191;0;T;True;3
1621266799000;11627634;154.179;154.199;154.189;1;T;True;3
1621266800000;11627635;154.179;154.199;154.189;0;T;True;3
1621266801000;11627636;154.179;154.199;154.189;0;T;True;3
1621266802000;11627639;154.186;154.206;154.196;2;T;True;3
1621266803000;11627642;154.183;154.203;154.193;2;T;True;3
1621266804000;11627644;154.185;154.205;154.195;1;T;True;3
1621266805000;11627645;154.185;154.205;154.195;0;T;True;3
1621266806000;11627646;154.185;154.205;154.195;0;T;True;3
1621266807000;11627647;154.185;154.205;154.195;0;T;True;3
1621266808000;11627648;154.185;154.205;154.195;0;T;True;3
1621266809000;11627649;154.185;154.205;154.195;0;T;True;3
1621266810000;11627651;154.184;154.204;154.194;1;T;True;3
1621266811000;11627654;154.18;154.2;154.19;2;T;True;3
1621266812000;11627656;154.179;154.199;154.189;1;T;True;3
1621266813000;11627657;154.179;154.199;154.189;0;T;True;3
1621266814000;11627658;154.179;154.199;154.189;0;T;True;3
1621266815000;11627659;154.179;154.199;154.189;0;T;True;3
1621266816000;11627662;154.177;154.197;154.187;2;T;True;3
1621266817000;11627663;154.177;154.197;154.187;0;T;True;3
1621266818000;11627664;154.177;154.197;154.187;0;T;True;3
1621266819000;11627665;154.177;154.197;154.187;0;T;True;3
1621266820000;11627668;154.181;154.201;154.191;2;T;True;3
1621266821000;11627670;154.182;154.202;154.192;1;T;True;3
1621266822000;11627672;154.181;154.201;154.191;1;T;True;3
1621266823000;11627673;154.181;154.201;154.191;0;T;True;3
1621266824000;11627676;154.187;154.207;154.197;2;T;True;3
1621266825000;11627678;154.186;154.206;154.196;1;T;True;3
1621266826000;11627680;154.187;154.207;154.197;1;T;True;3
1621266827000;11627681;154.187;154.207;154.197;0;T;True;3
1621266828000;11627682;154.187;154.207;154.197;0;T;True;3
1621266829000;11627683;154.187;154.207;154.197;0;T;True;3
1621266830000;11627684;154.187;154.207;154.197;0;T;True;3
1621266831000;11627687;154.189;154.209;154.199;2;T;True;3
1621266832000;11627689;154.191;154.211;154.201;1;T;True;3
1621266833000;11627690;154.191;154.211;154.201;0;T;True;3
1621266834000;11627691;154.191;154.211;154.201;0;T;True;3
1621266835000;11627692;154.191;154.211;154.201;0;T;True;3
1621266836000;11627693;154.191;154.211;154.201;0;T;True;3
1621266837000;11627695;154.189;154.209;154.199;1;T;True;3
1621266838000;11627697;154.19;154.21;154.2;1;T;True;3
1621266839000;11627699;154.189;154.209;154.199;1;T;True;3
1621266840000;11627700;154.189;154.209;154.199;0;T;True;3
1621266841000;11627701;154.189;154.209;154.199;0;T;True;3
1621266842000;11627702;154.189;154.209;154.199;0;T;True;3
1621266843000;11627703;154.189;154.209;154.199;0;T;True;3
1621266844000;11627704;154.189;154.209;154.199;0;T;True;3
1621266845000;11627706;154.19;154.21;154.2;1;T;True;3
1621266846000;11627708;154.189;154.209;154.199;1;T;True;3
1621266847000;11627709;154.189;154.209;154.199;0;T;True;3
1621266848000;11627711;154.19;154.21;154.2;1;T;True;3
1621266849000;11627712;154.19;154.21;154.2;0;T;True;3
1621266850000;11627713;154.19;154.21;154.2;0;T;True;3
1621266851000;11627714;154.19;154.21;154.2;0;T;True;3
1621266852000;11627715;154.19;154.21;154.2;0;T;True;3
1621266853000;11627718;154.192;154.212;154.202;2;T;True;3
1621266854000;11627720;154.199;154.219;154.209;1;T;True;3
1621266855000;11627721;154.199;154.219;154.209;0;T;True;3
1621266856000;11627723;154.196;154.216;154.206;1;T;True;3
1621266857000;11627729;154.201;154.221;154.211;5;T;True;3
1621266858000;11627732;154.199;154.219;154.209;2;T;True;3
1621266859000;11627733;154.199;154.219;154.209;0;T;True;3
1621266860000;11627734;154.199;154.219;154.209;0;T;True;3
1621266861000;11627735;154.199;154.219;154.209;0;T;True;3
1621266862000;11627737;154.201;154.221;154.211;1;T;True;3
1621266863000;11627738;154.201;154.221;154.211;0;T;True;3
1621266864000;11627740;154.199;154.219;154.209;1;T;True;3
1621266865000;11627742;154.198;154.218;154.208;1;T;True;3
1621266866000;11627743;154.198;154.218;154.208;0;T;True;3
1621266867000;11627744;154.198;154.218;154.208;0;T;True;3
1621266868000;11627745;154.198;154.218;154.208;0;T;True;3
1621266869000;11627747;154.199;154.219;154.209;1;T;True;3
1621266870000;11627748;154.199;154.219;154.209;0;T;True;3
1621266871000;11627749;154.199;154.219;154.209;0;T;True;3
1621266872000;11627751;154.201;154.221;154.211;1;T;True;3
1621266873000;11627752;154.201;154.221;154.211;0;T;True;3
1621266874000;11627753;154.201;154.221;154.211;0;T;True;3
1621266875000;11627754;154.201;154.221;154.211;0;T;True;3
1621266876000;11627756;154.202;154.222;154.212;1;T;True;3
1621266877000;11627757;154.202;154.222;154.212;0;T;True;3
1621266878000;11627760;154.204;154.224;154.214;2;T;True;3
1621266879000;11627761;154.204;154.224;154.214;0;T;True;3
1621266880000;11627762;154.204;154.224;154.214;0;T;True;3
1621266881000;11627763;154.204;154.224;154.214;0;T;True;3
1621266882000;11627764;154.204;154.224;154.214;0;T;True;3
1621266883000;11627765;154.204;154.224;154.214;0;T;True;3
1621266884000;11627766;154.204;154.224;154.214;0;T;True;3
1621266885000;11627767;154.204;154.224;154.214;0;T;True;3
1621266886000;11627768;154.204;154.224;154.214;0;T;True;3
1621266887000;11627769;154.204;154.224;154.214;0;T;True;3
1621266888000;11627770;154.204;154.224;154.214;0;T;True;3
1621266889000;11627771;154.204;154.224;154.214;0;T;True;3
1621266890000;11627772;154.204;154.224;154.214;0;T;True;3
1621266891000;11627773;154.204;154.224;154.214;0;T;True;3
1621266892000;11627774;154.204;154.224;154.214;0;T;True;3
1621266893000;11627775;154.204;154.224;154.214;0;T;True;3
1621266894000;11627776;154.204;154.224;154.214;0;T;True;3
1621266895000;11627778;154.205;154.225;154.215;1;T;True;3
1621266896000;11627779;154.205;154.225;154.215;0;T;True;3
1621266897000;11627780;154.205;154.225;154.215;0;T;True;3
1621266898000;11627782;154.203;154.223;154.213;1;T;True;3
1621266899000;11627783;154.203;154.223;154.213;0;T;True;3
1621266900000;11627784;154.203;154.223;154.213;0;T;True;3
1621266901000;11627788;154.197;154.217;154.207;3;T;True;3
1621266902000;11627789;154.197;154.217;154.207;0;T;True;3
1621266903000;11627791;154.196;154.216;154.206;1;T;True;3
1621266904000;11627792;154.196;154.216;154.206;0;T;True;3
1621266905000;11627793;154.196;154.216;154.206;0;T;True;3
1621266906000;11627795;154.195;154.215;154.205;1;T;True;3
1621266907000;11627797;154.193;154.213;154.203;1;T;True;3
1621266908000;11627800;154.189;154.209;154.199;2;T;True;3
1621266909000;11627801;154.189;154.209;154.199;0;T;True;3
1621266910000;11627805;154.181;154.201;154.191;3;T;True;3
1621266911000;11627806;154.181;154.201;154.191;0;T;True;3
1621266912000;11627807;154.181;154.201;154.191;0;T;True;3
1621266913000;11627809;154.18;154.2;154.19;1;T;True;3
1621266914000;11627810;154.18;154.2;154.19;0;T;True;3
1621266915000;11627811;154.18;154.2;154.19;0;T;True;3
1621266916000;11627812;154.18;154.2;154.19;0;T;True;3
1621266917000;11627815;154.176;154.196;154.186;2;T;True;3
1621266918000;11627817;154.175;154.195;154.185;1;T;True;3
1621266919000;11627818;154.175;154.195;154.185;0;T;True;3
1621266920000;11627820;154.179;154.199;154.189;1;T;True;3
1621266921000;11627821;154.179;154.199;154.189;0;T;True;3
1621266922000;11627823;154.181;154.201;154.191;1;T;True;3
1621266923000;11627824;154.181;154.201;154.191;0;T;True;3
1621266924000;11627825;154.181;154.201;154.191;0;T;True;3
1621266925000;11627826;154.181;154.201;154.191;0;T;True;3
1621266926000;11627828;154.18;154.2;154.19;1;T;True;3
1621266927000;11627829;154.18;154.2;154.19;0;T;True;3
1621266928000;11627830;154.18;154.2;154.19;0;T;True;3
1621266929000;11627831;154.18;154.2;154.19;0;T;True;3
1621266930000;11627833;154.181;154.201;154.191;1;T;True;3
1621266931000;11627835;154.182;154.202;154.192;1;T;True;3
1621266932000;11627836;154.182;154.202;154.192;0;T;True;3
1621266933000;11627837;154.182;154.202;154.192;0;T;True;3
1621266934000;11627838;154.182;154.202;154.192;0;T;True;3
1621266935000;11627839;154.182;154.202;154.192;0;T;True;3
1621266936000;11627840;154.182;154.202;154.192;0;T;True;3
1621266937000;11627841;154.182;154.202;154.192;0;T;True;3
1621266938000;11627843;154.183;154.203;154.193;1;T;True;3
1621266939000;11627845;154.187;154.207;154.197;1;T;True;3
1621266940000;11627846;154.187;154.207;154.197;0;T;True;3
1621266941000;11627847;154.187;154.207;154.197;0;T;True;3
1621266942000;11627848;154.187;154.207;154.197;0;T;True;3
1621266943000;11627849;154.187;154.207;154.197;0;T;True;3
1621266944000;11627850;154.187;154.207;154.197;0;T;True;3
1621266945000;11627851;154.187;154.207;154.197;0;T;True;3
1621266946000;11627852;154.187;154.207;154.197;0;T;True;3
1621266947000;11627854;154.188;154.208;154.198;1;T;True;3
1621266948000;11627855;154.188;154.208;154.198;0;T;True;3
1621266949000;11627856;154.188;154.208;154.198;0;T;True;3
1621266950000;11627857;154.188;154.208;154.198;0;T;True;3
1621266951000;11627859;154.189;154.209;154.199;1;T;True;3
1621266952000;11627861;154.191;154.211;154.201;1;T;True;3
1621266953000;11627862;154.191;154.211;154.201;0;T;True;3
1621266954000;11627863;154.191;154.211;154.201;0;T;True;3
1621266955000;11627864;154.191;154.211;154.201;0;T;True;3
1621266956000;11627865;154.191;154.211;154.201;0;T;True;3
1621266957000;11627866;154.191;154.211;154.201;0;T;True;3
1621266958000;11627867;154.191;154.211;154.201;0;T;True;3
1621266959000;11627868;154.191;154.211;154.201;0;T;True;3
1621266960000;11627869;154.191;154.211;154.201;0;T;True;3
1621266961000;11627870;154.191;154.211;154.201;0;T;True;3
1621266962000;11627871;154.191;154.211;154.201;0;T;True;3
1621266963000;11627877;154.195;154.215;154.205;5;T;True;3
1621266964000;11627878;154.195;154.215;154.205;0;T;True;3
1621266965000;11627879;154.195;154.215;154.205;0;T;True;3
1621266966000;11627881;154.194;154.214;154.204;1;T;True;3
1621266967000;11627882;154.194;154.214;154.204;0;T;True;3
1621266968000;11627885;154.193;154.213;154.203;2;T;True;3
1621266969000;11627886;154.193;154.213;154.203;0;T;True;3
1621266970000;11627887;154.193;154.213;154.203;0;T;True;3
1621266971000;11627888;154.193;154.213;154.203;0;T;True;3
1621266972000;11627889;154.193;154.213;154.203;0;T;True;3
1621266973000;11627891;154.191;154.211;154.201;1;T;True;3
1621266974000;11627892;154.191;154.211;154.201;0;T;True;3
1621266975000;11627893;154.191;154.211;154.201;0;T;True;3
1621266976000;11627895;154.19;154.21;154.2;1;T;True;3
1621266977000;11627897;154.189;154.209;154.199;1;T;True;3
1621266978000;11627898;154.189;154.209;154.199;0;T;True;3
1621266979000;11627899;154.189;154.209;154.199;0;T;True;3
1621266980000;11627900;154.189;154.209;154.199;0;T;True;3
1621266981000;11627901;154.189;154.209;154.199;0;T;True;3
1621266982000;11627903;154.187;154.207;154.197;1;T;True;3
1621266983000;11627905;154.185;154.205;154.195;1;T;True;3
1621266984000;11627907;154.179;154.199;154.189;1;T;True;3
1621266985000;11627908;154.179;154.199;154.189;0;T;True;3
1621266986000;11627909;154.179;154.199;154.189;0;T;True;3
1621266987000;11627910;154.179;154.199;154.189;0;T;True;3
1621266988000;11627912;154.181;154.201;154.191;1;T;True;3
1621266989000;11627913;154.181;154.201;154.191;0;T;True;3
