ts;n;bid;ask;value;volume;phase;round;active_id
1621252662000;11599471;153.885;153.905;153.895;2;T;True;3
1621252663000;11599472;153.885;153.905;153.895;0;T;True;3
1621252664000;11599474;153.886;153.906;153.896;1;T;True;3
1621252665000;11599475;153.886;153.906;153.896;0;T;True;3
1621252666000;11599476;153.886;153.906;153.896;0;T;True;3
1621252667000;11599479;153.889;153.909;153.899;2;T;True;3
1621252668000;11599481;153.891;153.911;153.901;1;T;True;3
1621252669000;11599482;153.891;153.911;153.901;0;T;True;3
1621252670000;11599484;153.895;153.915;153.905;1;T;True;3
1621252671000;11599485;153.895;153.915;153.905;0;T;True;3
1621252672000;11599486;153.895;153.915;153.905;0;T;True;3
1621252673000;11599489;153.889;153.909;153.899;2;T;True;3
1621252674000;11599493;153.884;153.904;153.894;3;T;True;3
1621252675000;11599495;153.885;153.905;153.895;1;T;True;3
1621252676000;11599496;153.885;153.905;153.895;0;T;True;3
1621252677000;11599498;153.884;153.904;153.894;1;T;True;3
1621252678000;11599500;153.883;153.903;153.893;1;T;True;3
1621252679000;11599501;153.883;153.903;153.893;0;T;True;3
1621252680000;11599502;153.883;153.903;153.893;0;T;True;3
1621252681000;11599504;153.884;153.904;153.894;1;T;True;3
1621252682000;11599505;153.884;153.904;153.894;0;T;True;3
1621252683000;11599507;153.883;153.903;153.893;1;T;True;3
1621252684000;11599509;153.884;153.904;153.894;1;T;True;3
1621252685000;11599511;153.885;153.905;153.895;1;T;True;3
1621252686000;11599513;153.883;153.903;153.893;1;T;True;3
1621252687000;11599514;153.883;153.903;153.893;0;T;True;3
1621252688000;11599516;153.881;153.901;153.891;1;T;True;3
1621252689000;11599517;153.881;153.901;153.891;0;T;True;3
1621252690000;11599518;153.881;153.901;153.891;0;T;True;3
1621252691000;11599519;153.881;153.901;153.891;0;T;True;3
1621252692000;11599520;153.881;153.901;153.891;0;T;True;3
1621252693000;11599523;153.881;153.901;153.891;2;T;True;3
1621252694000;11599524;153.881;153.901;153.891;0;T;True;3
1621252695000;11599525;153.881;153.901;153.891;0;T;True;3
1621252696000;11599526;153.881;153.901;153.891;0;T;True;3
1621252697000;11599528;153.88;153.9;153.89;1;T;True;3
1621252698000;11599529;153.88;153.9;153.89;0;T;True;3
1621252699000;11599530;153.88;153.9;153.89;0;T;True;3
1621252700000;11599531;153.88;153.9;153.89;0;T;True;3
1621252701000;11599532;153.88;153.9;153.89;0;T;True;3
1621252702000;11599533;153.88;153.9;153.89;0;T;True;3
1621252703000;11599534;153.88;153.9;153.89;0;T;True;3
1621252704000;11599536;153.881;153.901;153.891;1;T;True;3
1621252705000;11599537;153.881;153.901;153.891;0;T;True;3
1621252706000;11599538;153.881;153.901;153.891;0;T;True;3
1621252707000;11599539;153.881;153.901;153.891;0;T;True;3
1621252708000;11599540;153.881;153.901;153.891;0;T;True;3
1621252709000;11599541;153.881;153.901;153.891;0;T;True;3
1621252710000;11599542;153.881;153.901;153.891;0;T;True;3
1621252711000;11599543;153.881;153.901;153.891;0;T;True;3
1621252712000;11599544;153.881;153.901;153.891;0;T;True;3
1621252713000;11599545;153.881;153.901;153.891;0;T;True;3
1621252714000;11599546;153.881;153.901;153.891;0;T;True;3
1621252715000;11599547;153.881;153.901;153.891;0;T;True;3
1621252716000;11599548;153.881;153.901;153.891;0;T;True;3
1621252717000;11599553;153.892;153.912;153.902;4;T;True;3
1621252718000;11599554;153.892;153.912;153.902;0;T;True;3
1621252719000;11599555;153.892;153.912;153.902;0;T;True;3
1621252720000;11599556;153.892;153.912;153.902;0;T;True;3
1621252721000;11599557;153.892;153.912;153.902;0;T;True;3
1621252722000;11599558;153.892;153.912;153.902;0;T;True;3
1621252723000;11599559;153.892;153.912;153.902;0;T;True;3
1621252724000;11599560;153.892;153.912;153.902;0;T;True;3
1621252725000;11599561;153.892;153.912;153.902;0;T;True;3
1621252726000;11599562;153.892;153.912;153.902;0;T;True;3
1621252727000;11599563;153.892;153.912;153.902;0;T;True;3
1621252728000;11599564;153.892;153.912;153.902;0;T;True;3
1621252729000;11599566;153.893;153.913;153.903;1;T;True;3
1621252730000;11599567;153.893;153.913;153.903;0;T;True;3
1621252731000;11599569;153.891;153.911;153.901;1;T;True;3
1621252732000;11599570;153.891;153.911;153.901;0;T;True;3
1621252733000;11599571;153.891;153.911;153.901;0;T;True;3
1621252734000;11599572;153.891;153.911;153.901;0;T;True;3
1621252735000;11599573;153.891;153.911;153.901;0;T;True;3
1621252736000;11599576;153.895;153.915;153.905;2;T;True;3
1621252737000;11599579;153.899;153.919;153.909;2;T;True;3
1621252738000;11599582;153.903;153.923;153.913;2;T;True;3
1621252739000;11599584;153.905;153.925;153.915;1;T;True;3
1621252740000;11599585;153.905;153.925;153.915;0;T;True;3
1621252741000;11599586;153.905;153.925;153.915;0;T;True;3
1621252742000;11599588;153.903;153.923;153.913;1;T;True;3
1621252743000;11599591;153.901;153.921;153.911;2;T;True;3
1621252744000;11599595;153.899;153.919;153.909;3;T;True;3
1621252745000;11599598;153.903;153.923;153.913;2;T;True;3
1621252746000;11599602;153.899;153.919;153.909;3;T;True;3
1621252747000;11599603;153.899;153.919;153.909;0;T;True;3
1621252748000;11599604;153.899;153.919;153.909;0;T;True;3
1621252749000;11599606;153.901;153.921;153.911;1;T;True;3
1621252750000;11599607;153.901;153.921;153.911;0;T;True;3
1621252751000;11599609;153.9;153.92;153.91;1;T;True;3
1621252752000;11599610;153.9;153.92;153.91;0;T;True;3
1621252753000;11599611;153.9;153.92;153.91;0;T;True;3
1621252754000;11599612;153.9;153.92;153.91;0;T;True;3
1621252755000;11599613;153.9;153.92;153.91;0;T;True;3
1621252756000;11599614;153.9;153.92;153.91;0;T;True;3
1621252757000;11599619;153.877;153.897;153.887;4;T;True;3
1621252758000;11599623;153.869;153.889;153.879;3;T;True;3
1621252759000;11599625;153.867;153.887;153.877;1;T;True;3
1621252760000;11599627;153.869;153.889;153.879;1;T;True;3
1621252761000;11599629;153.867;153.887;153.877;1;T;True;3
1621252762000;11599630;153.867;153.887;153.877;0;T;True;3
1621252763000;11599632;153.869;153.889;153.879;1;T;True;3
1621252764000;11599633;153.869;153.889;153.879;0;T;True;3
1621252765000;11599635;153.87;153.89;153.88;1;T;True;3
1621252766000;11599636;153.87;153.89;153.88;0;T;True;3
1621252767000;11599637;153.87;153.89;153.88;0;T;True;3
1621252768000;11599639;153.871;153.891;153.881;1;T;True;3
1621252769000;11599640;153.871;153.891;153.881;0;T;True;3
1621252770000;11599646;153.874;153.894;153.884;5;T;True;3
1621252771000;11599648;153.875;153.895;153.885;1;T;True;3
1621252772000;11599649;153.875;153.895;153.885;0;T;True;3
1621252773000;11599652;153.873;153.893;153.883;2;T;True;3
1621252774000;11599653;153.873;153.893;153.883;0;T;True;3
1621252775000;11599654;153.873;153.893;153.883;0;T;True;3
1621252776000;11599655;153.873;153.893;153.883;0;T;True;3
1621252777000;11599658;153.873;153.893;153.883;2;T;True;3
1621252778000;11599659;153.873;153.893;153.883;0;T;True;3
1621252779000;11599663;153.871;153.891;153.881;3;T;True;3
1621252780000;11599664;153.871;153.891;153.881;0;T;True;3
1621252781000;11599668;153.873;153.893;153.883;3;T;True;3
1621252782000;11599670;153.872;153.892;153.882;1;T;True;3
1621252783000;11599671;153.872;153.892;153.882;0;T;True;3
1621252784000;11599672;153.872;153.892;153.882;0;T;True;3
1621252785000;11599674;153.869;153.889;153.879;1;T;True;3
1621252786000;11599675;153.869;153.889;153.879;0;T;True;3
1621252787000;11599678;153.865;153.885;153.875;2;T;True;3
1621252788000;11599679;153.865;153.885;153.875;0;T;True;3
1621252789000;11599686;153.852;153.872;153.862;6;T;True;3
1621252790000;11599687;153.852;153.872;153.862;0;T;True;3
1621252791000;11599691;153.859;153.879;153.869;3;T;True;3
1621252792000;11599694;153.863;153.883;153.873;2;T;True;3
1621252793000;11599695;153.863;153.883;153.873;0;T;True;3
1621252794000;11599700;153.864;153.884;153.874;4;T;True;3
1621252795000;11599702;153.865;153.885;153.875;1;T;True;3
1621252796000;11599709;153.876;153.896;153.886;6;T;True;3
1621252797000;11599714;153.885;153.905;153.895;4;T;True;3
1621252798000;11599719;153.881;153.901;153.891;4;T;True;3
1621252799000;11599723;153.883;153.903;153.893;3;T;True;3
1621252800000;11599725;153.881;153.901;153.891;1;T;True;3
1621252801000;11599732;153.886;153.906;153.896;6;T;True;3
1621252802000;11599736;153.877;153.897;153.887;3;T;True;3
1621252803000;11599737;153.877;153.897;153.887;0;T;True;3
1621252804000;11599739;153.869;153.889;153.879;1;T;True;3
1621252805000;11599740;153.869;153.889;153.879;0;T;True;3
1621252806000;11599743;153.869;153.889;153.879;2;T;True;3
1621252807000;11599744;153.869;153.889;153.879;0;T;True;3
1621252808000;11599746;153.867;153.887;153.877;1;T;True;3
1621252809000;11599748;153.866;153.886;153.876;1;T;True;3
1621252810000;11599749;153.866;153.886;153.876;0;T;True;3
1621252811000;11599754;153.875;153.895;153.885;4;T;True;3
1621252812000;11599760;153.871;153.891;153.881;5;T;True;3
1621252813000;11599762;153.872;153.892;153.882;1;T;True;3
1621252814000;11599764;153.869;153.889;153.879;1;T;True;3
1621252815000;11599769;153.863;153.883;153.873;4;T;True;3
1621252816000;11599772;153.855;153.875;153.865;2;T;True;3
1621252817000;11599773;153.855;153.875;153.865;0;T;True;3
1621252818000;11599774;153.855;153.875;153.865;0;T;True;3
1621252819000;11599775;153.855;153.875;153.865;0;T;True;3
1621252820000;11599777;153.854;153.874;153.864;1;T;True;3
1621252821000;11599779;153.853;153.873;153.863;1;T;True;3
1621252822000;11599782;153.851;153.871;153.861;2;T;True;3
1621252823000;11599785;153.844;153.864;153.854;2;T;True;3
1621252824000;11599788;153.845;153.865;153.855;2;T;True;3
1621252825000;11599792;153.842;153.862;153.852;3;T;True;3
1621252826000;11599796;153.84;153.86;153.85;3;T;True;3
1621252827000;11599801;153.833;153.853;153.843;4;T;True;3
1621252828000;11599802;153.833;153.853;153.843;0;T;True;3
1621252829000;11599803;153.833;153.853;153.843;0;T;True;3
1621252830000;11599805;153.831;153.851;153.841;1;T;True;3
1621252831000;11599806;153.831;153.851;153.841;0;T;True;3
1621252832000;11599808;153.833;153.853;153.843;1;T;True;3
1621252833000;11599809;153.833;153.853;153.843;0;T;True;3
1621252834000;11599810;153.833;153.853;153.843;0;T;True;3
1621252835000;11599811;153.833;153.853;153.843;0;T;True;3
1621252836000;11599812;153.833;153.853;153.843;0;T;True;3
1621252837000;11599813;153.833;153.853;153.843;0;T;True;3
1621252838000;11599816;153.836;153.856;153.846;2;T;True;3
1621252839000;11599819;153.837;153.857;153.847;2;T;True;3
1621252840000;11599821;153.835;153.855;153.845;1;T;True;3
1621252841000;11599825;153.831;153.851;153.841;3;T;True;3
1621252842000;11599827;153.833;153.853;153.843;1;T;True;3
1621252843000;11599830;153.829;153.849;153.839;2;T;True;3
1621252844000;11599831;153.829;153.849;153.839;0;T;True;3
1621252845000;11599832;153.829;153.849;153.839;0;T;True;3
1621252846000;11599835;153.835;153.855;153.845;2;T;True;3
1621252847000;11599836;153.835;153.855;153.845;0;T;True;3
1621252848000;11599837;153.835;153.855;153.845;0;T;True;3
1621252849000;11599838;153.835;153.855;153.845;0;T;True;3
1621252850000;11599839;153.835;153.855;153.845;0;T;True;3
1621252851000;11599840;153.835;153.855;153.845;0;T;True;3
1621252852000;11599841;153.835;153.855;153.845;0;T;True;3
1621252853000;11599842;153.835;153.855;153.845;0;T;True;3
1621252854000;11599843;153.835;153.855;153.845;0;T;True;3
1621252855000;11599845;153.837;153.857;153.847;1;T;True;3
1621252856000;11599849;153.844;153.864;153.854;3;T;True;3
1621252857000;11599851;153.843;153.863;153.853;1;T;True;3
1621252858000;11599852;153.843;153.863;153.853;0;T;True;3
1621252859000;11599853;153.843;153.863;153.853;0;T;True;3
1621252860000;11599854;153.843;153.863;153.853;0;T;True;3
1621252861000;11599855;153.843;153.863;153.853;0;T;True;3
1621252862000;11599861;153.851;153.871;153.861;5;T;True;3
1621252863000;11599864;153.845;153.865;153.855;2;T;True;3
1621252864000;11599865;153.845;153.865;153.855;0;T;True;3
1621252865000;11599866;153.845;153.865;153.855;0;T;True;3
1621252866000;11599867;153.845;153.865;153.855;0;T;True;3
1621252867000;11599868;153.845;153.865;153.855;0;T;True;3
1621252868000;11599871;153.843;153.863;153.853;2;T;True;3
1621252869000;11599879;153.853;153.873;153.863;7;T;True;3
1621252870000;11599881;153.851;153.871;153.861;1;T;True;3
1621252871000;11599884;153.849;153.869;153.859;2;T;True;3
1621252872000;11599885;153.849;153.869;153.859;0;T;True;3
1621252873000;11599887;153.848;153.868;153.858;1;T;True;3
1621252874000;11599888;153.848;153.868;153.858;0;T;True;3
1621252875000;11599891;153.845;153.865;153.855;2;T;True;3
1621252876000;11599894;153.845;153.865;153.855;2;T;True;3
1621252877000;11599895;153.845;153.865;153.855;0;T;True;3
1621252878000;11599897;153.847;153.867;153.857;1;T;True;3
1621252879000;11599899;153.849;153.869;153.859;1;T;True;3
1621252880000;11599902;153.846;153.866;153.856;2;T;True;3
1621252881000;11599903;153.846;153.866;153.856;0;T;True;3
1621252882000;11599904;153.846;153.866;153.856;0;T;True;3
1621252883000;11599906;153.845;153.865;153.855;1;T;True;3
1621252884000;11599907;153.845;153.865;153.855;0;T;True;3
1621252885000;11599908;153.845;153.865;153.855;0;T;True;3
1621252886000;11599909;153.845;153.865;153.855;0;T;True;3
1621252887000;11599910;153.845;153.865;153.855;0;T;True;3
1621252888000;11599914;153.835;153.855;153.845;3;T;True;3
1621252889000;11599916;153.833;153.853;153.843;1;T;True;3
1621252890000;11599917;153.833;153.853;153.843;0;T;True;3
1621252891000;11599918;153.833;153.853;153.843;0;T;True;3
1621252892000;11599919;153.833;153.853;153.843;0;T;True;3
1621252893000;11599920;153.833;153.853;153.843;0;T;True;3
1621252894000;11599921;153.833;153.853;153.843;0;T;True;3
1621252895000;11599922;153.833;153.853;153.843;0;T;True;3
1621252896000;11599925;153.837;153.857;153.847;2;T;True;3
1621252897000;11599926;153.837;153.857;153.847;0;T;True;3
1621252898000;11599927;153.837;153.857;153.847;0;T;True;3
1621252899000;11599928;153.837;153.857;153.847;0;T;True;3
1621252900000;11599929;153.837;153.857;153.847;0;T;True;3
1621252901000;11599932;153.843;153.863;153.853;2;T;True;3
1621252902000;11599934;153.844;153.864;153.854;1;T;True;3
1621252903000;11599940;153.844;153.864;153.854;5;T;True;3
1621252904000;11599941;153.844;153.864;153.854;0;T;True;3
1621252905000;11599942;153.844;153.864;153.854;0;T;True;3
1621252906000;11599943;153.844;153.864;153.854;0;T;True;3
1621252907000;11599944;153.844;153.864;153.854;0;T;True;3
1621252908000;11599947;153.841;153.861;153.851;2;T;True;3
1621252909000;11599948;153.841;153.861;153.851;0;T;True;3
1621252910000;11599949;153.841;153.861;153.851;0;T;True;3
1621252911000;11599952;153.841;153.861;153.851;2;T;True;3
1621252912000;11599953;153.841;153.861;153.851;0;T;True;3
1621252913000;11599956;153.841;153.861;153.851;2;T;True;3
1621252914000;11599957;153.841;153.861;153.851;0;T;True;3
1621252915000;11599958;153.841;153.861;153.851;0;T;True;3
1621252916000;11599959;153.841;153.861;153.851;0;T;True;3
1621252917000;11599960;153.841;153.861;153.851;0;T;True;3
1621252918000;11599961;153.841;153.861;153.851;0;T;True;3
1621252919000;11599963;153.839;153.859;153.849;1;T;True;3
1621252920000;11599964;153.839;153.859;153.849;0;T;True;3
1621252921000;11599965;153.839;153.859;153.849;0;T;True;3
1621252922000;11599966;153.839;153.859;153.849;0;T;True;3
1621252923000;11599967;153.839;153.859;153.849;0;T;True;3
1621252924000;11599968;153.839;153.859;153.849;0;T;True;3
1621252925000;11599970;153.841;153.861;153.851;1;T;True;3
1621252926000;11599971;153.841;153.861;153.851;0;T;True;3
1621252927000;11599973;153.843;153.863;153.853;1;T;True;3
1621252928000;11599974;153.843;153.863;153.853;0;T;True;3
1621252929000;11599975;153.843;153.863;153.853;0;T;True;3
1621252930000;11599976;153.843;153.863;153.853;0;T;True;3
1621252931000;11599977;153.843;153.863;153.853;0;T;True;3
1621252932000;11599978;153.843;153.863;153.853;0;T;True;3
1621252933000;11599979;153.843;153.863;153.853;0;T;True;3
1621252934000;11599980;153.843;153.863;153.853;0;T;True;3
1621252935000;11599981;153.843;153.863;153.853;0;T;True;3
1621252936000;11599982;153.843;153.863;153.853;0;T;True;3
1621252937000;11599983;153.843;153.863;153.853;0;T;True;3
1621252938000;11599984;153.843;153.863;153.853;0;T;True;3
1621252939000;11599986;153.847;153.867;153.857;1;T;True;3
1621252940000;11599989;153.845;153.865;153.855;2;T;True;3
1621252941000;11599990;153.845;153.865;153.855;0;T;True;3
1621252942000;11599991;153.845;153.865;153.855;0;T;True;3
1621252943000;11599992;153.845;153.865;153.855;0;T;True;3
1621252944000;11599993;153.845;153.865;153.855;0;T;True;3
1621252945000;11599994;153.845;153.865;153.855;0;T;True;3
1621252946000;11599996;153.846;153.866;153.856;1;T;True;3
1621252947000;11599997;153.846;153.866;153.856;0;T;True;3
1621252948000;11599998;153.846;153.866;153.856;0;T;True;3
1621252949000;11599999;153.846;153.866;153.856;0;T;True;3
1621252950000;11600000;153.846;153.866;153.856;0;T;True;3
1621252951000;11600002;153.847;153.867;153.857;1;T;True;3
1621252952000;11600005;153.847;153.867;153.857;2;T;True;3
1621252953000;11600008;153.848;153.868;153.858;2;T;True;3
1621252954000;11600009;153.848;153.868;153.858;0;T;True;3
1621252955000;11600010;153.848;153.868;153.858;0;T;True;3
1621252956000;11600011;153.848;153.868;153.858;0;T;True;3
1621252957000;11600012;153.848;153.868;153.858;0;T;True;3
1621252958000;11600014;153.847;153.867;153.857;1;T;True;3
1621252959000;11600016;153.848;153.868;153.858;1;T;True;3
1621252960000;11600020;153.856;153.876;153.866;3;T;True;3
1621252961000;11600021;153.856;153.876;153.866;0;T;True;3
1621252962000;11600026;153.863;153.883;153.873;4;T;True;3
1621252963000;11600027;153.863;153.883;153.873;0;T;True;3
1621252964000;11600029;153.866;153.886;153.876;1;T;True;3
1621252965000;11600030;153.866;153.886;153.876;0;T;True;3
1621252966000;11600031;153.866;153.886;153.876;0;T;True;3
1621252967000;11600033;153.867;153.887;153.877;1;T;True;3
1621252968000;11600036;153.863;153.883;153.873;2;T;True;3
1621252969000;11600037;153.863;153.883;153.873;0;T;True;3
1621252970000;11600039;153.86;153.88;153.87;1;T;True;3
1621252971000;11600040;153.86;153.88;153.87;0;T;True;3
1621252972000;11600041;153.86;153.88;153.87;0;T;True;3
1621252973000;11600042;153.86;153.88;153.87;0;T;True;3
1621252974000;11600044;153.861;153.881;153.871;1;T;True;3
1621252975000;11600045;153.861;153.881;153.871;0;T;True;3
1621252976000;11600047;153.863;153.883;153.873;1;T;True;3
1621252977000;11600048;153.863;153.883;153.873;0;T;True;3
1621252978000;11600052;153.871;153.891;153.881;3;T;True;3
1621252979000;11600053;153.871;153.891;153.881;0;T;True;3
1621252980000;11600054;153.871;153.891;153.881;0;T;True;3
1621252981000;11600055;153.871;153.891;153.881;0;T;True;3
1621252982000;11600056;153.871;153.891;153.881;0;T;True;3
1621252983000;11600057;153.871;153.891;153.881;0;T;True;3
1621252984000;11600058;153.871;153.891;153.881;0;T;True;3
1621252985000;11600059;153.871;153.891;153.881;0;T;True;3
1621252986000;11600060;153.871;153.891;153.881;0;T;True;3
1621252987000;11600061;153.871;153.891;153.881;0;T;True;3
1621252988000;11600062;153.871;153.891;153.881;0;T;True;3
1621252989000;11600065;153.879;153.899;153.889;2;T;True;3
1621252990000;11600067;153.881;153.901;153.891;1;T;True;3
1621252991000;11600068;153.881;153.901;153.891;0;T;True;3
1621252992000;11600069;153.881;153.901;153.891;0;T;True;3
1621252993000;11600070;153.881;153.901;153.891;0;T;True;3
1621252994000;11600072;153.879;153.899;153.889;1;T;True;3
1621252995000;11600073;153.879;153.899;153.889;0;T;True;3
1621252996000;11600074;153.879;153.899;153.889;0;T;True;3
1621252997000;11600075;153.879;153.899;153.889;0;T;True;3
1621252998000;11600079;153.891;153.911;153.901;3;T;True;3
1621252999000;11600080;153.891;153.911;153.901;0;T;True;3
1621253000000;11600082;153.893;153.913;153.903;1;T;True;3
1621253001000;11600083;153.893;153.913;153.903;0;T;True;3
1621253002000;11600084;153.893;153.913;153.903;0;T;True;3
1621253003000;11600085;153.893;153.913;153.903;0;T;True;3
1621253004000;11600086;153.893;153.913;153.903;0;T;True;3
1621253005000;11600087;153.893;153.913;153.903;0;T;True;3
1621253006000;11600088;153.893;153.913;153.903;0;T;True;3
1621253007000;11600089;153.893;153.913;153.903;0;T;True;3
1621253008000;11600090;153.893;153.913;153.903;0;T;True;3
1621253009000;11600093;153.887;153.907;153.897;2;T;True;3
1621253010000;11600096;153.885;153.905;153.895;2;T;True;3
1621253011000;11600097;153.885;153.905;153.895;0;T;True;3
1621253012000;11600098;153.885;153.905;153.895;0;T;True;3
1621253013000;11600099;153.885;153.905;153.895;0;T;True;3
1621253014000;11600100;153.885;153.905;153.895;0;T;True;3
1621253015000;11600102;153.883;153.903;153.893;1;T;True;3
1621253016000;11600108;153.883;153.903;153.893;5;T;True;3
1621253017000;11600109;153.883;153.903;153.893;0;T;True;3
1621253018000;11600111;153.881;153.901;153.891;1;T;True;3
1621253019000;11600112;153.881;153.901;153.891;0;T;True;3
1621253020000;11600113;153.881;153.901;153.891;0;T;True;3
1621253021000;11600114;153.881;153.901;153.891;0;T;True;3
1621253022000;11600117;153.877;153.897;153.887;2;T;True;3
1621253023000;11600121;153.881;153.901;153.891;3;T;True;3
1621253024000;11600122;153.881;153.901;153.891;0;T;True;3
1621253025000;11600123;153.881;153.901;153.891;0;T;True;3
1621253026000;11600124;153.881;153.901;153.891;0;T;True;3
1621253027000;11600125;153.881;153.901;153.891;0;T;True;3
1621253028000;11600126;153.881;153.901;153.891;0;T;True;3
1621253029000;11600127;153.881;153.901;153.891;0;T;True;3
1621253030000;11600128;153.881;153.901;153.891;0;T;True;3
1621253031000;11600129;153.881;153.901;153.891;0;T;True;3
1621253032000;11600134;153.891;153.911;153.901;4;T;True;3
1621253033000;11600135;153.891;153.911;153.901;0;T;True;3
1621253034000;11600136;153.891;153.911;153.901;0;T;True;3
1621253035000;11600138;153.892;153.912;153.902;1;T;True;3
1621253036000;11600140;153.891;153.911;153.901;1;T;True;3
1621253037000;11600142;153.892;153.912;153.902;1;T;True;3
1621253038000;11600143;153.892;153.912;153.902;0;T;True;3
1621253039000;11600145;153.893;153.913;153.903;1;T;True;3
1621253040000;11600146;153.893;153.913;153.903;0;T;True;3
1621253041000;11600147;153.893;153.913;153.903;0;T;True;3
1621253042000;11600150;153.892;153.912;153.902;2;T;True;3
1621253043000;11600152;153.891;153.911;153.901;1;T;True;3
1621253044000;11600154;153.893;153.913;153.903;1;T;True;3
1621253045000;11600158;153.894;153.914;153.904;3;T;True;3
1621253046000;11600163;153.889;153.909;153.899;4;T;True;3
1621253047000;11600165;153.891;153.911;153.901;1;T;True;3
1621253048000;11600166;153.891;153.911;153.901;0;T;True;3
1621253049000;11600167;153.891;153.911;153.901;0;T;True;3
1621253050000;11600168;153.891;153.911;153.901;0;T;True;3
1621253051000;11600173;153.884;153.904;153.894;4;T;True;3
1621253052000;11600174;153.884;153.904;153.894;0;T;True;3
1621253053000;11600177;153.889;153.909;153.899;2;T;True;3
1621253054000;11600178;153.889;153.909;153.899;0;T;True;3
1621253055000;11600179;153.889;153.909;153.899;0;T;True;3
1621253056000;11600181;153.888;153.908;153.898;1;T;True;3
1621253057000;11600182;153.888;153.908;153.898;0;T;True;3
1621253058000;11600184;153.885;153.905;153.895;1;T;True;3
1621253059000;11600187;153.884;153.904;153.894;2;T;True;3
1621253060000;11600193;153.887;153.907;153.897;5;T;True;3
1621253061000;11600194;153.887;153.907;153.897;0;T;True;3
1621253062000;11600195;153.887;153.907;153.897;0;T;True;3
1621253063000;11600196;153.887;153.907;153.897;0;T;True;3
1621253064000;11600197;153.887;153.907;153.897;0;T;True;3
1621253065000;11600199;153.888;153.908;153.898;1;T;True;3
1621253066000;11600205;153.903;153.923;153.913;5;T;True;3
1621253067000;11600206;153.903;153.923;153.913;0;T;True;3
1621253068000;11600207;153.903;153.923;153.913;0;T;True;3
1621253069000;11600211;153.905;153.925;153.915;3;T;True;3
1621253070000;11600212;153.905;153.925;153.915;0;T;True;3
1621253071000;11600213;153.905;153.925;153.915;0;T;True;3
1621253072000;11600215;153.907;153.927;153.917;1;T;True;3
1621253073000;11600216;153.907;153.927;153.917;0;T;True;3
1621253074000;11600218;153.906;153.926;153.916;1;T;True;3
1621253075000;11600220;153.905;153.925;153.915;1;T;True;3
1621253076000;11600222;153.901;153.921;153.911;1;T;True;3
1621253077000;11600224;153.903;153.923;153.913;1;T;True;3
1621253078000;11600225;153.903;153.923;153.913;0;T;True;3
1621253079000;11600229;153.911;153.931;153.921;3;T;True;3
1621253080000;11600232;153.911;153.931;153.921;2;T;True;3
1621253081000;11600233;153.911;153.931;153.921;0;T;True;3
1621253082000;11600234;153.911;153.931;153.921;0;T;True;3
1621253083000;11600235;153.911;153.931;153.921;0;T;True;3
1621253084000;11600236;153.911;153.931;153.921;0;T;True;3
1621253085000;11600239;153.913;153.933;153.923;2;T;True;3
1621253086000;11600240;153.913;153.933;153.923;0;T;True;3
1621253087000;11600241;153.913;153.933;153.923;0;T;True;3
1621253088000;11600242;153.913;153.933;153.923;0;T;True;3
1621253089000;11600244;153.912;153.932;153.922;1;T;True;3
1621253090000;11600246;153.911;153.931;153.921;1;T;True;3
1621253091000;11600250;153.909;153.929;153.919;3;T;True;3
1621253092000;11600254;153.901;153.921;153.911;3;T;True;3
1621253093000;11600255;153.901;153.921;153.911;0;T;True;3
1621253094000;11600262;153.885;153.905;153.895;6;T;True;3
1621253095000;11600265;153.881;153.901;153.891;2;T;True;3
1621253096000;11600266;153.881;153.901;153.891;0;T;True;3
1621253097000;11600267;153.881;153.901;153.891;0;T;True;3
1621253098000;11600268;153.881;153.901;153.891;0;T;True;3
1621253099000;11600269;153.881;153.901;153.891;0;T;True;3
1621253100000;11600270;153.881;153.901;153.891;0;T;True;3
1621253101000;11600272;153.88;153.9;153.89;1;T;True;3
1621253102000;11600275;153.88;153.9;153.89;2;T;True;3
1621253103000;11600276;153.88;153.9;153.89;0;T;True;3
1621253104000;11600278;153.879;153.899;153.889;1;T;True;3
1621253105000;11600279;153.879;153.899;153.889;0;T;True;3
1621253106000;11600283;153.88;153.9;153.89;3;T;True;3
1621253107000;11600284;153.88;153.9;153.89;0;T;True;3
1621253108000;11600285;153.88;153.9;153.89;0;T;True;3
1621253109000;11600289;153.887;153.907;153.897;3;T;True;3
1621253110000;11600290;153.887;153.907;153.897;0;T;True;3
1621253111000;11600292;153.885;153.905;153.895;1;T;True;3
1621253112000;11600293;153.885;153.905;153.895;0;T;True;3
1621253113000;11600294;153.885;153.905;153.895;0;T;True;3
1621253114000;11600296;153.887;153.907;153.897;1;T;True;3
1621253115000;11600297;153.887;153.907;153.897;0;T;True;3
1621253116000;11600298;153.887;153.907;153.897;0;T;True;3
1621253117000;11600299;153.887;153.907;153.897;0;T;True;3
1621253118000;11600300;153.887;153.907;153.897;0;T;True;3
1621253119000;11600301;153.887;153.907;153.897;0;T;True;3
1621253120000;11600302;153.887;153.907;153.897;0;T;True;3
1621253121000;11600303;153.887;153.907;153.897;0;T;True;3
1621253122000;11600304;153.887;153.907;153.897;0;T;True;3
1621253123000;11600305;153.887;153.907;153.897;0;T;True;3
1621253124000;11600307;153.889;153.909;153.899;1;T;True;3
1621253125000;11600308;153.889;153.909;153.899;0;T;True;3
1621253126000;11600309;153.889;153.909;153.899;0;T;True;3
1621253127000;11600310;153.889;153.909;153.899;0;T;True;3
1621253128000;11600311;153.889;153.909;153.899;0;T;True;3
1621253129000;11600312;153.889;153.909;153.899;0;T;True;3
1621253130000;11600313;153.889;153.909;153.899;0;T;True;3
1621253131000;11600314;153.889;153.909;153.899;0;T;True;3
1621253132000;11600315;153.889;153.909;153.899;0;T;True;3
1621253133000;11600316;153.889;153.909;153.899;0;T;True;3
1621253134000;11600320;153.888;153.908;153.898;3;T;True;3
1621253135000;11600323;153.881;153.901;153.891;2;T;True;3
1621253136000;11600327;153.883;153.903;153.893;3;T;True;3
1621253137000;11600328;153.883;153.903;153.893;0;T;True;3
1621253138000;11600329;153.883;153.903;153.893;0;T;True;3
1621253139000;11600330;153.883;153.903;153.893;0;T;True;3
1621253140000;11600331;153.883;153.903;153.893;0;T;True;3
1621253141000;11600332;153.883;153.903;153.893;0;T;True;3
1621253142000;11600333;153.883;153.903;153.893;0;T;True;3
1621253143000;11600334;153.883;153.903;153.893;0;T;True;3
1621253144000;11600335;153.883;153.903;153.893;0;T;True;3
1621253145000;11600336;153.883;153.903;153.893;0;T;True;3
1621253146000;11600337;153.883;153.903;153.893;0;T;True;3
1621253147000;11600338;153.883;153.903;153.893;0;T;True;3
1621253148000;11600339;153.883;153.903;153.893;0;T;True;3
1621253149000;11600341;153.885;153.905;153.895;1;T;True;3
1621253150000;11600343;153.879;153.899;153.889;1;T;True;3
1621253151000;11600344;153.879;153.899;153.889;0;T;True;3
1621253152000;11600346;153.881;153.901;153.891;1;T;True;3
1621253153000;11600347;153.881;153.901;153.891;0;T;True;3
1621253154000;11600348;153.881;153.901;153.891;0;T;True;3
1621253155000;11600349;153.881;153.901;153.891;0;T;True;3
1621253156000;11600351;153.883;153.903;153.893;1;T;True;3
1621253157000;11600352;153.883;153.903;153.893;0;T;True;3
1621253158000;11600354;153.881;153.901;153.891;1;T;True;3
1621253159000;11600355;153.881;153.901;153.891;0;T;True;3
1621253160000;11600357;153.883;153.903;153.893;1;T;True;3
1621253161000;11600359;153.885;153.905;153.895;1;T;True;3
1621253162000;11600362;153.892;153.912;153.902;2;T;True;3
1621253163000;11600364;153.893;153.913;153.903;1;T;True;3
1621253164000;11600366;153.895;153.915;153.905;1;T;True;3
1621253165000;11600368;153.893;153.913;153.903;1;T;True;3
1621253166000;11600369;153.893;153.913;153.903;0;T;True;3
1621253167000;11600370;153.893;153.913;153.903;0;T;True;3
1621253168000;11600371;153.893;153.913;153.903;0;T;True;3
1621253169000;11600372;153.893;153.913;153.903;0;T;True;3
1621253170000;11600373;153.893;153.913;153.903;0;T;True;3
1621253171000;11600374;153.893;153.913;153.903;0;T;True;3
1621253172000;11600377;153.899;153.919;153.909;2;T;True;3
1621253173000;11600378;153.899;153.919;153.909;0;T;True;3
1621253174000;11600379;153.899;153.919;153.909;0;T;True;3
1621253175000;11600381;153.901;153.921;153.911;1;T;True;3
1621253176000;11600382;153.901;153.921;153.911;0;T;True;3
1621253177000;11600383;153.901;153.921;153.911;0;T;True;3
1621253178000;11600384;153.901;153.921;153.911;0;T;True;3
1621253179000;11600385;153.901;153.921;153.911;0;T;True;3
1621253180000;11600386;153.901;153.921;153.911;0;T;True;3
1621253181000;11600387;153.901;153.921;153.911;0;T;True;3
1621253182000;11600389;153.903;153.923;153.913;1;T;True;3
1621253183000;11600390;153.903;153.923;153.913;0;T;True;3
1621253184000;11600391;153.903;153.923;153.913;0;T;True;3
1621253185000;11600392;153.903;153.923;153.913;0;T;True;3
1621253186000;11600393;153.903;153.923;153.913;0;T;True;3
1621253187000;11600396;153.904;153.924;153.914;2;T;True;3
1621253188000;11600405;153.894;153.914;153.904;8;T;True;3
1621253189000;11600412;153.889;153.909;153.899;6;T;True;3
1621253190000;11600413;153.889;153.909;153.899;0;T;True;3
1621253191000;11600414;153.889;153.909;153.899;0;T;True;3
1621253192000;11600417;153.889;153.909;153.899;2;T;True;3
1621253193000;11600419;153.887;153.907;153.897;1;T;True;3
1621253194000;11600421;153.886;153.906;153.896;1;T;True;3
1621253195000;11600422;153.886;153.906;153.896;0;T;True;3
1621253196000;11600423;153.886;153.906;153.896;0;T;True;3
1621253197000;11600427;153.882;153.902;153.892;3;T;True;3
1621253198000;11600429;153.883;153.903;153.893;1;T;True;3
1621253199000;11600430;153.883;153.903;153.893;0;T;True;3
1621253200000;11600431;153.883;153.903;153.893;0;T;True;3
1621253201000;11600432;153.883;153.903;153.893;0;T;True;3
1621253202000;11600433;153.883;153.903;153.893;0;T;True;3
1621253203000;11600434;153.883;153.903;153.893;0;T;True;3
1621253204000;11600435;153.883;153.903;153.893;0;T;True;3
1621253205000;11600436;153.883;153.903;153.893;0;T;True;3
1621253206000;11600437;153.883;153.903;153.893;0;T;True;3
1621253207000;11600438;153.883;153.903;153.893;0;T;True;3
1621253208000;11600439;153.883;153.903;153.893;0;T;True;3
1621253209000;11600440;153.883;153.903;153.893;0;T;True;3
1621253210000;11600441;153.883;153.903;153.893;0;T;True;3
1621253211000;11600442;153.883;153.903;153.893;0;T;True;3
1621253212000;11600444;153.882;153.902;153.892;1;T;True;3
1621253213000;11600448;153.873;153.893;153.883;3;T;True;3
1621253214000;11600449;153.873;153.893;153.883;0;T;True;3
1621253215000;11600450;153.873;153.893;153.883;0;T;True;3
1621253216000;11600451;153.873;153.893;153.883;0;T;True;3
1621253217000;11600452;153.873;153.893;153.883;0;T;True;3
1621253218000;11600454;153.875;153.895;153.885;1;T;True;3
1621253219000;11600456;153.876;153.896;153.886;1;T;True;3
1621253220000;11600457;153.876;153.896;153.886;0;T;True;3
1621253221000;11600459;153.877;153.897;153.887;1;T;True;3
1621253222000;11600460;153.877;153.897;153.887;0;T;True;3
1621253223000;11600462;153.875;153.895;153.885;1;T;True;3
1621253224000;11600463;153.875;153.895;153.885;0;T;True;3
1621253225000;11600465;153.874;153.894;153.884;1;T;True;3
1621253226000;11600466;153.874;153.894;153.884;0;T;True;3
1621253227000;11600468;153.873;153.893;153.883;1;T;True;3
1621253228000;11600471;153.869;153.889;153.879;2;T;True;3
1621253229000;11600472;153.869;153.889;153.879;0;T;True;3
1621253230000;11600473;153.869;153.889;153.879;0;T;True;3
1621253231000;11600474;153.869;153.889;153.879;0;T;True;3
1621253232000;11600475;153.869;153.889;153.879;0;T;True;3
1621253233000;11600476;153.869;153.889;153.879;0;T;True;3
1621253234000;11600477;153.869;153.889;153.879;0;T;True;3
1621253235000;11600479;153.867;153.887;153.877;1;T;True;3
1621253236000;11600480;153.867;153.887;153.877;0;T;True;3
1621253237000;11600481;153.867;153.887;153.877;0;T;True;3
1621253238000;11600482;153.867;153.887;153.877;0;T;True;3
1621253239000;11600483;153.867;153.887;153.877;0;T;True;3
1621253240000;11600485;153.868;153.888;153.878;1;T;True;3
1621253241000;11600486;153.868;153.888;153.878;0;T;True;3
1621253242000;11600487;153.868;153.888;153.878;0;T;True;3
1621253243000;11600488;153.868;153.888;153.878;0;T;True;3
1621253244000;11600489;153.868;153.888;153.878;0;T;True;3
1621253245000;11600490;153.868;153.888;153.878;0;T;True;3
1621253246000;11600491;153.868;153.888;153.878;0;T;True;3
1621253247000;11600492;153.868;153.888;153.878;0;T;True;3
1621253248000;11600493;153.868;153.888;153.878;0;T;True;3
1621253249000;11600494;153.868;153.888;153.878;0;T;True;3
1621253250000;11600495;153.868;153.888;153.878;0;T;True;3
1621253251000;11600496;153.868;153.888;153.878;0;T;True;3
1621253252000;11600497;153.868;153.888;153.878;0;T;True;3
1621253253000;11600500;153.873;153.893;153.883;2;T;True;3
1621253254000;11600501;153.873;153.893;153.883;0;T;True;3
1621253255000;11600503;153.875;153.895;153.885;1;T;True;3
1621253256000;11600505;153.877;153.897;153.887;1;T;True;3
1621253257000;11600506;153.877;153.897;153.887;0;T;True;3
1621253258000;11600508;153.879;153.899;153.889;1;T;True;3
1621253259000;11600509;153.879;153.899;153.889;0;T;True;3
1621253260000;11600510;153.879;153.899;153.889;0;T;True;3
1621253261000;11600511;153.879;153.899;153.889;0;T;True;3
1621253262000;11600512;153.879;153.899;153.889;0;T;True;3
1621253263000;11600515;153.87;153.89;153.88;2;T;True;3
1621253264000;11600521;153.863;153.883;153.873;5;T;True;3
1621253265000;11600523;153.865;153.885;153.875;1;T;True;3
1621253266000;11600524;153.865;153.885;153.875;0;T;True;3
1621253267000;11600525;153.865;153.885;153.875;0;T;True;3
1621253268000;11600527;153.863;153.883;153.873;1;T;True;3
1621253269000;11600529;153.862;153.882;153.872;1;T;True;3
1621253270000;11600530;153.862;153.882;153.872;0;T;True;3
1621253271000;11600533;153.863;153.883;153.873;2;T;True;3
1621253272000;11600534;153.863;153.883;153.873;0;T;True;3
1621253273000;11600536;153.861;153.881;153.871;1;T;True;3
1621253274000;11600537;153.861;153.881;153.871;0;T;True;3
1621253275000;11600538;153.861;153.881;153.871;0;T;True;3
1621253276000;11600539;153.861;153.881;153.871;0;T;True;3
1621253277000;11600540;153.861;153.881;153.871;0;T;True;3
1621253278000;11600541;153.861;153.881;153.871;0;T;True;3
1621253279000;11600543;153.859;153.879;153.869;1;T;True;3
1621253280000;11600545;153.863;153.883;153.873;1;T;True;3
1621253281000;11600547;153.865;153.885;153.875;1;T;True;3
1621253282000;11600550;153.865;153.885;153.875;2;T;True;3
1621253283000;11600552;153.863;153.883;153.873;1;T;True;3
1621253284000;11600555;153.863;153.883;153.873;2;T;True;3
1621253285000;11600556;153.863;153.883;153.873;0;T;True;3
1621253286000;11600560;153.867;153.887;153.877;3;T;True;3
1621253287000;11600562;153.863;153.883;153.873;1;T;True;3
1621253288000;11600564;153.864;153.884;153.874;1;T;True;3
1621253289000;11600565;153.864;153.884;153.874;0;T;True;3
1621253290000;11600570;153.861;153.881;153.871;4;T;True;3
1621253291000;11600571;153.861;153.881;153.871;0;T;True;3
1621253292000;11600572;153.861;153.881;153.871;0;T;True;3
1621253293000;11600574;153.862;153.882;153.872;1;T;True;3
1621253294000;11600575;153.862;153.882;153.872;0;T;True;3
1621253295000;11600576;153.862;153.882;153.872;0;T;True;3
1621253296000;11600577;153.862;153.882;153.872;0;T;True;3
1621253297000;11600578;153.862;153.882;153.872;0;T;True;3
1621253298000;11600584;153.865;153.885;153.875;5;T;True;3
1621253299000;11600586;153.867;153.887;153.877;1;T;True;3
1621253300000;11600588;153.869;153.889;153.879;1;T;True;3
1621253301000;11600591;153.867;153.887;153.877;2;T;True;3
1621253302000;11600594;153.869;153.889;153.879;2;T;True;3
1621253303000;11600595;153.869;153.889;153.879;0;T;True;3
1621253304000;11600596;153.869;153.889;153.879;0;T;True;3
1621253305000;11600599;153.865;153.885;153.875;2;T;True;3
1621253306000;11600603;153.856;153.876;153.866;3;T;True;3
1621253307000;11600604;153.856;153.876;153.866;0;T;True;3
1621253308000;11600606;153.855;153.875;153.865;1;T;True;3
1621253309000;11600610;153.853;153.873;153.863;3;T;True;3
1621253310000;11600611;153.853;153.873;153.863;0;T;True;3
1621253311000;11600612;153.853;153.873;153.863;0;T;True;3
1621253312000;11600614;153.852;153.872;153.862;1;T;True;3
1621253313000;11600615;153.852;153.872;153.862;0;T;True;3
1621253314000;11600616;153.852;153.872;153.862;0;T;True;3
1621253315000;11600617;153.852;153.872;153.862;0;T;True;3
1621253316000;11600618;153.852;153.872;153.862;0;T;True;3
1621253317000;11600619;153.852;153.872;153.862;0;T;True;3
1621253318000;11600620;153.852;153.872;153.862;0;T;True;3
1621253319000;11600621;153.852;153.872;153.862;0;T;True;3
1621253320000;11600624;153.855;153.875;153.865;2;T;True;3
1621253321000;11600626;153.854;153.874;153.864;1;T;True;3
1621253322000;11600627;153.854;153.874;153.864;0;T;True;3
1621253323000;11600629;153.853;153.873;153.863;1;T;True;3
1621253324000;11600633;153.843;153.863;153.853;3;T;True;3
1621253325000;11600634;153.843;153.863;153.853;0;T;True;3
1621253326000;11600635;153.843;153.863;153.853;0;T;True;3
1621253327000;11600636;153.843;153.863;153.853;0;T;True;3
1621253328000;11600637;153.843;153.863;153.853;0;T;True;3
1621253329000;11600638;153.843;153.863;153.853;0;T;True;3
1621253330000;11600639;153.843;153.863;153.853;0;T;True;3
1621253331000;11600640;153.843;153.863;153.853;0;T;True;3
1621253332000;11600641;153.843;153.863;153.853;0;T;True;3
1621253333000;11600642;153.843;153.863;153.853;0;T;True;3
1621253334000;11600643;153.843;153.863;153.853;0;T;True;3
1621253335000;11600644;153.843;153.863;153.853;0;T;True;3
1621253336000;11600645;153.843;153.863;153.853;0;T;True;3
1621253337000;11600646;153.843;153.863;153.853;0;T;True;3
1621253338000;11600647;153.843;153.863;153.853;0;T;True;3
1621253339000;11600651;153.853;153.873;153.863;3;T;True;3
1621253340000;11600652;153.853;153.873;153.863;0;T;True;3
1621253341000;11600654;153.854;153.874;153.864;1;T;True;3
1621253342000;11600661;153.861;153.881;153.871;6;T;True;3
1621253343000;11600663;153.864;153.884;153.874;1;T;True;3
1621253344000;11600665;153.863;153.883;153.873;1;T;True;3
1621253345000;11600670;153.851;153.871;153.861;4;T;True;3
1621253346000;11600672;153.853;153.873;153.863;1;T;True;3
1621253347000;11600673;153.853;153.873;153.863;0;T;True;3
1621253348000;11600675;153.854;153.874;153.864;1;T;True;3
1621253349000;11600676;153.854;153.874;153.864;0;T;True;3
1621253350000;11600677;153.854;153.874;153.864;0;T;True;3
1621253351000;11600680;153.856;153.876;153.866;2;T;True;3
1621253352000;11600681;153.856;153.876;153.866;0;T;True;3
1621253353000;11600683;153.855;153.875;153.865;1;T;True;3
1621253354000;11600684;153.855;153.875;153.865;0;T;True;3
1621253355000;11600686;153.856;153.876;153.866;1;T;True;3
1621253356000;11600687;153.856;153.876;153.866;0;T;True;3
1621253357000;11600688;153.856;153.876;153.866;0;T;True;3
1621253358000;11600690;153.855;153.875;153.865;1;T;True;3
1621253359000;11600691;153.855;153.875;153.865;0;T;True;3
1621253360000;11600692;153.855;153.875;153.865;0;T;True;3
1621253361000;11600699;153.851;153.871;153.861;6;T;True;3
1621253362000;11600700;153.851;153.871;153.861;0;T;True;3
1621253363000;11600702;153.85;153.87;153.86;1;T;True;3
1621253364000;11600703;153.85;153.87;153.86;0;T;True;3
1621253365000;11600709;153.854;153.874;153.864;5;T;True;3
1621253366000;11600712;153.855;153.875;153.865;2;T;True;3
1621253367000;11600713;153.855;153.875;153.865;0;T;True;3
1621253368000;11600715;153.857;153.877;153.867;1;T;True;3
1621253369000;11600717;153.855;153.875;153.865;1;T;True;3
1621253370000;11600718;153.855;153.875;153.865;0;T;True;3
1621253371000;11600719;153.855;153.875;153.865;0;T;True;3
1621253372000;11600720;153.855;153.875;153.865;0;T;True;3
1621253373000;11600723;153.856;153.876;153.866;2;T;True;3
1621253374000;11600725;153.854;153.874;153.864;1;T;True;3
1621253375000;11600726;153.854;153.874;153.864;0;T;True;3
1621253376000;11600727;153.854;153.874;153.864;0;T;True;3
1621253377000;11600728;153.854;153.874;153.864;0;T;True;3
1621253378000;11600730;153.855;153.875;153.865;1;T;True;3
1621253379000;11600731;153.855;153.875;153.865;0;T;True;3
1621253380000;11600732;153.855;153.875;153.865;0;T;True;3
1621253381000;11600733;153.855;153.875;153.865;0;T;True;3
1621253382000;11600734;153.855;153.875;153.865;0;T;True;3
1621253383000;11600735;153.855;153.875;153.865;0;T;True;3
1621253384000;11600736;153.855;153.875;153.865;0;T;True;3
1621253385000;11600737;153.855;153.875;153.865;0;T;True;3
1621253386000;11600738;153.855;153.875;153.865;0;T;True;3
1621253387000;11600741;153.851;153.871;153.861;2;T;True;3
1621253388000;11600744;153.85;153.87;153.86;2;T;True;3
1621253389000;11600745;153.85;153.87;153.86;0;T;True;3
1621253390000;11600747;153.851;153.871;153.861;1;T;True;3
1621253391000;11600750;153.851;153.871;153.861;2;T;True;3
1621253392000;11600751;153.851;153.871;153.861;0;T;True;3
1621253393000;11600752;153.851;153.871;153.861;0;T;True;3
1621253394000;11600755;153.851;153.871;153.861;2;T;True;3
1621253395000;11600756;153.851;153.871;153.861;0;T;True;3
1621253396000;11600757;153.851;153.871;153.861;0;T;True;3
1621253397000;11600760;153.853;153.873;153.863;2;T;True;3
1621253398000;11600761;153.853;153.873;153.863;0;T;True;3
1621253399000;11600762;153.853;153.873;153.863;0;T;True;3
1621253400000;11600763;153.853;153.873;153.863;0;T;True;3
1621253401000;11600764;153.853;153.873;153.863;0;T;True;3
1621253402000;11600765;153.853;153.873;153.863;0;T;True;3
1621253403000;11600766;153.853;153.873;153.863;0;T;True;3
1621253404000;11600767;153.853;153.873;153.863;0;T;True;3
1621253405000;11600768;153.853;153.873;153.863;0;T;True;3
1621253406000;11600769;153.853;153.873;153.863;0;T;True;3
1621253407000;11600771;153.852;153.872;153.862;1;T;True;3
1621253408000;11600773;153.851;153.871;153.861;1;T;True;3
1621253409000;11600774;153.851;153.871;153.861;0;T;True;3
1621253410000;11600775;153.851;153.871;153.861;0;T;True;3
1621253411000;11600779;153.851;153.871;153.861;3;T;True;3
1621253412000;11600781;153.853;153.873;153.863;1;T;True;3
1621253413000;11600782;153.853;153.873;153.863;0;T;True;3
1621253414000;11600783;153.853;153.873;153.863;0;T;True;3
1621253415000;11600784;153.853;153.873;153.863;0;T;True;3
1621253416000;11600785;153.853;153.873;153.863;0;T;True;3
1621253417000;11600786;153.853;153.873;153.863;0;T;True;3
1621253418000;11600790;153.858;153.878;153.868;3;T;True;3
1621253419000;11600791;153.858;153.878;153.868;0;T;True;3
1621253420000;11600793;153.857;153.877;153.867;1;T;True;3
1621253421000;11600794;153.857;153.877;153.867;0;T;True;3
1621253422000;11600796;153.858;153.878;153.868;1;T;True;3
1621253423000;11600797;153.858;153.878;153.868;0;T;True;3
1621253424000;11600798;153.858;153.878;153.868;0;T;True;3
1621253425000;11600800;153.857;153.877;153.867;1;T;True;3
1621253426000;11600801;153.857;153.877;153.867;0;T;True;3
1621253427000;11600802;153.857;153.877;153.867;0;T;True;3
1621253428000;11600803;153.857;153.877;153.867;0;T;True;3
1621253429000;11600804;153.857;153.877;153.867;0;T;True;3
1621253430000;11600805;153.857;153.877;153.867;0;T;True;3
1621253431000;11600808;153.853;153.873;153.863;2;T;True;3
1621253432000;11600810;153.852;153.872;153.862;1;T;True;3
1621253433000;11600812;153.853;153.873;153.863;1;T;True;3
1621253434000;11600814;153.851;153.871;153.861;1;T;True;3
1621253435000;11600818;153.849;153.869;153.859;3;T;True;3
1621253436000;11600819;153.849;153.869;153.859;0;T;True;3
1621253437000;11600820;153.849;153.869;153.859;0;T;True;3
1621253438000;11600821;153.849;153.869;153.859;0;T;True;3
1621253439000;11600822;153.849;153.869;153.859;0;T;True;3
1621253440000;11600823;153.849;153.869;153.859;0;T;True;3
1621253441000;11600826;153.839;153.859;153.849;2;T;True;3
1621253442000;11600827;153.839;153.859;153.849;0;T;True;3
1621253443000;11600828;153.839;153.859;153.849;0;T;True;3
1621253444000;11600829;153.839;153.859;153.849;0;T;True;3
1621253445000;11600830;153.839;153.859;153.849;0;T;True;3
1621253446000;11600832;153.838;153.858;153.848;1;T;True;3
1621253447000;11600834;153.837;153.857;153.847;1;T;True;3
1621253448000;11600836;153.836;153.856;153.846;1;T;True;3
1621253449000;11600837;153.836;153.856;153.846;0;T;True;3
1621253450000;11600840;153.833;153.853;153.843;2;T;True;3
1621253451000;11600842;153.832;153.852;153.842;1;T;True;3
1621253452000;11600843;153.832;153.852;153.842;0;T;True;3
1621253453000;11600844;153.832;153.852;153.842;0;T;True;3
1621253454000;11600845;153.832;153.852;153.842;0;T;True;3
1621253455000;11600846;153.832;153.852;153.842;0;T;True;3
1621253456000;11600848;153.833;153.853;153.843;1;T;True;3
1621253457000;11600849;153.833;153.853;153.843;0;T;True;3
1621253458000;11600850;153.833;153.853;153.843;0;T;True;3
1621253459000;11600851;153.833;153.853;153.843;0;T;True;3
1621253460000;11600852;153.833;153.853;153.843;0;T;True;3
1621253461000;11600853;153.833;153.853;153.843;0;T;True;3
1621253462000;11600854;153.833;153.853;153.843;0;T;True;3
1621253463000;11600855;153.833;153.853;153.843;0;T;True;3
1621253464000;11600856;153.833;153.853;153.843;0;T;True;3
1621253465000;11600858;153.831;153.851;153.841;1;T;True;3
1621253466000;11600859;153.831;153.851;153.841;0;T;True;3
1621253467000;11600860;153.831;153.851;153.841;0;T;True;3
1621253468000;11600865;153.837;153.857;153.847;4;T;True;3
1621253469000;11600867;153.836;153.856;153.846;1;T;True;3
1621253470000;11600868;153.836;153.856;153.846;0;T;True;3
1621253471000;11600870;153.837;153.857;153.847;1;T;True;3
1621253472000;11600872;153.839;153.859;153.849;1;T;True;3
1621253473000;11600874;153.837;153.857;153.847;1;T;True;3
1621253474000;11600876;153.835;153.855;153.845;1;T;True;3
1621253475000;11600877;153.835;153.855;153.845;0;T;True;3
1621253476000;11600878;153.835;153.855;153.845;0;T;True;3
1621253477000;11600879;153.835;153.855;153.845;0;T;True;3
1621253478000;11600880;153.835;153.855;153.845;0;T;True;3
1621253479000;11600883;153.829;153.849;153.839;2;T;True;3
1621253480000;11600884;153.829;153.849;153.839;0;T;True;3
1621253481000;11600886;153.83;153.85;153.84;1;T;True;3
1621253482000;11600887;153.83;153.85;153.84;0;T;True;3
1621253483000;11600888;153.83;153.85;153.84;0;T;True;3
1621253484000;11600889;153.83;153.85;153.84;0;T;True;3
1621253485000;11600890;153.83;153.85;153.84;0;T;True;3
1621253486000;11600894;153.831;153.851;153.841;3;T;True;3
1621253487000;11600896;153.83;153.85;153.84;1;T;True;3
1621253488000;11600897;153.83;153.85;153.84;0;T;True;3
1621253489000;11600898;153.83;153.85;153.84;0;T;True;3
1621253490000;11600900;153.831;153.851;153.841;1;T;True;3
1621253491000;11600901;153.831;153.851;153.841;0;T;True;3
1621253492000;11600902;153.831;153.851;153.841;0;T;True;3
1621253493000;11600907;153.835;153.855;153.845;4;T;True;3
1621253494000;11600909;153.837;153.857;153.847;1;T;True;3
1621253495000;11600910;153.837;153.857;153.847;0;T;True;3
1621253496000;11600911;153.837;153.857;153.847;0;T;True;3
1621253497000;11600912;153.837;153.857;153.847;0;T;True;3
1621253498000;11600913;153.837;153.857;153.847;0;T;True;3
1621253499000;11600914;153.837;153.857;153.847;0;T;True;3
1621253500000;11600915;153.837;153.857;153.847;0;T;True;3
1621253501000;11600916;153.837;153.857;153.847;0;T;True;3
1621253502000;11600918;153.836;153.856;153.846;1;T;True;3
1621253503000;11600919;153.836;153.856;153.846;0;T;True;3
1621253504000;11600920;153.836;153.856;153.846;0;T;True;3
1621253505000;11600921;153.836;153.856;153.846;0;T;True;3
1621253506000;11600922;153.836;153.856;153.846;0;T;True;3
1621253507000;11600924;153.835;153.855;153.845;1;T;True;3
1621253508000;11600927;153.835;153.855;153.845;2;T;True;3
1621253509000;11600928;153.835;153.855;153.845;0;T;True;3
1621253510000;11600929;153.835;153.855;153.845;0;T;True;3
1621253511000;11600930;153.835;153.855;153.845;0;T;True;3
1621253512000;11600931;153.835;153.855;153.845;0;T;True;3
1621253513000;11600932;153.835;153.855;153.845;0;T;True;3
1621253514000;11600933;153.835;153.855;153.845;0;T;True;3
1621253515000;11600934;153.835;153.855;153.845;0;T;True;3
1621253516000;11600935;153.835;153.855;153.845;0;T;True;3
1621253517000;11600936;153.835;153.855;153.845;0;T;True;3
1621253518000;11600937;153.835;153.855;153.845;0;T;True;3
1621253519000;11600938;153.835;153.855;153.845;0;T;True;3
1621253520000;11600939;153.835;153.855;153.845;0;T;True;3
1621253521000;11600940;153.835;153.855;153.845;0;T;True;3
1621253522000;11600941;153.835;153.855;153.845;0;T;True;3
1621253523000;11600942;153.835;153.855;153.845;0;T;True;3
1621253524000;11600943;153.835;153.855;153.845;0;T;True;3
1621253525000;11600944;153.835;153.855;153.845;0;T;True;3
1621253526000;11600945;153.835;153.855;153.845;0;T;True;3
1621253527000;11600947;153.837;153.857;153.847;1;T;True;3
1621253528000;11600949;153.836;153.856;153.846;1;T;True;3
1621253529000;11600951;153.837;153.857;153.847;1;T;True;3
1621253530000;11600952;153.837;153.857;153.847;0;T;True;3
1621253531000;11600956;153.831;153.851;153.841;3;T;True;3
1621253532000;11600957;153.831;153.851;153.841;0;T;True;3
1621253533000;11600958;153.831;153.851;153.841;0;T;True;3
1621253534000;11600959;153.831;153.851;153.841;0;T;True;3
1621253535000;11600960;153.831;153.851;153.841;0;T;True;3
1621253536000;11600961;153.831;153.851;153.841;0;T;True;3
1621253537000;11600962;153.831;153.851;153.841;0;T;True;3
1621253538000;11600964;153.83;153.85;153.84;1;T;True;3
1621253539000;11600965;153.83;153.85;153.84;0;T;True;3
1621253540000;11600966;153.83;153.85;153.84;0;T;True;3
1621253541000;11600967;153.83;153.85;153.84;0;T;True;3
1621253542000;11600968;153.83;153.85;153.84;0;T;True;3
1621253543000;11600970;153.829;153.849;153.839;1;T;True;3
1621253544000;11600971;153.829;153.849;153.839;0;T;True;3
1621253545000;11600972;153.829;153.849;153.839;0;T;True;3
1621253546000;11600975;153.825;153.845;153.835;2;T;True;3
1621253547000;11600982;153.822;153.842;153.832;6;T;True;3
1621253548000;11600985;153.819;153.839;153.829;2;T;True;3
1621253549000;11600987;153.817;153.837;153.827;1;T;True;3
1621253550000;11600989;153.819;153.839;153.829;1;T;True;3
1621253551000;11600990;153.819;153.839;153.829;0;T;True;3
1621253552000;11600991;153.819;153.839;153.829;0;T;True;3
1621253553000;11600992;153.819;153.839;153.829;0;T;True;3
1621253554000;11600994;153.82;153.84;153.83;1;T;True;3
1621253555000;11600996;153.819;153.839;153.829;1;T;True;3
1621253556000;11600997;153.819;153.839;153.829;0;T;True;3
1621253557000;11600998;153.819;153.839;153.829;0;T;True;3
1621253558000;11600999;153.819;153.839;153.829;0;T;True;3
1621253559000;11601000;153.819;153.839;153.829;0;T;True;3
1621253560000;11601001;153.819;153.839;153.829;0;T;True;3
1621253561000;11601002;153.819;153.839;153.829;0;T;True;3
1621253562000;11601003;153.819;153.839;153.829;0;T;True;3
1621253563000;11601004;153.819;153.839;153.829;0;T;True;3
1621253564000;11601005;153.819;153.839;153.829;0;T;True;3
1621253565000;11601010;153.826;153.846;153.836;4;T;True;3
1621253566000;11601013;153.829;153.849;153.839;2;T;True;3
1621253567000;11601014;153.829;153.849;153.839;0;T;True;3
1621253568000;11601015;153.829;153.849;153.839;0;T;True;3
1621253569000;11601016;153.829;153.849;153.839;0;T;True;3
1621253570000;11601017;153.829;153.849;153.839;0;T;True;3
1621253571000;11601018;153.829;153.849;153.839;0;T;True;3
1621253572000;11601022;153.829;153.849;153.839;3;T;True;3
1621253573000;11601023;153.829;153.849;153.839;0;T;True;3
1621253574000;11601024;153.829;153.849;153.839;0;T;True;3
1621253575000;11601025;153.829;153.849;153.839;0;T;True;3
1621253576000;11601029;153.823;153.843;153.833;3;T;True;3
1621253577000;11601030;153.823;153.843;153.833;0;T;True;3
1621253578000;11601031;153.823;153.843;153.833;0;T;True;3
1621253579000;11601032;153.823;153.843;153.833;0;T;True;3
1621253580000;11601034;153.821;153.841;153.831;1;T;True;3
1621253581000;11601035;153.821;153.841;153.831;0;T;True;3
1621253582000;11601038;153.823;153.843;153.833;2;T;True;3
1621253583000;11601039;153.823;153.843;153.833;0;T;True;3
1621253584000;11601040;153.823;153.843;153.833;0;T;True;3
1621253585000;11601041;153.823;153.843;153.833;0;T;True;3
1621253586000;11601042;153.823;153.843;153.833;0;T;True;3
1621253587000;11601044;153.822;153.842;153.832;1;T;True;3
1621253588000;11601045;153.822;153.842;153.832;0;T;True;3
1621253589000;11601049;153.815;153.835;153.825;3;T;True;3
1621253590000;11601050;153.815;153.835;153.825;0;T;True;3
1621253591000;11601053;153.814;153.834;153.824;2;T;True;3
1621253592000;11601055;153.813;153.833;153.823;1;T;True;3
1621253593000;11601056;153.813;153.833;153.823;0;T;True;3
1621253594000;11601057;153.813;153.833;153.823;0;T;True;3
1621253595000;11601059;153.812;153.832;153.822;1;T;True;3
1621253596000;11601062;153.811;153.831;153.821;2;T;True;3
1621253597000;11601063;153.811;153.831;153.821;0;T;True;3
1621253598000;11601064;153.811;153.831;153.821;0;T;True;3
1621253599000;11601067;153.819;153.839;153.829;2;T;True;3
1621253600000;11601070;153.825;153.845;153.835;2;T;True;3
1621253601000;11601071;153.825;153.845;153.835;0;T;True;3
1621253602000;11601074;153.829;153.849;153.839;2;T;True;3
1621253603000;11601075;153.829;153.849;153.839;0;T;True;3
1621253604000;11601079;153.831;153.851;153.841;3;T;True;3
1621253605000;11601081;153.833;153.853;153.843;1;T;True;3
1621253606000;11601090;153.835;153.855;153.845;8;T;True;3
1621253607000;11601097;153.829;153.849;153.839;6;T;True;3
1621253608000;11601098;153.829;153.849;153.839;0;T;True;3
1621253609000;11601099;153.829;153.849;153.839;0;T;True;3
1621253610000;11601100;153.829;153.849;153.839;0;T;True;3
1621253611000;11601101;153.829;153.849;153.839;0;T;True;3
1621253612000;11601102;153.829;153.849;153.839;0;T;True;3
1621253613000;11601103;153.829;153.849;153.839;0;T;True;3
1621253614000;11601104;153.829;153.849;153.839;0;T;True;3
1621253615000;11601105;153.829;153.849;153.839;0;T;True;3
1621253616000;11601108;153.831;153.851;153.841;2;T;True;3
1621253617000;11601113;153.835;153.855;153.845;4;T;True;3
1621253618000;11601118;153.829;153.849;153.839;4;T;True;3
1621253619000;11601120;153.83;153.85;153.84;1;T;True;3
1621253620000;11601125;153.823;153.843;153.833;4;T;True;3
1621253621000;11601127;153.825;153.845;153.835;1;T;True;3
1621253622000;11601128;153.825;153.845;153.835;0;T;True;3
1621253623000;11601131;153.827;153.847;153.837;2;T;True;3
1621253624000;11601133;153.829;153.849;153.839;1;T;True;3
1621253625000;11601134;153.829;153.849;153.839;0;T;True;3
1621253626000;11601135;153.829;153.849;153.839;0;T;True;3
1621253627000;11601137;153.827;153.847;153.837;1;T;True;3
1621253628000;11601142;153.819;153.839;153.829;4;T;True;3
1621253629000;11601144;153.816;153.836;153.826;1;T;True;3
1621253630000;11601146;153.815;153.835;153.825;1;T;True;3
1621253631000;11601147;153.815;153.835;153.825;0;T;True;3
1621253632000;11601149;153.814;153.834;153.824;1;T;True;3
1621253633000;11601152;153.811;153.831;153.821;2;T;True;3
1621253634000;11601154;153.81;153.83;153.82;1;T;True;3
1621253635000;11601155;153.81;153.83;153.82;0;T;True;3
1621253636000;11601156;153.81;153.83;153.82;0;T;True;3
1621253637000;11601158;153.811;153.831;153.821;1;T;True;3
1621253638000;11601165;153.805;153.825;153.815;6;T;True;3
1621253639000;11601167;153.807;153.827;153.817;1;T;True;3
1621253640000;11601169;153.803;153.823;153.813;1;T;True;3
1621253641000;11601173;153.805;153.825;153.815;3;T;True;3
1621253642000;11601175;153.806;153.826;153.816;1;T;True;3
1621253643000;11601176;153.806;153.826;153.816;0;T;True;3
1621253644000;11601178;153.805;153.825;153.815;1;T;True;3
1621253645000;11601179;153.805;153.825;153.815;0;T;True;3
1621253646000;11601180;153.805;153.825;153.815;0;T;True;3
1621253647000;11601181;153.805;153.825;153.815;0;T;True;3
1621253648000;11601182;153.805;153.825;153.815;0;T;True;3
1621253649000;11601183;153.805;153.825;153.815;0;T;True;3
1621253650000;11601184;153.805;153.825;153.815;0;T;True;3
1621253651000;11601185;153.805;153.825;153.815;0;T;True;3
1621253652000;11601188;153.802;153.822;153.812;2;T;True;3
1621253653000;11601191;153.809;153.829;153.819;2;T;True;3
1621253654000;11601192;153.809;153.829;153.819;0;T;True;3
1621253655000;11601193;153.809;153.829;153.819;0;T;True;3
1621253656000;11601194;153.809;153.829;153.819;0;T;True;3
1621253657000;11601195;153.809;153.829;153.819;0;T;True;3
1621253658000;11601196;153.809;153.829;153.819;0;T;True;3
1621253659000;11601200;153.815;153.835;153.825;3;T;True;3
1621253660000;11601201;153.815;153.835;153.825;0;T;True;3
1621253661000;11601205;153.819;153.839;153.829;3;T;True;3
1621253662000;11601206;153.819;153.839;153.829;0;T;True;3
1621253663000;11601207;153.819;153.839;153.829;0;T;True;3
1621253664000;11601208;153.819;153.839;153.829;0;T;True;3
1621253665000;11601212;153.821;153.841;153.831;3;T;True;3
1621253666000;11601213;153.821;153.841;153.831;0;T;True;3
1621253667000;11601217;153.817;153.837;153.827;3;T;True;3
1621253668000;11601218;153.817;153.837;153.827;0;T;True;3
1621253669000;11601220;153.821;153.841;153.831;1;T;True;3
1621253670000;11601221;153.821;153.841;153.831;0;T;True;3
1621253671000;11601222;153.821;153.841;153.831;0;T;True;3
1621253672000;11601223;153.821;153.841;153.831;0;T;True;3
1621253673000;11601225;153.819;153.839;153.829;1;T;True;3
1621253674000;11601226;153.819;153.839;153.829;0;T;True;3
1621253675000;11601227;153.819;153.839;153.829;0;T;True;3
1621253676000;11601228;153.819;153.839;153.829;0;T;True;3
1621253677000;11601229;153.819;153.839;153.829;0;T;True;3
1621253678000;11601230;153.819;153.839;153.829;0;T;True;3
1621253679000;11601232;153.817;153.837;153.827;1;T;True;3
1621253680000;11601233;153.817;153.837;153.827;0;T;True;3
1621253681000;11601237;153.818;153.838;153.828;3;T;True;3
1621253682000;11601239;153.819;153.839;153.829;1;T;True;3
1621253683000;11601240;153.819;153.839;153.829;0;T;True;3
1621253684000;11601241;153.819;153.839;153.829;0;T;True;3
1621253685000;11601242;153.819;153.839;153.829;0;T;True;3
1621253686000;11601243;153.819;153.839;153.829;0;T;True;3
1621253687000;11601244;153.819;153.839;153.829;0;T;True;3
1621253688000;11601248;153.813;153.833;153.823;3;T;True;3
1621253689000;11601250;153.811;153.831;153.821;1;T;True;3
1621253690000;11601251;153.811;153.831;153.821;0;T;True;3
1621253691000;11601254;153.804;153.824;153.814;2;T;True;3
1621253692000;11601255;153.804;153.824;153.814;0;T;True;3
1621253693000;11601258;153.801;153.821;153.811;2;T;True;3
1621253694000;11601259;153.801;153.821;153.811;0;T;True;3
1621253695000;11601260;153.801;153.821;153.811;0;T;True;3
1621253696000;11601261;153.801;153.821;153.811;0;T;True;3
1621253697000;11601262;153.801;153.821;153.811;0;T;True;3
1621253698000;11601263;153.801;153.821;153.811;0;T;True;3
1621253699000;11601265;153.8;153.82;153.81;1;T;True;3
1621253700000;11601269;153.801;153.821;153.811;3;T;True;3
1621253701000;11601271;153.799;153.819;153.809;1;T;True;3
1621253702000;11601272;153.799;153.819;153.809;0;T;True;3
1621253703000;11601279;153.808;153.828;153.818;6;T;True;3
1621253704000;11601281;153.807;153.827;153.817;1;T;True;3
1621253705000;11601283;153.806;153.826;153.816;1;T;True;3
1621253706000;11601285;153.807;153.827;153.817;1;T;True;3
1621253707000;11601288;153.804;153.824;153.814;2;T;True;3
1621253708000;11601290;153.805;153.825;153.815;1;T;True;3
1621253709000;11601291;153.805;153.825;153.815;0;T;True;3
1621253710000;11601293;153.807;153.827;153.817;1;T;True;3
1621253711000;11601294;153.807;153.827;153.817;0;T;True;3
1621253712000;11601295;153.807;153.827;153.817;0;T;True;3
1621253713000;11601299;153.807;153.827;153.817;3;T;True;3
1621253714000;11601300;153.807;153.827;153.817;0;T;True;3
1621253715000;11601301;153.807;153.827;153.817;0;T;True;3
1621253716000;11601302;153.807;153.827;153.817;0;T;True;3
1621253717000;11601303;153.807;153.827;153.817;0;T;True;3
1621253718000;11601306;153.803;153.823;153.813;2;T;True;3
1621253719000;11601307;153.803;153.823;153.813;0;T;True;3
1621253720000;11601308;153.803;153.823;153.813;0;T;True;3
1621253721000;11601313;153.797;153.817;153.807;4;T;True;3
1621253722000;11601314;153.797;153.817;153.807;0;T;True;3
1621253723000;11601315;153.797;153.817;153.807;0;T;True;3
1621253724000;11601316;153.797;153.817;153.807;0;T;True;3
1621253725000;11601317;153.797;153.817;153.807;0;T;True;3
1621253726000;11601319;153.799;153.819;153.809;1;T;True;3
1621253727000;11601321;153.797;153.817;153.807;1;T;True;3
1621253728000;11601322;153.797;153.817;153.807;0;T;True;3
1621253729000;11601324;153.796;153.816;153.806;1;T;True;3
1621253730000;11601328;153.792;153.812;153.802;3;T;True;3
1621253731000;11601329;153.792;153.812;153.802;0;T;True;3
1621253732000;11601330;153.792;153.812;153.802;0;T;True;3
1621253733000;11601333;153.795;153.815;153.805;2;T;True;3
1621253734000;11601335;153.793;153.813;153.803;1;T;True;3
1621253735000;11601342;153.783;153.803;153.793;6;T;True;3
1621253736000;11601343;153.783;153.803;153.793;0;T;True;3
1621253737000;11601344;153.783;153.803;153.793;0;T;True;3
1621253738000;11601346;153.785;153.805;153.795;1;T;True;3
1621253739000;11601349;153.786;153.806;153.796;2;T;True;3
1621253740000;11601350;153.786;153.806;153.796;0;T;True;3
1621253741000;11601351;153.786;153.806;153.796;0;T;True;3
1621253742000;11601352;153.786;153.806;153.796;0;T;True;3
1621253743000;11601356;153.773;153.793;153.783;3;T;True;3
1621253744000;11601357;153.773;153.793;153.783;0;T;True;3
1621253745000;11601358;153.773;153.793;153.783;0;T;True;3
1621253746000;11601362;153.772;153.792;153.782;3;T;True;3
1621253747000;11601368;153.759;153.779;153.769;5;T;True;3
1621253748000;11601369;153.759;153.779;153.769;0;T;True;3
1621253749000;11601371;153.76;153.78;153.77;1;T;True;3
1621253750000;11601372;153.76;153.78;153.77;0;T;True;3
1621253751000;11601373;153.76;153.78;153.77;0;T;True;3
1621253752000;11601374;153.76;153.78;153.77;0;T;True;3
1621253753000;11601375;153.76;153.78;153.77;0;T;True;3
1621253754000;11601377;153.759;153.779;153.769;1;T;True;3
1621253755000;11601379;153.76;153.78;153.77;1;T;True;3
1621253756000;11601381;153.759;153.779;153.769;1;T;True;3
1621253757000;11601382;153.759;153.779;153.769;0;T;True;3
1621253758000;11601384;153.761;153.781;153.771;1;T;True;3
1621253759000;11601385;153.761;153.781;153.771;0;T;True;3
1621253760000;11601386;153.761;153.781;153.771;0;T;True;3
1621253761000;11601390;153.759;153.779;153.769;3;T;True;3
1621253762000;11601391;153.759;153.779;153.769;0;T;True;3
1621253763000;11601393;153.757;153.777;153.767;1;T;True;3
1621253764000;11601394;153.757;153.777;153.767;0;T;True;3
1621253765000;11601396;153.755;153.775;153.765;1;T;True;3
1621253766000;11601399;153.755;153.775;153.765;2;T;True;3
1621253767000;11601400;153.755;153.775;153.765;0;T;True;3
1621253768000;11601402;153.757;153.777;153.767;1;T;True;3
1621253769000;11601404;153.755;153.775;153.765;1;T;True;3
1621253770000;11601405;153.755;153.775;153.765;0;T;True;3
1621253771000;11601406;153.755;153.775;153.765;0;T;True;3
1621253772000;11601407;153.755;153.775;153.765;0;T;True;3
1621253773000;11601409;153.757;153.777;153.767;1;T;True;3
1621253774000;11601411;153.755;153.775;153.765;1;T;True;3
1621253775000;11601413;153.757;153.777;153.767;1;T;True;3
1621253776000;11601414;153.757;153.777;153.767;0;T;True;3
1621253777000;11601415;153.757;153.777;153.767;0;T;True;3
1621253778000;11601416;153.757;153.777;153.767;0;T;True;3
1621253779000;11601418;153.759;153.779;153.769;1;T;True;3
1621253780000;11601419;153.759;153.779;153.769;0;T;True;3
1621253781000;11601420;153.759;153.779;153.769;0;T;True;3
1621253782000;11601421;153.759;153.779;153.769;0;T;True;3
1621253783000;11601422;153.759;153.779;153.769;0;T;True;3
1621253784000;11601423;153.759;153.779;153.769;0;T;True;3
1621253785000;11601424;153.759;153.779;153.769;0;T;True;3
1621253786000;11601425;153.759;153.779;153.769;0;T;True;3
1621253787000;11601428;153.754;153.774;153.764;2;T;True;3
1621253788000;11601432;153.757;153.777;153.767;3;T;True;3
1621253789000;11601435;153.753;153.773;153.763;2;T;True;3
1621253790000;11601438;153.76;153.78;153.77;2;T;True;3
1621253791000;11601443;153.751;153.771;153.761;4;T;True;3
1621253792000;11601444;153.751;153.771;153.761;0;T;True;3
1621253793000;11601445;153.751;153.771;153.761;0;T;True;3
1621253794000;11601446;153.751;153.771;153.761;0;T;True;3
1621253795000;11601447;153.751;153.771;153.761;0;T;True;3
1621253796000;11601448;153.751;153.771;153.761;0;T;True;3
1621253797000;11601449;153.751;153.771;153.761;0;T;True;3
1621253798000;11601450;153.751;153.771;153.761;0;T;True;3
1621253799000;11601451;153.751;153.771;153.761;0;T;True;3
1621253800000;11601453;153.74;153.76;153.75;1;T;True;3
1621253801000;11601459;153.751;153.771;153.761;5;T;True;3
1621253802000;11601461;153.75;153.77;153.76;1;T;True;3
1621253803000;11601462;153.75;153.77;153.76;0;T;True;3
1621253804000;11601464;153.749;153.769;153.759;1;T;True;3
1621253805000;11601466;153.75;153.77;153.76;1;T;True;3
1621253806000;11601469;153.749;153.769;153.759;2;T;True;3
1621253807000;11601471;153.747;153.767;153.757;1;T;True;3
1621253808000;11601472;153.747;153.767;153.757;0;T;True;3
1621253809000;11601473;153.747;153.767;153.757;0;T;True;3
1621253810000;11601475;153.745;153.765;153.755;1;T;True;3
1621253811000;11601478;153.743;153.763;153.753;2;T;True;3
1621253812000;11601479;153.743;153.763;153.753;0;T;True;3
1621253813000;11601481;153.744;153.764;153.754;1;T;True;3
1621253814000;11601482;153.744;153.764;153.754;0;T;True;3
1621253815000;11601483;153.744;153.764;153.754;0;T;True;3
1621253816000;11601484;153.744;153.764;153.754;0;T;True;3
1621253817000;11601485;153.744;153.764;153.754;0;T;True;3
1621253818000;11601487;153.745;153.765;153.755;1;T;True;3
1621253819000;11601488;153.745;153.765;153.755;0;T;True;3
1621253820000;11601490;153.747;153.767;153.757;1;T;True;3
1621253821000;11601494;153.749;153.769;153.759;3;T;True;3
1621253822000;11601495;153.749;153.769;153.759;0;T;True;3
1621253823000;11601497;153.745;153.765;153.755;1;T;True;3
1621253824000;11601498;153.745;153.765;153.755;0;T;True;3
1621253825000;11601500;153.746;153.766;153.756;1;T;True;3
1621253826000;11601501;153.746;153.766;153.756;0;T;True;3
1621253827000;11601502;153.746;153.766;153.756;0;T;True;3
1621253828000;11601505;153.749;153.769;153.759;2;T;True;3
1621253829000;11601508;153.753;153.773;153.763;2;T;True;3
1621253830000;11601510;153.751;153.771;153.761;1;T;True;3
1621253831000;11601512;153.753;153.773;153.763;1;T;True;3
1621253832000;11601514;153.751;153.771;153.761;1;T;True;3
1621253833000;11601515;153.751;153.771;153.761;0;T;True;3
1621253834000;11601517;153.752;153.772;153.762;1;T;True;3
1621253835000;11601519;153.751;153.771;153.761;1;T;True;3
1621253836000;11601520;153.751;153.771;153.761;0;T;True;3
1621253837000;11601523;153.748;153.768;153.758;2;T;True;3
1621253838000;11601528;153.755;153.775;153.765;4;T;True;3
1621253839000;11601529;153.755;153.775;153.765;0;T;True;3
1621253840000;11601530;153.755;153.775;153.765;0;T;True;3
1621253841000;11601531;153.755;153.775;153.765;0;T;True;3
1621253842000;11601532;153.755;153.775;153.765;0;T;True;3
1621253843000;11601534;153.757;153.777;153.767;1;T;True;3
1621253844000;11601536;153.756;153.776;153.766;1;T;True;3
1621253845000;11601537;153.756;153.776;153.766;0;T;True;3
1621253846000;11601538;153.756;153.776;153.766;0;T;True;3
1621253847000;11601541;153.756;153.776;153.766;2;T;True;3
1621253848000;11601545;153.761;153.781;153.771;3;T;True;3
1621253849000;11601548;153.757;153.777;153.767;2;T;True;3
1621253850000;11601549;153.757;153.777;153.767;0;T;True;3
1621253851000;11601552;153.753;153.773;153.763;2;T;True;3
1621253852000;11601553;153.753;153.773;153.763;0;T;True;3
1621253853000;11601554;153.753;153.773;153.763;0;T;True;3
1621253854000;11601556;153.755;153.775;153.765;1;T;True;3
1621253855000;11601557;153.755;153.775;153.765;0;T;True;3
1621253856000;11601560;153.757;153.777;153.767;2;T;True;3
1621253857000;11601561;153.757;153.777;153.767;0;T;True;3
1621253858000;11601562;153.757;153.777;153.767;0;T;True;3
1621253859000;11601563;153.757;153.777;153.767;0;T;True;3
1621253860000;11601564;153.757;153.777;153.767;0;T;True;3
1621253861000;11601565;153.757;153.777;153.767;0;T;True;3
1621253862000;11601566;153.757;153.777;153.767;0;T;True;3
1621253863000;11601567;153.757;153.777;153.767;0;T;True;3
1621253864000;11601572;153.756;153.776;153.766;4;T;True;3
1621253865000;11601574;153.755;153.775;153.765;1;T;True;3
1621253866000;11601575;153.755;153.775;153.765;0;T;True;3
1621253867000;11601576;153.755;153.775;153.765;0;T;True;3
1621253868000;11601577;153.755;153.775;153.765;0;T;True;3
1621253869000;11601579;153.753;153.773;153.763;1;T;True;3
1621253870000;11601581;153.755;153.775;153.765;1;T;True;3
1621253871000;11601585;153.755;153.775;153.765;3;T;True;3
1621253872000;11601587;153.753;153.773;153.763;1;T;True;3
1621253873000;11601588;153.753;153.773;153.763;0;T;True;3
1621253874000;11601589;153.753;153.773;153.763;0;T;True;3
1621253875000;11601590;153.753;153.773;153.763;0;T;True;3
1621253876000;11601591;153.753;153.773;153.763;0;T;True;3
1621253877000;11601592;153.753;153.773;153.763;0;T;True;3
1621253878000;11601596;153.757;153.777;153.767;3;T;True;3
1621253879000;11601599;153.759;153.779;153.769;2;T;True;3
1621253880000;11601601;153.761;153.781;153.771;1;T;True;3
1621253881000;11601603;153.763;153.783;153.773;1;T;True;3
1621253882000;11601607;153.765;153.785;153.775;3;T;True;3
1621253883000;11601611;153.766;153.786;153.776;3;T;True;3
1621253884000;11601613;153.765;153.785;153.775;1;T;True;3
1621253885000;11601616;153.765;153.785;153.775;2;T;True;3
1621253886000;11601618;153.763;153.783;153.773;1;T;True;3
1621253887000;11601619;153.763;153.783;153.773;0;T;True;3
1621253888000;11601620;153.763;153.783;153.773;0;T;True;3
1621253889000;11601621;153.763;153.783;153.773;0;T;True;3
1621253890000;11601622;153.763;153.783;153.773;0;T;True;3
1621253891000;11601623;153.763;153.783;153.773;0;T;True;3
1621253892000;11601624;153.763;153.783;153.773;0;T;True;3
1621253893000;11601625;153.763;153.783;153.773;0;T;True;3
1621253894000;11601626;153.763;153.783;153.773;0;T;True;3
1621253895000;11601627;153.763;153.783;153.773;0;T;True;3
1621253896000;11601628;153.763;153.783;153.773;0;T;True;3
1621253897000;11601634;153.759;153.779;153.769;5;T;True;3
1621253898000;11601635;153.759;153.779;153.769;0;T;True;3
1621253899000;11601640;153.763;153.783;153.773;4;T;True;3
1621253900000;11601642;153.765;153.785;153.775;1;T;True;3
1621253901000;11601644;153.767;153.787;153.777;1;T;True;3
1621253902000;11601646;153.765;153.785;153.775;1;T;True;3
1621253903000;11601647;153.765;153.785;153.775;0;T;True;3
1621253904000;11601648;153.765;153.785;153.775;0;T;True;3
1621253905000;11601649;153.765;153.785;153.775;0;T;True;3
1621253906000;11601650;153.765;153.785;153.775;0;T;True;3
1621253907000;11601651;153.765;153.785;153.775;0;T;True;3
1621253908000;11601652;153.765;153.785;153.775;0;T;True;3
1621253909000;11601654;153.763;153.783;153.773;1;T;True;3
1621253910000;11601655;153.763;153.783;153.773;0;T;True;3
1621253911000;11601656;153.763;153.783;153.773;0;T;True;3
1621253912000;11601657;153.763;153.783;153.773;0;T;True;3
1621253913000;11601658;153.763;153.783;153.773;0;T;True;3
1621253914000;11601659;153.763;153.783;153.773;0;T;True;3
1621253915000;11601660;153.763;153.783;153.773;0;T;True;3
1621253916000;11601662;153.761;153.781;153.771;1;T;True;3
1621253917000;11601663;153.761;153.781;153.771;0;T;True;3
1621253918000;11601667;153.753;153.773;153.763;3;T;True;3
1621253919000;11601668;153.753;153.773;153.763;0;T;True;3
1621253920000;11601669;153.753;153.773;153.763;0;T;True;3
1621253921000;11601672;153.755;153.775;153.765;2;T;True;3
1621253922000;11601675;153.751;153.771;153.761;2;T;True;3
1621253923000;11601676;153.751;153.771;153.761;0;T;True;3
1621253924000;11601677;153.751;153.771;153.761;0;T;True;3
1621253925000;11601680;153.747;153.767;153.757;2;T;True;3
1621253926000;11601681;153.747;153.767;153.757;0;T;True;3
1621253927000;11601683;153.745;153.765;153.755;1;T;True;3
1621253928000;11601684;153.745;153.765;153.755;0;T;True;3
1621253929000;11601685;153.745;153.765;153.755;0;T;True;3
1621253930000;11601686;153.745;153.765;153.755;0;T;True;3
1621253931000;11601687;153.745;153.765;153.755;0;T;True;3
1621253932000;11601688;153.745;153.765;153.755;0;T;True;3
1621253933000;11601689;153.745;153.765;153.755;0;T;True;3
1621253934000;11601690;153.745;153.765;153.755;0;T;True;3
1621253935000;11601691;153.745;153.765;153.755;0;T;True;3
1621253936000;11601693;153.747;153.767;153.757;1;T;True;3
1621253937000;11601696;153.747;153.767;153.757;2;T;True;3
1621253938000;11601697;153.747;153.767;153.757;0;T;True;3
1621253939000;11601698;153.747;153.767;153.757;0;T;True;3
1621253940000;11601699;153.747;153.767;153.757;0;T;True;3
1621253941000;11601702;153.747;153.767;153.757;2;T;True;3
1621253942000;11601703;153.747;153.767;153.757;0;T;True;3
1621253943000;11601704;153.747;153.767;153.757;0;T;True;3
1621253944000;11601705;153.747;153.767;153.757;0;T;True;3
1621253945000;11601708;153.747;153.767;153.757;2;T;True;3
1621253946000;11601710;153.748;153.768;153.758;1;T;True;3
1621253947000;11601711;153.748;153.768;153.758;0;T;True;3
1621253948000;11601712;153.748;153.768;153.758;0;T;True;3
1621253949000;11601716;153.758;153.778;153.768;3;T;True;3
1621253950000;11601718;153.759;153.779;153.769;1;T;True;3
1621253951000;11601719;153.759;153.779;153.769;0;T;True;3
1621253952000;11601724;153.755;153.775;153.765;4;T;True;3
1621253953000;11601725;153.755;153.775;153.765;0;T;True;3
1621253954000;11601729;153.751;153.771;153.761;3;T;True;3
1621253955000;11601730;153.751;153.771;153.761;0;T;True;3
1621253956000;11601731;153.751;153.771;153.761;0;T;True;3
1621253957000;11601732;153.751;153.771;153.761;0;T;True;3
1621253958000;11601735;153.756;153.776;153.766;2;T;True;3
1621253959000;11601737;153.757;153.777;153.767;1;T;True;3
1621253960000;11601738;153.757;153.777;153.767;0;T;True;3
1621253961000;11601741;153.763;153.783;153.773;2;T;True;3
1621253962000;11601745;153.761;153.781;153.771;3;T;True;3
1621253963000;11601746;153.761;153.781;153.771;0;T;True;3
1621253964000;11601748;153.759;153.779;153.769;1;T;True;3
1621253965000;11601752;153.753;153.773;153.763;3;T;True;3
1621253966000;11601755;153.751;153.771;153.761;2;T;True;3
1621253967000;11601757;153.753;153.773;153.763;1;T;True;3
1621253968000;11601762;153.769;153.789;153.779;4;T;True;3
1621253969000;11601764;153.767;153.787;153.777;1;T;True;3
1621253970000;11601766;153.761;153.781;153.771;1;T;True;3
1621253971000;11601767;153.761;153.781;153.771;0;T;True;3
1621253972000;11601768;153.761;153.781;153.771;0;T;True;3
1621253973000;11601773;153.761;153.781;153.771;4;T;True;3
1621253974000;11601774;153.761;153.781;153.771;0;T;True;3
1621253975000;11601775;153.761;153.781;153.771;0;T;True;3
1621253976000;11601779;153.766;153.786;153.776;3;T;True;3
1621253977000;11601781;153.764;153.784;153.774;1;T;True;3
1621253978000;11601783;153.763;153.783;153.773;1;T;True;3
1621253979000;11601786;153.76;153.78;153.77;2;T;True;3
1621253980000;11601787;153.76;153.78;153.77;0;T;True;3
1621253981000;11601788;153.76;153.78;153.77;0;T;True;3
1621253982000;11601790;153.762;153.782;153.772;1;T;True;3
1621253983000;11601791;153.762;153.782;153.772;0;T;True;3
1621253984000;11601792;153.762;153.782;153.772;0;T;True;3
1621253985000;11601793;153.762;153.782;153.772;0;T;True;3
1621253986000;11601794;153.762;153.782;153.772;0;T;True;3
1621253987000;11601797;153.759;153.779;153.769;2;T;True;3
1621253988000;11601800;153.759;153.779;153.769;2;T;True;3
1621253989000;11601801;153.759;153.779;153.769;0;T;True;3
1621253990000;11601802;153.759;153.779;153.769;0;T;True;3
1621253991000;11601803;153.759;153.779;153.769;0;T;True;3
1621253992000;11601805;153.761;153.781;153.771;1;T;True;3
1621253993000;11601807;153.759;153.779;153.769;1;T;True;3
1621253994000;11601809;153.76;153.78;153.77;1;T;True;3
1621253995000;11601812;153.761;153.781;153.771;2;T;True;3
1621253996000;11601813;153.761;153.781;153.771;0;T;True;3
1621253997000;11601814;153.761;153.781;153.771;0;T;True;3
1621253998000;11601816;153.762;153.782;153.772;1;T;True;3
1621253999000;11601820;153.763;153.783;153.773;3;T;True;3
1621254000000;11601826;153.757;153.777;153.767;5;T;True;3
1621254001000;11601833;153.762;153.782;153.772;6;T;True;3
1621254002000;11601836;153.759;153.779;153.769;2;T;True;3
1621254003000;11601840;153.757;153.777;153.767;3;T;True;3
1621254004000;11601842;153.759;153.779;153.769;1;T;True;3
1621254005000;11601847;153.762;153.782;153.772;4;T;True;3
1621254006000;11601850;153.76;153.78;153.77;2;T;True;3
1621254007000;11601854;153.751;153.771;153.761;3;T;True;3
1621254008000;11601855;153.751;153.771;153.761;0;T;True;3
1621254009000;11601856;153.751;153.771;153.761;0;T;True;3
1621254010000;11601859;153.749;153.769;153.759;2;T;True;3
1621254011000;11601862;153.749;153.769;153.759;2;T;True;3
1621254012000;11601865;153.743;153.763;153.753;2;T;True;3
1621254013000;11601870;153.743;153.763;153.753;4;T;True;3
1621254014000;11601871;153.743;153.763;153.753;0;T;True;3
1621254015000;11601874;153.749;153.769;153.759;2;T;True;3
1621254016000;11601875;153.749;153.769;153.759;0;T;True;3
1621254017000;11601879;153.753;153.773;153.763;3;T;True;3
1621254018000;11601884;153.755;153.775;153.765;4;T;True;3
1621254019000;11601889;153.749;153.769;153.759;4;T;True;3
1621254020000;11601892;153.751;153.771;153.761;2;T;True;3
1621254021000;11601898;153.747;153.767;153.757;5;T;True;3
1621254022000;11601904;153.751;153.771;153.761;5;T;True;3
1621254023000;11601907;153.751;153.771;153.761;2;T;True;3
1621254024000;11601910;153.751;153.771;153.761;2;T;True;3
1621254025000;11601912;153.749;153.769;153.759;1;T;True;3
1621254026000;11601913;153.749;153.769;153.759;0;T;True;3
1621254027000;11601915;153.747;153.767;153.757;1;T;True;3
1621254028000;11601916;153.747;153.767;153.757;0;T;True;3
1621254029000;11601917;153.747;153.767;153.757;0;T;True;3
1621254030000;11601919;153.749;153.769;153.759;1;T;True;3
1621254031000;11601922;153.746;153.766;153.756;2;T;True;3
1621254032000;11601924;153.745;153.765;153.755;1;T;True;3
1621254033000;11601926;153.744;153.764;153.754;1;T;True;3
1621254034000;11601931;153.744;153.764;153.754;4;T;True;3
1621254035000;11601933;153.745;153.765;153.755;1;T;True;3
1621254036000;11601936;153.745;153.765;153.755;2;T;True;3
1621254037000;11601937;153.745;153.765;153.755;0;T;True;3
1621254038000;11601938;153.745;153.765;153.755;0;T;True;3
1621254039000;11601939;153.745;153.765;153.755;0;T;True;3
1621254040000;11601943;153.739;153.759;153.749;3;T;True;3
1621254041000;11601944;153.739;153.759;153.749;0;T;True;3
1621254042000;11601948;153.737;153.757;153.747;3;T;True;3
1621254043000;11601950;153.735;153.755;153.745;1;T;True;3
1621254044000;11601953;153.735;153.755;153.745;2;T;True;3
1621254045000;11601957;153.735;153.755;153.745;3;T;True;3
1621254046000;11601958;153.735;153.755;153.745;0;T;True;3
1621254047000;11601959;153.735;153.755;153.745;0;T;True;3
1621254048000;11601961;153.737;153.757;153.747;1;T;True;3
1621254049000;11601964;153.739;153.759;153.749;2;T;True;3
1621254050000;11601969;153.743;153.763;153.753;4;T;True;3
1621254051000;11601973;153.738;153.758;153.748;3;T;True;3
1621254052000;11601976;153.741;153.761;153.751;2;T;True;3
1621254053000;11601978;153.74;153.76;153.75;1;T;True;3
1621254054000;11601981;153.743;153.763;153.753;2;T;True;3
1621254055000;11601982;153.743;153.763;153.753;0;T;True;3
1621254056000;11601984;153.742;153.762;153.752;1;T;True;3
1621254057000;11601988;153.747;153.767;153.757;3;T;True;3
1621254058000;11601991;153.744;153.764;153.754;2;T;True;3
1621254059000;11601994;153.745;153.765;153.755;2;T;True;3
1621254060000;11601995;153.745;153.765;153.755;0;T;True;3
1621254061000;11601996;153.745;153.765;153.755;0;T;True;3
1621254062000;11601997;153.745;153.765;153.755;0;T;True;3
1621254063000;11601998;153.745;153.765;153.755;0;T;True;3
1621254064000;11602002;153.737;153.757;153.747;3;T;True;3
1621254065000;11602006;153.738;153.758;153.748;3;T;True;3
1621254066000;11602007;153.738;153.758;153.748;0;T;True;3
1621254067000;11602009;153.737;153.757;153.747;1;T;True;3
1621254068000;11602010;153.737;153.757;153.747;0;T;True;3
1621254069000;11602011;153.737;153.757;153.747;0;T;True;3
1621254070000;11602014;153.733;153.753;153.743;2;T;True;3
1621254071000;11602016;153.732;153.752;153.742;1;T;True;3
1621254072000;11602018;153.733;153.753;153.743;1;T;True;3
1621254073000;11602019;153.733;153.753;153.743;0;T;True;3
1621254074000;11602020;153.733;153.753;153.743;0;T;True;3
1621254075000;11602022;153.735;153.755;153.745;1;T;True;3
1621254076000;11602023;153.735;153.755;153.745;0;T;True;3
1621254077000;11602025;153.733;153.753;153.743;1;T;True;3
1621254078000;11602030;153.741;153.761;153.751;4;T;True;3
1621254079000;11602031;153.741;153.761;153.751;0;T;True;3
1621254080000;11602032;153.741;153.761;153.751;0;T;True;3
1621254081000;11602036;153.743;153.763;153.753;3;T;True;3
1621254082000;11602037;153.743;153.763;153.753;0;T;True;3
1621254083000;11602039;153.745;153.765;153.755;1;T;True;3
1621254084000;11602040;153.745;153.765;153.755;0;T;True;3
1621254085000;11602041;153.745;153.765;153.755;0;T;True;3
1621254086000;11602042;153.745;153.765;153.755;0;T;True;3
1621254087000;11602044;153.743;153.763;153.753;1;T;True;3
1621254088000;11602045;153.743;153.763;153.753;0;T;True;3
1621254089000;11602048;153.736;153.756;153.746;2;T;True;3
1621254090000;11602050;153.735;153.755;153.745;1;T;True;3
1621254091000;11602054;153.731;153.751;153.741;3;T;True;3
1621254092000;11602058;153.732;153.752;153.742;3;T;True;3
1621254093000;11602062;153.731;153.751;153.741;3;T;True;3
1621254094000;11602065;153.732;153.752;153.742;2;T;True;3
1621254095000;11602069;153.733;153.753;153.743;3;T;True;3
1621254096000;11602070;153.733;153.753;153.743;0;T;True;3
1621254097000;11602072;153.735;153.755;153.745;1;T;True;3
1621254098000;11602074;153.733;153.753;153.743;1;T;True;3
1621254099000;11602075;153.733;153.753;153.743;0;T;True;3
1621254100000;11602076;153.733;153.753;153.743;0;T;True;3
1621254101000;11602080;153.73;153.75;153.74;3;T;True;3
1621254102000;11602083;153.727;153.747;153.737;2;T;True;3
1621254103000;11602084;153.727;153.747;153.737;0;T;True;3
1621254104000;11602085;153.727;153.747;153.737;0;T;True;3
1621254105000;11602088;153.735;153.755;153.745;2;T;True;3
1621254106000;11602089;153.735;153.755;153.745;0;T;True;3
1621254107000;11602093;153.745;153.765;153.755;3;T;True;3
1621254108000;11602097;153.747;153.767;153.757;3;T;True;3
1621254109000;11602098;153.747;153.767;153.757;0;T;True;3
1621254110000;11602105;153.741;153.761;153.751;6;T;True;3
1621254111000;11602108;153.743;153.763;153.753;2;T;True;3
1621254112000;11602116;153.755;153.775;153.765;7;T;True;3
1621254113000;11602118;153.757;153.777;153.767;1;T;True;3
1621254114000;11602119;153.757;153.777;153.767;0;T;True;3
1621254115000;11602120;153.757;153.777;153.767;0;T;True;3
1621254116000;11602122;153.755;153.775;153.765;1;T;True;3
1621254117000;11602124;153.758;153.778;153.768;1;T;True;3
1621254118000;11602126;153.759;153.779;153.769;1;T;True;3
1621254119000;11602127;153.759;153.779;153.769;0;T;True;3
1621254120000;11602128;153.759;153.779;153.769;0;T;True;3
1621254121000;11602129;153.759;153.779;153.769;0;T;True;3
1621254122000;11602131;153.757;153.777;153.767;1;T;True;3
1621254123000;11602137;153.745;153.765;153.755;5;T;True;3
1621254124000;11602139;153.747;153.767;153.757;1;T;True;3
1621254125000;11602141;153.745;153.765;153.755;1;T;True;3
1621254126000;11602143;153.743;153.763;153.753;1;T;True;3
1621254127000;11602144;153.743;153.763;153.753;0;T;True;3
1621254128000;11602146;153.745;153.765;153.755;1;T;True;3
1621254129000;11602147;153.745;153.765;153.755;0;T;True;3
1621254130000;11602148;153.745;153.765;153.755;0;T;True;3
1621254131000;11602149;153.745;153.765;153.755;0;T;True;3
1621254132000;11602150;153.745;153.765;153.755;0;T;True;3
1621254133000;11602153;153.743;153.763;153.753;2;T;True;3
1621254134000;11602154;153.743;153.763;153.753;0;T;True;3
1621254135000;11602155;153.743;153.763;153.753;0;T;True;3
1621254136000;11602156;153.743;153.763;153.753;0;T;True;3
1621254137000;11602158;153.744;153.764;153.754;1;T;True;3
1621254138000;11602159;153.744;153.764;153.754;0;T;True;3
1621254139000;11602160;153.744;153.764;153.754;0;T;True;3
1621254140000;11602161;153.744;153.764;153.754;0;T;True;3
1621254141000;11602162;153.744;153.764;153.754;0;T;True;3
1621254142000;11602163;153.744;153.764;153.754;0;T;True;3
1621254143000;11602164;153.744;153.764;153.754;0;T;True;3
1621254144000;11602166;153.745;153.765;153.755;1;T;True;3
1621254145000;11602167;153.745;153.765;153.755;0;T;True;3
1621254146000;11602168;153.745;153.765;153.755;0;T;True;3
1621254147000;11602169;153.745;153.765;153.755;0;T;True;3
1621254148000;11602170;153.745;153.765;153.755;0;T;True;3
1621254149000;11602171;153.745;153.765;153.755;0;T;True;3
1621254150000;11602172;153.745;153.765;153.755;0;T;True;3
1621254151000;11602173;153.745;153.765;153.755;0;T;True;3
1621254152000;11602176;153.745;153.765;153.755;2;T;True;3
1621254153000;11602178;153.749;153.769;153.759;1;T;True;3
1621254154000;11602180;153.747;153.767;153.757;1;T;True;3
1621254155000;11602183;153.749;153.769;153.759;2;T;True;3
1621254156000;11602184;153.749;153.769;153.759;0;T;True;3
1621254157000;11602185;153.749;153.769;153.759;0;T;True;3
1621254158000;11602186;153.749;153.769;153.759;0;T;True;3
1621254159000;11602188;153.748;153.768;153.758;1;T;True;3
1621254160000;11602189;153.748;153.768;153.758;0;T;True;3
1621254161000;11602190;153.748;153.768;153.758;0;T;True;3
1621254162000;11602192;153.749;153.769;153.759;1;T;True;3
1621254163000;11602193;153.749;153.769;153.759;0;T;True;3
1621254164000;11602194;153.749;153.769;153.759;0;T;True;3
1621254165000;11602195;153.749;153.769;153.759;0;T;True;3
1621254166000;11602196;153.749;153.769;153.759;0;T;True;3
1621254167000;11602197;153.749;153.769;153.759;0;T;True;3
1621254168000;11602198;153.749;153.769;153.759;0;T;True;3
1621254169000;11602199;153.749;153.769;153.759;0;T;True;3
1621254170000;11602200;153.749;153.769;153.759;0;T;True;3
1621254171000;11602201;153.749;153.769;153.759;0;T;True;3
1621254172000;11602202;153.749;153.769;153.759;0;T;True;3
1621254173000;11602203;153.749;153.769;153.759;0;T;True;3
1621254174000;11602204;153.749;153.769;153.759;0;T;True;3
1621254175000;11602208;153.757;153.777;153.767;3;T;True;3
1621254176000;11602209;153.757;153.777;153.767;0;T;True;3
1621254177000;11602213;153.751;153.771;153.761;3;T;True;3
1621254178000;11602215;153.749;153.769;153.759;1;T;True;3
1621254179000;11602220;153.751;153.771;153.761;4;T;True;3
1621254180000;11602221;153.751;153.771;153.761;0;T;True;3
1621254181000;11602227;153.753;153.773;153.763;5;T;True;3
1621254182000;11602232;153.75;153.77;153.76;4;T;True;3
1621254183000;11602233;153.75;153.77;153.76;0;T;True;3
1621254184000;11602235;153.753;153.773;153.763;1;T;True;3
1621254185000;11602237;153.754;153.774;153.764;1;T;True;3
1621254186000;11602238;153.754;153.774;153.764;0;T;True;3
1621254187000;11602239;153.754;153.774;153.764;0;T;True;3
1621254188000;11602240;153.754;153.774;153.764;0;T;True;3
1621254189000;11602241;153.754;153.774;153.764;0;T;True;3
1621254190000;11602242;153.754;153.774;153.764;0;T;True;3
1621254191000;11602244;153.753;153.773;153.763;1;T;True;3
1621254192000;11602250;153.753;153.773;153.763;5;T;True;3
1621254193000;11602254;153.753;153.773;153.763;3;T;True;3
1621254194000;11602255;153.753;153.773;153.763;0;T;True;3
1621254195000;11602256;153.753;153.773;153.763;0;T;True;3
1621254196000;11602257;153.753;153.773;153.763;0;T;True;3
1621254197000;11602259;153.751;153.771;153.761;1;T;True;3
1621254198000;11602262;153.745;153.765;153.755;2;T;True;3
1621254199000;11602263;153.745;153.765;153.755;0;T;True;3
1621254200000;11602264;153.745;153.765;153.755;0;T;True;3
1621254201000;11602265;153.745;153.765;153.755;0;T;True;3
1621254202000;11602266;153.745;153.765;153.755;0;T;True;3
1621254203000;11602267;153.745;153.765;153.755;0;T;True;3
1621254204000;11602268;153.745;153.765;153.755;0;T;True;3
1621254205000;11602273;153.76;153.78;153.77;4;T;True;3
1621254206000;11602276;153.761;153.781;153.771;2;T;True;3
1621254207000;11602280;153.765;153.785;153.775;3;T;True;3
1621254208000;11602281;153.765;153.785;153.775;0;T;True;3
1621254209000;11602282;153.765;153.785;153.775;0;T;True;3
1621254210000;11602283;153.765;153.785;153.775;0;T;True;3
1621254211000;11602284;153.765;153.785;153.775;0;T;True;3
1621254212000;11602285;153.765;153.785;153.775;0;T;True;3
1621254213000;11602286;153.765;153.785;153.775;0;T;True;3
1621254214000;11602288;153.763;153.783;153.773;1;T;True;3
1621254215000;11602289;153.763;153.783;153.773;0;T;True;3
1621254216000;11602290;153.763;153.783;153.773;0;T;True;3
1621254217000;11602291;153.763;153.783;153.773;0;T;True;3
1621254218000;11602293;153.765;153.785;153.775;1;T;True;3
1621254219000;11602295;153.763;153.783;153.773;1;T;True;3
1621254220000;11602296;153.763;153.783;153.773;0;T;True;3
1621254221000;11602297;153.763;153.783;153.773;0;T;True;3
1621254222000;11602298;153.763;153.783;153.773;0;T;True;3
1621254223000;11602299;153.763;153.783;153.773;0;T;True;3
1621254224000;11602300;153.763;153.783;153.773;0;T;True;3
1621254225000;11602301;153.763;153.783;153.773;0;T;True;3
1621254226000;11602302;153.763;153.783;153.773;0;T;True;3
1621254227000;11602303;153.763;153.783;153.773;0;T;True;3
1621254228000;11602304;153.763;153.783;153.773;0;T;True;3
1621254229000;11602305;153.763;153.783;153.773;0;T;True;3
1621254230000;11602306;153.763;153.783;153.773;0;T;True;3
1621254231000;11602308;153.761;153.781;153.771;1;T;True;3
1621254232000;11602309;153.761;153.781;153.771;0;T;True;3
1621254233000;11602310;153.761;153.781;153.771;0;T;True;3
1621254234000;11602311;153.761;153.781;153.771;0;T;True;3
1621254235000;11602318;153.763;153.783;153.773;6;T;True;3
1621254236000;11602322;153.773;153.793;153.783;3;T;True;3
1621254237000;11602325;153.771;153.791;153.781;2;T;True;3
1621254238000;11602326;153.771;153.791;153.781;0;T;True;3
1621254239000;11602327;153.771;153.791;153.781;0;T;True;3
1621254240000;11602328;153.771;153.791;153.781;0;T;True;3
1621254241000;11602329;153.771;153.791;153.781;0;T;True;3
1621254242000;11602330;153.771;153.791;153.781;0;T;True;3
1621254243000;11602331;153.771;153.791;153.781;0;T;True;3
1621254244000;11602332;153.771;153.791;153.781;0;T;True;3
1621254245000;11602333;153.771;153.791;153.781;0;T;True;3
1621254246000;11602334;153.771;153.791;153.781;0;T;True;3
1621254247000;11602335;153.771;153.791;153.781;0;T;True;3
1621254248000;11602338;153.776;153.796;153.786;2;T;True;3
1621254249000;11602339;153.776;153.796;153.786;0;T;True;3
1621254250000;11602341;153.775;153.795;153.785;1;T;True;3
1621254251000;11602342;153.775;153.795;153.785;0;T;True;3
1621254252000;11602343;153.775;153.795;153.785;0;T;True;3
1621254253000;11602344;153.775;153.795;153.785;0;T;True;3
1621254254000;11602345;153.775;153.795;153.785;0;T;True;3
1621254255000;11602346;153.775;153.795;153.785;0;T;True;3
1621254256000;11602347;153.775;153.795;153.785;0;T;True;3
1621254257000;11602348;153.775;153.795;153.785;0;T;True;3
1621254258000;11602349;153.775;153.795;153.785;0;T;True;3
1621254259000;11602350;153.775;153.795;153.785;0;T;True;3
1621254260000;11602351;153.775;153.795;153.785;0;T;True;3
1621254261000;11602352;153.775;153.795;153.785;0;T;True;3
1621254262000;11602353;153.775;153.795;153.785;0;T;True;3
1621254263000;11602354;153.775;153.795;153.785;0;T;True;3
1621254264000;11602355;153.775;153.795;153.785;0;T;True;3
1621254265000;11602356;153.775;153.795;153.785;0;T;True;3
1621254266000;11602359;153.765;153.785;153.775;2;T;True;3
1621254267000;11602361;153.766;153.786;153.776;1;T;True;3
1621254268000;11602362;153.766;153.786;153.776;0;T;True;3
1621254269000;11602366;153.763;153.783;153.773;3;T;True;3
1621254270000;11602367;153.763;153.783;153.773;0;T;True;3
1621254271000;11602368;153.763;153.783;153.773;0;T;True;3
1621254272000;11602372;153.767;153.787;153.777;3;T;True;3
1621254273000;11602373;153.767;153.787;153.777;0;T;True;3
1621254274000;11602374;153.767;153.787;153.777;0;T;True;3
1621254275000;11602375;153.767;153.787;153.777;0;T;True;3
1621254276000;11602376;153.767;153.787;153.777;0;T;True;3
1621254277000;11602378;153.769;153.789;153.779;1;T;True;3
1621254278000;11602380;153.767;153.787;153.777;1;T;True;3
1621254279000;11602386;153.777;153.797;153.787;5;T;True;3
1621254280000;11602388;153.779;153.799;153.789;1;T;True;3
1621254281000;11602390;153.777;153.797;153.787;1;T;True;3
1621254282000;11602391;153.777;153.797;153.787;0;T;True;3
1621254283000;11602392;153.777;153.797;153.787;0;T;True;3
1621254284000;11602393;153.777;153.797;153.787;0;T;True;3
1621254285000;11602394;153.777;153.797;153.787;0;T;True;3
1621254286000;11602395;153.777;153.797;153.787;0;T;True;3
1621254287000;11602396;153.777;153.797;153.787;0;T;True;3
1621254288000;11602397;153.777;153.797;153.787;0;T;True;3
1621254289000;11602398;153.777;153.797;153.787;0;T;True;3
1621254290000;11602399;153.777;153.797;153.787;0;T;True;3
1621254291000;11602400;153.777;153.797;153.787;0;T;True;3
1621254292000;11602402;153.776;153.796;153.786;1;T;True;3
1621254293000;11602405;153.768;153.788;153.778;2;T;True;3
1621254294000;11602406;153.768;153.788;153.778;0;T;True;3
1621254295000;11602407;153.768;153.788;153.778;0;T;True;3
1621254296000;11602408;153.768;153.788;153.778;0;T;True;3
1621254297000;11602409;153.768;153.788;153.778;0;T;True;3
1621254298000;11602410;153.768;153.788;153.778;0;T;True;3
1621254299000;11602411;153.768;153.788;153.778;0;T;True;3
1621254300000;11602412;153.768;153.788;153.778;0;T;True;3
1621254301000;11602417;153.761;153.781;153.771;4;T;True;3
1621254302000;11602419;153.765;153.785;153.775;1;T;True;3
1621254303000;11602421;153.767;153.787;153.777;1;T;True;3
1621254304000;11602422;153.767;153.787;153.777;0;T;True;3
1621254305000;11602423;153.767;153.787;153.777;0;T;True;3
1621254306000;11602424;153.767;153.787;153.777;0;T;True;3
1621254307000;11602425;153.767;153.787;153.777;0;T;True;3
1621254308000;11602426;153.767;153.787;153.777;0;T;True;3
1621254309000;11602428;153.766;153.786;153.776;1;T;True;3
1621254310000;11602430;153.765;153.785;153.775;1;T;True;3
1621254311000;11602431;153.765;153.785;153.775;0;T;True;3
1621254312000;11602432;153.765;153.785;153.775;0;T;True;3
1621254313000;11602433;153.765;153.785;153.775;0;T;True;3
1621254314000;11602434;153.765;153.785;153.775;0;T;True;3
1621254315000;11602436;153.767;153.787;153.777;1;T;True;3
1621254316000;11602437;153.767;153.787;153.777;0;T;True;3
1621254317000;11602438;153.767;153.787;153.777;0;T;True;3
1621254318000;11602439;153.767;153.787;153.777;0;T;True;3
1621254319000;11602440;153.767;153.787;153.777;0;T;True;3
1621254320000;11602441;153.767;153.787;153.777;0;T;True;3
1621254321000;11602443;153.769;153.789;153.779;1;T;True;3
1621254322000;11602444;153.769;153.789;153.779;0;T;True;3
1621254323000;11602445;153.769;153.789;153.779;0;T;True;3
1621254324000;11602446;153.769;153.789;153.779;0;T;True;3
1621254325000;11602447;153.769;153.789;153.779;0;T;True;3
1621254326000;11602448;153.769;153.789;153.779;0;T;True;3
1621254327000;11602451;153.769;153.789;153.779;2;T;True;3
1621254328000;11602452;153.769;153.789;153.779;0;T;True;3
1621254329000;11602453;153.769;153.789;153.779;0;T;True;3
1621254330000;11602454;153.769;153.789;153.779;0;T;True;3
1621254331000;11602455;153.769;153.789;153.779;0;T;True;3
1621254332000;11602459;153.775;153.795;153.785;3;T;True;3
1621254333000;11602460;153.775;153.795;153.785;0;T;True;3
1621254334000;11602461;153.775;153.795;153.785;0;T;True;3
1621254335000;11602464;153.778;153.798;153.788;2;T;True;3
1621254336000;11602465;153.778;153.798;153.788;0;T;True;3
1621254337000;11602466;153.778;153.798;153.788;0;T;True;3
1621254338000;11602471;153.771;153.791;153.781;4;T;True;3
1621254339000;11602474;153.767;153.787;153.777;2;T;True;3
1621254340000;11602477;153.765;153.785;153.775;2;T;True;3
1621254341000;11602478;153.765;153.785;153.775;0;T;True;3
1621254342000;11602480;153.764;153.784;153.774;1;T;True;3
1621254343000;11602482;153.763;153.783;153.773;1;T;True;3
1621254344000;11602483;153.763;153.783;153.773;0;T;True;3
1621254345000;11602484;153.763;153.783;153.773;0;T;True;3
1621254346000;11602485;153.763;153.783;153.773;0;T;True;3
1621254347000;11602487;153.764;153.784;153.774;1;T;True;3
1621254348000;11602489;153.763;153.783;153.773;1;T;True;3
1621254349000;11602490;153.763;153.783;153.773;0;T;True;3
1621254350000;11602491;153.763;153.783;153.773;0;T;True;3
1621254351000;11602492;153.763;153.783;153.773;0;T;True;3
1621254352000;11602493;153.763;153.783;153.773;0;T;True;3
1621254353000;11602494;153.763;153.783;153.773;0;T;True;3
1621254354000;11602496;153.762;153.782;153.772;1;T;True;3
1621254355000;11602497;153.762;153.782;153.772;0;T;True;3
1621254356000;11602498;153.762;153.782;153.772;0;T;True;3
1621254357000;11602499;153.762;153.782;153.772;0;T;True;3
1621254358000;11602505;153.766;153.786;153.776;5;T;True;3
1621254359000;11602507;153.765;153.785;153.775;1;T;True;3
1621254360000;11602508;153.765;153.785;153.775;0;T;True;3
1621254361000;11602513;153.768;153.788;153.778;4;T;True;3
1621254362000;11602517;153.769;153.789;153.779;3;T;True;3
1621254363000;11602519;153.771;153.791;153.781;1;T;True;3
1621254364000;11602521;153.773;153.793;153.783;1;T;True;3
1621254365000;11602525;153.773;153.793;153.783;3;T;True;3
1621254366000;11602528;153.775;153.795;153.785;2;T;True;3
1621254367000;11602530;153.774;153.794;153.784;1;T;True;3
1621254368000;11602533;153.777;153.797;153.787;2;T;True;3
1621254369000;11602534;153.777;153.797;153.787;0;T;True;3
1621254370000;11602535;153.777;153.797;153.787;0;T;True;3
1621254371000;11602536;153.777;153.797;153.787;0;T;True;3
1621254372000;11602539;153.781;153.801;153.791;2;T;True;3
1621254373000;11602542;153.785;153.805;153.795;2;T;True;3
1621254374000;11602545;153.785;153.805;153.795;2;T;True;3
1621254375000;11602546;153.785;153.805;153.795;0;T;True;3
1621254376000;11602547;153.785;153.805;153.795;0;T;True;3
1621254377000;11602549;153.784;153.804;153.794;1;T;True;3
1621254378000;11602550;153.784;153.804;153.794;0;T;True;3
1621254379000;11602553;153.779;153.799;153.789;2;T;True;3
1621254380000;11602558;153.771;153.791;153.781;4;T;True;3
1621254381000;11602559;153.771;153.791;153.781;0;T;True;3
1621254382000;11602562;153.771;153.791;153.781;2;T;True;3
1621254383000;11602563;153.771;153.791;153.781;0;T;True;3
1621254384000;11602564;153.771;153.791;153.781;0;T;True;3
1621254385000;11602568;153.769;153.789;153.779;3;T;True;3
1621254386000;11602572;153.769;153.789;153.779;3;T;True;3
1621254387000;11602573;153.769;153.789;153.779;0;T;True;3
1621254388000;11602574;153.769;153.789;153.779;0;T;True;3
