ts;n;bid;ask;value;volume;phase;round;active_id
1621249062000;11593200;153.873;153.893;153.883;0;T;True;3
1621249063000;11593204;153.874;153.894;153.884;3;T;True;3
1621249064000;11593206;153.873;153.893;153.883;1;T;True;3
1621249065000;11593207;153.873;153.893;153.883;0;T;True;3
1621249066000;11593213;153.863;153.883;153.873;5;T;True;3
1621249067000;11593217;153.869;153.889;153.879;3;T;True;3
1621249068000;11593220;153.869;153.889;153.879;2;T;True;3
1621249069000;11593223;153.87;153.89;153.88;2;T;True;3
1621249070000;11593225;153.871;153.891;153.881;1;T;True;3
1621249071000;11593229;153.87;153.89;153.88;3;T;True;3
1621249072000;11593231;153.871;153.891;153.881;1;T;True;3
1621249073000;11593235;153.867;153.887;153.877;3;T;True;3
1621249074000;11593238;153.865;153.885;153.875;2;T;True;3
1621249075000;11593242;153.867;153.887;153.877;3;T;True;3
1621249076000;11593246;153.865;153.885;153.875;3;T;True;3
1621249077000;11593247;153.865;153.885;153.875;0;T;True;3
1621249078000;11593248;153.865;153.885;153.875;0;T;True;3
1621249079000;11593250;153.859;153.879;153.869;1;T;True;3
1621249080000;11593251;153.859;153.879;153.869;0;T;True;3
1621249081000;11593253;153.865;153.885;153.875;1;T;True;3
1621249082000;11593258;153.875;153.895;153.885;4;T;True;3
1621249083000;11593261;153.875;153.895;153.885;2;T;True;3
1621249084000;11593266;153.877;153.897;153.887;4;T;True;3
1621249085000;11593268;153.879;153.899;153.889;1;T;True;3
1621249086000;11593270;153.877;153.897;153.887;1;T;True;3
1621249087000;11593271;153.877;153.897;153.887;0;T;True;3
1621249088000;11593272;153.877;153.897;153.887;0;T;True;3
1621249089000;11593274;153.879;153.899;153.889;1;T;True;3
1621249090000;11593275;153.879;153.899;153.889;0;T;True;3
1621249091000;11593278;153.882;153.902;153.892;2;T;True;3
1621249092000;11593281;153.879;153.899;153.889;2;T;True;3
1621249093000;11593282;153.879;153.899;153.889;0;T;True;3
1621249094000;11593283;153.879;153.899;153.889;0;T;True;3
1621249095000;11593284;153.879;153.899;153.889;0;T;True;3
1621249096000;11593287;153.877;153.897;153.887;2;T;True;3
1621249097000;11593290;153.871;153.891;153.881;2;T;True;3
1621249098000;11593292;153.869;153.889;153.879;1;T;True;3
1621249099000;11593297;153.861;153.881;153.871;4;T;True;3
1621249100000;11593299;153.863;153.883;153.873;1;T;True;3
1621249101000;11593306;153.863;153.883;153.873;6;T;True;3
1621249102000;11593309;153.863;153.883;153.873;2;T;True;3
1621249103000;11593311;153.861;153.881;153.871;1;T;True;3
1621249104000;11593315;153.861;153.881;153.871;3;T;True;3
1621249105000;11593316;153.861;153.881;153.871;0;T;True;3
1621249106000;11593318;153.857;153.877;153.867;1;T;True;3
1621249107000;11593321;153.856;153.876;153.866;2;T;True;3
1621249108000;11593323;153.855;153.875;153.865;1;T;True;3
1621249109000;11593326;153.853;153.873;153.863;2;T;True;3
1621249110000;11593327;153.853;153.873;153.863;0;T;True;3
1621249111000;11593328;153.853;153.873;153.863;0;T;True;3
1621249112000;11593332;153.851;153.871;153.861;3;T;True;3
1621249113000;11593333;153.851;153.871;153.861;0;T;True;3
1621249114000;11593334;153.851;153.871;153.861;0;T;True;3
1621249115000;11593336;153.849;153.869;153.859;1;T;True;3
1621249116000;11593339;153.845;153.865;153.855;2;T;True;3
1621249117000;11593340;153.845;153.865;153.855;0;T;True;3
1621249118000;11593342;153.841;153.861;153.851;1;T;True;3
1621249119000;11593343;153.841;153.861;153.851;0;T;True;3
1621249120000;11593346;153.839;153.859;153.849;2;T;True;3
1621249121000;11593347;153.839;153.859;153.849;0;T;True;3
1621249122000;11593351;153.842;153.862;153.852;3;T;True;3
1621249123000;11593356;153.849;153.869;153.859;4;T;True;3
1621249124000;11593357;153.849;153.869;153.859;0;T;True;3
1621249125000;11593360;153.848;153.868;153.858;2;T;True;3
1621249126000;11593361;153.848;153.868;153.858;0;T;True;3
1621249127000;11593364;153.845;153.865;153.855;2;T;True;3
1621249128000;11593365;153.845;153.865;153.855;0;T;True;3
1621249129000;11593366;153.845;153.865;153.855;0;T;True;3
1621249130000;11593371;153.836;153.856;153.846;4;T;True;3
1621249131000;11593374;153.837;153.857;153.847;2;T;True;3
1621249132000;11593376;153.835;153.855;153.845;1;T;True;3
1621249133000;11593379;153.837;153.857;153.847;2;T;True;3
1621249134000;11593380;153.837;153.857;153.847;0;T;True;3
1621249135000;11593381;153.837;153.857;153.847;0;T;True;3
1621249136000;11593383;153.843;153.863;153.853;1;T;True;3
1621249137000;11593384;153.843;153.863;153.853;0;T;True;3
1621249138000;11593385;153.843;153.863;153.853;0;T;True;3
1621249139000;11593386;153.843;153.863;153.853;0;T;True;3
1621249140000;11593388;153.845;153.865;153.855;1;T;True;3
1621249141000;11593389;153.845;153.865;153.855;0;T;True;3
1621249142000;11593390;153.845;153.865;153.855;0;T;True;3
1621249143000;11593391;153.845;153.865;153.855;0;T;True;3
1621249144000;11593392;153.845;153.865;153.855;0;T;True;3
1621249145000;11593393;153.845;153.865;153.855;0;T;True;3
1621249146000;11593394;153.845;153.865;153.855;0;T;True;3
1621249147000;11593395;153.845;153.865;153.855;0;T;True;3
1621249148000;11593397;153.844;153.864;153.854;1;T;True;3
1621249149000;11593399;153.841;153.861;153.851;1;T;True;3
1621249150000;11593402;153.848;153.868;153.858;2;T;True;3
1621249151000;11593405;153.845;153.865;153.855;2;T;True;3
1621249152000;11593411;153.851;153.871;153.861;5;T;True;3
1621249153000;11593413;153.849;153.869;153.859;1;T;True;3
1621249154000;11593414;153.849;153.869;153.859;0;T;True;3
1621249155000;11593417;153.842;153.862;153.852;2;T;True;3
1621249156000;11593420;153.842;153.862;153.852;2;T;True;3
1621249157000;11593422;153.843;153.863;153.853;1;T;True;3
1621249158000;11593424;153.841;153.861;153.851;1;T;True;3
1621249159000;11593427;153.843;153.863;153.853;2;T;True;3
1621249160000;11593431;153.837;153.857;153.847;3;T;True;3
1621249161000;11593433;153.839;153.859;153.849;1;T;True;3
1621249162000;11593439;153.829;153.849;153.839;5;T;True;3
1621249163000;11593445;153.838;153.858;153.848;5;T;True;3
1621249164000;11593448;153.843;153.863;153.853;2;T;True;3
1621249165000;11593453;153.847;153.867;153.857;4;T;True;3
1621249166000;11593456;153.847;153.867;153.857;2;T;True;3
1621249167000;11593460;153.853;153.873;153.863;3;T;True;3
1621249168000;11593463;153.851;153.871;153.861;2;T;True;3
1621249169000;11593464;153.851;153.871;153.861;0;T;True;3
1621249170000;11593465;153.851;153.871;153.861;0;T;True;3
1621249171000;11593468;153.849;153.869;153.859;2;T;True;3
1621249172000;11593471;153.843;153.863;153.853;2;T;True;3
1621249173000;11593476;153.847;153.867;153.857;4;T;True;3
1621249174000;11593481;153.845;153.865;153.855;4;T;True;3
1621249175000;11593483;153.843;153.863;153.853;1;T;True;3
1621249176000;11593485;153.842;153.862;153.852;1;T;True;3
1621249177000;11593490;153.837;153.857;153.847;4;T;True;3
1621249178000;11593491;153.837;153.857;153.847;0;T;True;3
1621249179000;11593492;153.837;153.857;153.847;0;T;True;3
1621249180000;11593496;153.837;153.857;153.847;3;T;True;3
1621249181000;11593497;153.837;153.857;153.847;0;T;True;3
1621249182000;11593498;153.837;153.857;153.847;0;T;True;3
1621249183000;11593499;153.837;153.857;153.847;0;T;True;3
1621249184000;11593500;153.837;153.857;153.847;0;T;True;3
1621249185000;11593506;153.833;153.853;153.843;5;T;True;3
1621249186000;11593507;153.833;153.853;153.843;0;T;True;3
1621249187000;11593509;153.834;153.854;153.844;1;T;True;3
1621249188000;11593510;153.834;153.854;153.844;0;T;True;3
1621249189000;11593511;153.834;153.854;153.844;0;T;True;3
1621249190000;11593512;153.834;153.854;153.844;0;T;True;3
1621249191000;11593515;153.831;153.851;153.841;2;T;True;3
1621249192000;11593517;153.833;153.853;153.843;1;T;True;3
1621249193000;11593518;153.833;153.853;153.843;0;T;True;3
1621249194000;11593520;153.829;153.849;153.839;1;T;True;3
1621249195000;11593522;153.831;153.851;153.841;1;T;True;3
1621249196000;11593523;153.831;153.851;153.841;0;T;True;3
1621249197000;11593524;153.831;153.851;153.841;0;T;True;3
1621249198000;11593525;153.831;153.851;153.841;0;T;True;3
1621249199000;11593529;153.823;153.843;153.833;3;T;True;3
1621249200000;11593534;153.819;153.839;153.829;4;T;True;3
1621249201000;11593537;153.823;153.843;153.833;2;T;True;3
1621249202000;11593539;153.821;153.841;153.831;1;T;True;3
1621249203000;11593540;153.821;153.841;153.831;0;T;True;3
1621249204000;11593541;153.821;153.841;153.831;0;T;True;3
1621249205000;11593544;153.821;153.841;153.831;2;T;True;3
1621249206000;11593549;153.823;153.843;153.833;4;T;True;3
1621249207000;11593550;153.823;153.843;153.833;0;T;True;3
1621249208000;11593553;153.823;153.843;153.833;2;T;True;3
1621249209000;11593557;153.823;153.843;153.833;3;T;True;3
1621249210000;11593559;153.825;153.845;153.835;1;T;True;3
1621249211000;11593560;153.825;153.845;153.835;0;T;True;3
1621249212000;11593561;153.825;153.845;153.835;0;T;True;3
1621249213000;11593562;153.825;153.845;153.835;0;T;True;3
1621249214000;11593566;153.819;153.839;153.829;3;T;True;3
1621249215000;11593569;153.817;153.837;153.827;2;T;True;3
1621249216000;11593570;153.817;153.837;153.827;0;T;True;3
1621249217000;11593579;153.809;153.829;153.819;8;T;True;3
1621249218000;11593581;153.807;153.827;153.817;1;T;True;3
1621249219000;11593585;153.809;153.829;153.819;3;T;True;3
1621249220000;11593589;153.811;153.831;153.821;3;T;True;3
1621249221000;11593592;153.811;153.831;153.821;2;T;True;3
1621249222000;11593594;153.809;153.829;153.819;1;T;True;3
1621249223000;11593597;153.81;153.83;153.82;2;T;True;3
1621249224000;11593598;153.81;153.83;153.82;0;T;True;3
1621249225000;11593600;153.811;153.831;153.821;1;T;True;3
1621249226000;11593603;153.811;153.831;153.821;2;T;True;3
1621249227000;11593605;153.813;153.833;153.823;1;T;True;3
1621249228000;11593609;153.816;153.836;153.826;3;T;True;3
1621249229000;11593612;153.817;153.837;153.827;2;T;True;3
1621249230000;11593613;153.817;153.837;153.827;0;T;True;3
1621249231000;11593621;153.829;153.849;153.839;7;T;True;3
1621249232000;11593622;153.829;153.849;153.839;0;T;True;3
1621249233000;11593626;153.823;153.843;153.833;3;T;True;3
1621249234000;11593628;153.821;153.841;153.831;1;T;True;3
1621249235000;11593630;153.823;153.843;153.833;1;T;True;3
1621249236000;11593632;153.822;153.842;153.832;1;T;True;3
1621249237000;11593633;153.822;153.842;153.832;0;T;True;3
1621249238000;11593634;153.822;153.842;153.832;0;T;True;3
1621249239000;11593639;153.822;153.842;153.832;4;T;True;3
1621249240000;11593640;153.822;153.842;153.832;0;T;True;3
1621249241000;11593641;153.822;153.842;153.832;0;T;True;3
1621249242000;11593644;153.821;153.841;153.831;2;T;True;3
1621249243000;11593646;153.82;153.84;153.83;1;T;True;3
1621249244000;11593650;153.817;153.837;153.827;3;T;True;3
1621249245000;11593651;153.817;153.837;153.827;0;T;True;3
1621249246000;11593653;153.818;153.838;153.828;1;T;True;3
1621249247000;11593655;153.816;153.836;153.826;1;T;True;3
1621249248000;11593660;153.817;153.837;153.827;4;T;True;3
1621249249000;11593665;153.815;153.835;153.825;4;T;True;3
1621249250000;11593667;153.813;153.833;153.823;1;T;True;3
1621249251000;11593668;153.813;153.833;153.823;0;T;True;3
1621249252000;11593669;153.813;153.833;153.823;0;T;True;3
1621249253000;11593670;153.813;153.833;153.823;0;T;True;3
1621249254000;11593672;153.811;153.831;153.821;1;T;True;3
1621249255000;11593674;153.815;153.835;153.825;1;T;True;3
1621249256000;11593676;153.813;153.833;153.823;1;T;True;3
1621249257000;11593677;153.813;153.833;153.823;0;T;True;3
1621249258000;11593678;153.813;153.833;153.823;0;T;True;3
1621249259000;11593679;153.813;153.833;153.823;0;T;True;3
1621249260000;11593680;153.813;153.833;153.823;0;T;True;3
1621249261000;11593682;153.815;153.835;153.825;1;T;True;3
1621249262000;11593683;153.815;153.835;153.825;0;T;True;3
1621249263000;11593692;153.838;153.858;153.848;8;T;True;3
1621249264000;11593695;153.838;153.858;153.848;2;T;True;3
1621249265000;11593696;153.838;153.858;153.848;0;T;True;3
1621249266000;11593697;153.838;153.858;153.848;0;T;True;3
1621249267000;11593698;153.838;153.858;153.848;0;T;True;3
1621249268000;11593700;153.839;153.859;153.849;1;T;True;3
1621249269000;11593701;153.839;153.859;153.849;0;T;True;3
1621249270000;11593702;153.839;153.859;153.849;0;T;True;3
1621249271000;11593703;153.839;153.859;153.849;0;T;True;3
1621249272000;11593704;153.839;153.859;153.849;0;T;True;3
1621249273000;11593707;153.837;153.857;153.847;2;T;True;3
1621249274000;11593709;153.835;153.855;153.845;1;T;True;3
1621249275000;11593710;153.835;153.855;153.845;0;T;True;3
1621249276000;11593716;153.824;153.844;153.834;5;T;True;3
1621249277000;11593719;153.821;153.841;153.831;2;T;True;3
1621249278000;11593723;153.815;153.835;153.825;3;T;True;3
1621249279000;11593727;153.809;153.829;153.819;3;T;True;3
1621249280000;11593733;153.821;153.841;153.831;5;T;True;3
1621249281000;11593734;153.821;153.841;153.831;0;T;True;3
1621249282000;11593736;153.822;153.842;153.832;1;T;True;3
1621249283000;11593738;153.821;153.841;153.831;1;T;True;3
1621249284000;11593739;153.821;153.841;153.831;0;T;True;3
1621249285000;11593741;153.819;153.839;153.829;1;T;True;3
1621249286000;11593744;153.815;153.835;153.825;2;T;True;3
1621249287000;11593748;153.821;153.841;153.831;3;T;True;3
1621249288000;11593751;153.82;153.84;153.83;2;T;True;3
1621249289000;11593753;153.821;153.841;153.831;1;T;True;3
1621249290000;11593754;153.821;153.841;153.831;0;T;True;3
1621249291000;11593755;153.821;153.841;153.831;0;T;True;3
1621249292000;11593757;153.82;153.84;153.83;1;T;True;3
1621249293000;11593759;153.819;153.839;153.829;1;T;True;3
1621249294000;11593762;153.822;153.842;153.832;2;T;True;3
1621249295000;11593764;153.821;153.841;153.831;1;T;True;3
1621249296000;11593765;153.821;153.841;153.831;0;T;True;3
1621249297000;11593772;153.827;153.847;153.837;6;T;True;3
1621249298000;11593774;153.833;153.853;153.843;1;T;True;3
1621249299000;11593778;153.825;153.845;153.835;3;T;True;3
1621249300000;11593782;153.829;153.849;153.839;3;T;True;3
1621249301000;11593788;153.836;153.856;153.846;5;T;True;3
1621249302000;11593789;153.836;153.856;153.846;0;T;True;3
1621249303000;11593790;153.836;153.856;153.846;0;T;True;3
1621249304000;11593795;153.86;153.88;153.87;4;T;True;3
1621249305000;11593797;153.859;153.879;153.869;1;T;True;3
1621249306000;11593799;153.861;153.881;153.871;1;T;True;3
1621249307000;11593801;153.863;153.883;153.873;1;T;True;3
1621249308000;11593805;153.872;153.892;153.882;3;T;True;3
1621249309000;11593807;153.869;153.889;153.879;1;T;True;3
1621249310000;11593810;153.867;153.887;153.877;2;T;True;3
1621249311000;11593814;153.861;153.881;153.871;3;T;True;3
1621249312000;11593817;153.857;153.877;153.867;2;T;True;3
1621249313000;11593818;153.857;153.877;153.867;0;T;True;3
1621249314000;11593827;153.867;153.887;153.877;8;T;True;3
1621249315000;11593830;153.869;153.889;153.879;2;T;True;3
1621249316000;11593837;153.866;153.886;153.876;6;T;True;3
1621249317000;11593841;153.859;153.879;153.869;3;T;True;3
1621249318000;11593842;153.859;153.879;153.869;0;T;True;3
1621249319000;11593844;153.857;153.877;153.867;1;T;True;3
1621249320000;11593850;153.863;153.883;153.873;5;T;True;3
1621249321000;11593853;153.859;153.879;153.869;2;T;True;3
1621249322000;11593856;153.855;153.875;153.865;2;T;True;3
1621249323000;11593858;153.851;153.871;153.861;1;T;True;3
1621249324000;11593860;153.852;153.872;153.862;1;T;True;3
1621249325000;11593865;153.839;153.859;153.849;4;T;True;3
1621249326000;11593869;153.834;153.854;153.844;3;T;True;3
1621249327000;11593875;153.83;153.85;153.84;5;T;True;3
1621249328000;11593880;153.837;153.857;153.847;4;T;True;3
1621249329000;11593891;153.859;153.879;153.869;10;T;True;3
1621249330000;11593896;153.851;153.871;153.861;4;T;True;3
1621249331000;11593900;153.849;153.869;153.859;3;T;True;3
1621249332000;11593902;153.847;153.867;153.857;1;T;True;3
1621249333000;11593908;153.847;153.867;153.857;5;T;True;3
1621249334000;11593913;153.847;153.867;153.857;4;T;True;3
1621249335000;11593914;153.847;153.867;153.857;0;T;True;3
1621249336000;11593915;153.847;153.867;153.857;0;T;True;3
1621249337000;11593919;153.839;153.859;153.849;3;T;True;3
1621249338000;11593925;153.847;153.867;153.857;5;T;True;3
1621249339000;11593927;153.846;153.866;153.856;1;T;True;3
1621249340000;11593928;153.846;153.866;153.856;0;T;True;3
1621249341000;11593931;153.851;153.871;153.861;2;T;True;3
1621249342000;11593934;153.847;153.867;153.857;2;T;True;3
1621249343000;11593943;153.867;153.887;153.877;8;T;True;3
1621249344000;11593945;153.865;153.885;153.875;1;T;True;3
1621249345000;11593948;153.861;153.881;153.871;2;T;True;3
1621249346000;11593949;153.861;153.881;153.871;0;T;True;3
1621249347000;11593951;153.859;153.879;153.869;1;T;True;3
1621249348000;11593953;153.86;153.88;153.87;1;T;True;3
1621249349000;11593956;153.857;153.877;153.867;2;T;True;3
1621249350000;11593960;153.847;153.867;153.857;3;T;True;3
1621249351000;11593963;153.851;153.871;153.861;2;T;True;3
1621249352000;11593968;153.858;153.878;153.868;4;T;True;3
1621249353000;11593970;153.859;153.879;153.869;1;T;True;3
1621249354000;11593971;153.859;153.879;153.869;0;T;True;3
1621249355000;11593972;153.859;153.879;153.869;0;T;True;3
1621249356000;11593973;153.859;153.879;153.869;0;T;True;3
1621249357000;11593974;153.859;153.879;153.869;0;T;True;3
1621249358000;11593975;153.859;153.879;153.869;0;T;True;3
1621249359000;11593976;153.859;153.879;153.869;0;T;True;3
1621249360000;11593979;153.859;153.879;153.869;2;T;True;3
1621249361000;11593981;153.861;153.881;153.871;1;T;True;3
1621249362000;11593982;153.861;153.881;153.871;0;T;True;3
1621249363000;11593983;153.861;153.881;153.871;0;T;True;3
1621249364000;11593984;153.861;153.881;153.871;0;T;True;3
1621249365000;11593985;153.861;153.881;153.871;0;T;True;3
1621249366000;11593986;153.861;153.881;153.871;0;T;True;3
1621249367000;11593987;153.861;153.881;153.871;0;T;True;3
1621249368000;11593988;153.861;153.881;153.871;0;T;True;3
1621249369000;11593989;153.861;153.881;153.871;0;T;True;3
1621249370000;11593990;153.861;153.881;153.871;0;T;True;3
1621249371000;11593991;153.861;153.881;153.871;0;T;True;3
1621249372000;11593992;153.861;153.881;153.871;0;T;True;3
1621249373000;11593993;153.861;153.881;153.871;0;T;True;3
1621249374000;11593995;153.859;153.879;153.869;1;T;True;3
1621249375000;11593996;153.859;153.879;153.869;0;T;True;3
1621249376000;11593997;153.859;153.879;153.869;0;T;True;3
1621249377000;11593999;153.86;153.88;153.87;1;T;True;3
1621249378000;11594000;153.86;153.88;153.87;0;T;True;3
1621249379000;11594001;153.86;153.88;153.87;0;T;True;3
1621249380000;11594002;153.86;153.88;153.87;0;T;True;3
1621249381000;11594003;153.86;153.88;153.87;0;T;True;3
1621249382000;11594004;153.86;153.88;153.87;0;T;True;3
1621249383000;11594005;153.86;153.88;153.87;0;T;True;3
1621249384000;11594006;153.86;153.88;153.87;0;T;True;3
1621249385000;11594007;153.86;153.88;153.87;0;T;True;3
1621249386000;11594008;153.86;153.88;153.87;0;T;True;3
1621249387000;11594009;153.86;153.88;153.87;0;T;True;3
1621249388000;11594011;153.861;153.881;153.871;1;T;True;3
1621249389000;11594015;153.871;153.891;153.881;3;T;True;3
1621249390000;11594018;153.877;153.897;153.887;2;T;True;3
1621249391000;11594021;153.871;153.891;153.881;2;T;True;3
1621249392000;11594022;153.871;153.891;153.881;0;T;True;3
1621249393000;11594023;153.871;153.891;153.881;0;T;True;3
1621249394000;11594024;153.871;153.891;153.881;0;T;True;3
1621249395000;11594025;153.871;153.891;153.881;0;T;True;3
1621249396000;11594027;153.868;153.888;153.878;1;T;True;3
1621249397000;11594029;153.87;153.89;153.88;1;T;True;3
1621249398000;11594031;153.869;153.889;153.879;1;T;True;3
1621249399000;11594033;153.867;153.887;153.877;1;T;True;3
1621249400000;11594034;153.867;153.887;153.877;0;T;True;3
1621249401000;11594035;153.867;153.887;153.877;0;T;True;3
1621249402000;11594036;153.867;153.887;153.877;0;T;True;3
1621249403000;11594037;153.867;153.887;153.877;0;T;True;3
1621249404000;11594039;153.861;153.881;153.871;1;T;True;3
1621249405000;11594040;153.861;153.881;153.871;0;T;True;3
1621249406000;11594041;153.861;153.881;153.871;0;T;True;3
1621249407000;11594042;153.861;153.881;153.871;0;T;True;3
1621249408000;11594043;153.861;153.881;153.871;0;T;True;3
1621249409000;11594044;153.861;153.881;153.871;0;T;True;3
1621249410000;11594045;153.861;153.881;153.871;0;T;True;3
1621249411000;11594046;153.861;153.881;153.871;0;T;True;3
1621249412000;11594048;153.859;153.879;153.869;1;T;True;3
1621249413000;11594049;153.859;153.879;153.869;0;T;True;3
1621249414000;11594050;153.859;153.879;153.869;0;T;True;3
1621249415000;11594054;153.863;153.883;153.873;3;T;True;3
1621249416000;11594059;153.869;153.889;153.879;4;T;True;3
1621249417000;11594060;153.869;153.889;153.879;0;T;True;3
1621249418000;11594061;153.869;153.889;153.879;0;T;True;3
1621249419000;11594062;153.869;153.889;153.879;0;T;True;3
1621249420000;11594063;153.869;153.889;153.879;0;T;True;3
1621249421000;11594064;153.869;153.889;153.879;0;T;True;3
1621249422000;11594065;153.869;153.889;153.879;0;T;True;3
1621249423000;11594066;153.869;153.889;153.879;0;T;True;3
1621249424000;11594068;153.871;153.891;153.881;1;T;True;3
1621249425000;11594072;153.879;153.899;153.889;3;T;True;3
1621249426000;11594074;153.877;153.897;153.887;1;T;True;3
1621249427000;11594075;153.877;153.897;153.887;0;T;True;3
1621249428000;11594076;153.877;153.897;153.887;0;T;True;3
1621249429000;11594077;153.877;153.897;153.887;0;T;True;3
1621249430000;11594078;153.877;153.897;153.887;0;T;True;3
1621249431000;11594079;153.877;153.897;153.887;0;T;True;3
1621249432000;11594080;153.877;153.897;153.887;0;T;True;3
1621249433000;11594081;153.877;153.897;153.887;0;T;True;3
1621249434000;11594082;153.877;153.897;153.887;0;T;True;3
1621249435000;11594083;153.877;153.897;153.887;0;T;True;3
1621249436000;11594084;153.877;153.897;153.887;0;T;True;3
1621249437000;11594087;153.88;153.9;153.89;2;T;True;3
1621249438000;11594088;153.88;153.9;153.89;0;T;True;3
1621249439000;11594089;153.88;153.9;153.89;0;T;True;3
1621249440000;11594090;153.88;153.9;153.89;0;T;True;3
1621249441000;11594091;153.88;153.9;153.89;0;T;True;3
1621249442000;11594092;153.88;153.9;153.89;0;T;True;3
1621249443000;11594093;153.88;153.9;153.89;0;T;True;3
1621249444000;11594094;153.88;153.9;153.89;0;T;True;3
1621249445000;11594096;153.881;153.901;153.891;1;T;True;3
1621249446000;11594097;153.881;153.901;153.891;0;T;True;3
1621249447000;11594098;153.881;153.901;153.891;0;T;True;3
1621249448000;11594099;153.881;153.901;153.891;0;T;True;3
1621249449000;11594100;153.881;153.901;153.891;0;T;True;3
1621249450000;11594101;153.881;153.901;153.891;0;T;True;3
1621249451000;11594102;153.881;153.901;153.891;0;T;True;3
1621249452000;11594104;153.879;153.899;153.889;1;T;True;3
1621249453000;11594105;153.879;153.899;153.889;0;T;True;3
1621249454000;11594108;153.887;153.907;153.897;2;T;True;3
1621249455000;11594111;153.892;153.912;153.902;2;T;True;3
1621249456000;11594112;153.892;153.912;153.902;0;T;True;3
1621249457000;11594113;153.892;153.912;153.902;0;T;True;3
1621249458000;11594114;153.892;153.912;153.902;0;T;True;3
1621249459000;11594115;153.892;153.912;153.902;0;T;True;3
1621249460000;11594116;153.892;153.912;153.902;0;T;True;3
1621249461000;11594117;153.892;153.912;153.902;0;T;True;3
1621249462000;11594119;153.891;153.911;153.901;1;T;True;3
1621249463000;11594120;153.891;153.911;153.901;0;T;True;3
1621249464000;11594121;153.891;153.911;153.901;0;T;True;3
1621249465000;11594123;153.892;153.912;153.902;1;T;True;3
1621249466000;11594124;153.892;153.912;153.902;0;T;True;3
1621249467000;11594125;153.892;153.912;153.902;0;T;True;3
1621249468000;11594126;153.892;153.912;153.902;0;T;True;3
1621249469000;11594127;153.892;153.912;153.902;0;T;True;3
1621249470000;11594128;153.892;153.912;153.902;0;T;True;3
1621249471000;11594129;153.892;153.912;153.902;0;T;True;3
1621249472000;11594130;153.892;153.912;153.902;0;T;True;3
1621249473000;11594131;153.892;153.912;153.902;0;T;True;3
1621249474000;11594132;153.892;153.912;153.902;0;T;True;3
1621249475000;11594133;153.892;153.912;153.902;0;T;True;3
1621249476000;11594134;153.892;153.912;153.902;0;T;True;3
1621249477000;11594135;153.892;153.912;153.902;0;T;True;3
1621249478000;11594136;153.892;153.912;153.902;0;T;True;3
1621249479000;11594138;153.891;153.911;153.901;1;T;True;3
1621249480000;11594139;153.891;153.911;153.901;0;T;True;3
1621249481000;11594145;153.905;153.925;153.915;5;T;True;3
1621249482000;11594152;153.907;153.927;153.917;6;T;True;3
1621249483000;11594157;153.911;153.931;153.921;4;T;True;3
1621249484000;11594161;153.914;153.934;153.924;3;T;True;3
1621249485000;11594164;153.913;153.933;153.923;2;T;True;3
1621249486000;11594170;153.899;153.919;153.909;5;T;True;3
1621249487000;11594172;153.901;153.921;153.911;1;T;True;3
1621249488000;11594173;153.901;153.921;153.911;0;T;True;3
1621249489000;11594174;153.901;153.921;153.911;0;T;True;3
1621249490000;11594175;153.901;153.921;153.911;0;T;True;3
1621249491000;11594178;153.895;153.915;153.905;2;T;True;3
1621249492000;11594179;153.895;153.915;153.905;0;T;True;3
1621249493000;11594180;153.895;153.915;153.905;0;T;True;3
1621249494000;11594182;153.893;153.913;153.903;1;T;True;3
1621249495000;11594183;153.893;153.913;153.903;0;T;True;3
1621249496000;11594185;153.895;153.915;153.905;1;T;True;3
1621249497000;11594187;153.893;153.913;153.903;1;T;True;3
1621249498000;11594188;153.893;153.913;153.903;0;T;True;3
1621249499000;11594189;153.893;153.913;153.903;0;T;True;3
1621249500000;11594190;153.893;153.913;153.903;0;T;True;3
1621249501000;11594191;153.893;153.913;153.903;0;T;True;3
1621249502000;11594193;153.895;153.915;153.905;1;T;True;3
1621249503000;11594196;153.897;153.917;153.907;2;T;True;3
1621249504000;11594198;153.899;153.919;153.909;1;T;True;3
1621249505000;11594199;153.899;153.919;153.909;0;T;True;3
1621249506000;11594200;153.899;153.919;153.909;0;T;True;3
1621249507000;11594201;153.899;153.919;153.909;0;T;True;3
1621249508000;11594203;153.902;153.922;153.912;1;T;True;3
1621249509000;11594205;153.903;153.923;153.913;1;T;True;3
1621249510000;11594206;153.903;153.923;153.913;0;T;True;3
1621249511000;11594207;153.903;153.923;153.913;0;T;True;3
1621249512000;11594208;153.903;153.923;153.913;0;T;True;3
1621249513000;11594209;153.903;153.923;153.913;0;T;True;3
1621249514000;11594214;153.896;153.916;153.906;4;T;True;3
1621249515000;11594217;153.891;153.911;153.901;2;T;True;3
1621249516000;11594219;153.895;153.915;153.905;1;T;True;3
1621249517000;11594220;153.895;153.915;153.905;0;T;True;3
1621249518000;11594221;153.895;153.915;153.905;0;T;True;3
1621249519000;11594222;153.895;153.915;153.905;0;T;True;3
1621249520000;11594225;153.897;153.917;153.907;2;T;True;3
1621249521000;11594226;153.897;153.917;153.907;0;T;True;3
1621249522000;11594227;153.897;153.917;153.907;0;T;True;3
1621249523000;11594228;153.897;153.917;153.907;0;T;True;3
1621249524000;11594231;153.901;153.921;153.911;2;T;True;3
1621249525000;11594232;153.901;153.921;153.911;0;T;True;3
1621249526000;11594233;153.901;153.921;153.911;0;T;True;3
1621249527000;11594234;153.901;153.921;153.911;0;T;True;3
1621249528000;11594236;153.899;153.919;153.909;1;T;True;3
1621249529000;11594237;153.899;153.919;153.909;0;T;True;3
1621249530000;11594238;153.899;153.919;153.909;0;T;True;3
1621249531000;11594241;153.893;153.913;153.903;2;T;True;3
1621249532000;11594243;153.891;153.911;153.901;1;T;True;3
1621249533000;11594244;153.891;153.911;153.901;0;T;True;3
1621249534000;11594246;153.893;153.913;153.903;1;T;True;3
1621249535000;11594247;153.893;153.913;153.903;0;T;True;3
1621249536000;11594248;153.893;153.913;153.903;0;T;True;3
1621249537000;11594249;153.893;153.913;153.903;0;T;True;3
1621249538000;11594250;153.893;153.913;153.903;0;T;True;3
1621249539000;11594251;153.893;153.913;153.903;0;T;True;3
1621249540000;11594252;153.893;153.913;153.903;0;T;True;3
1621249541000;11594254;153.903;153.923;153.913;1;T;True;3
1621249542000;11594257;153.903;153.923;153.913;2;T;True;3
1621249543000;11594258;153.903;153.923;153.913;0;T;True;3
1621249544000;11594260;153.905;153.925;153.915;1;T;True;3
1621249545000;11594261;153.905;153.925;153.915;0;T;True;3
1621249546000;11594262;153.905;153.925;153.915;0;T;True;3
1621249547000;11594264;153.907;153.927;153.917;1;T;True;3
1621249548000;11594265;153.907;153.927;153.917;0;T;True;3
1621249549000;11594267;153.905;153.925;153.915;1;T;True;3
1621249550000;11594268;153.905;153.925;153.915;0;T;True;3
1621249551000;11594270;153.903;153.923;153.913;1;T;True;3
1621249552000;11594272;153.905;153.925;153.915;1;T;True;3
1621249553000;11594275;153.903;153.923;153.913;2;T;True;3
1621249554000;11594278;153.903;153.923;153.913;2;T;True;3
1621249555000;11594281;153.903;153.923;153.913;2;T;True;3
1621249556000;11594283;153.905;153.925;153.915;1;T;True;3
1621249557000;11594284;153.905;153.925;153.915;0;T;True;3
1621249558000;11594288;153.905;153.925;153.915;3;T;True;3
1621249559000;11594289;153.905;153.925;153.915;0;T;True;3
1621249560000;11594290;153.905;153.925;153.915;0;T;True;3
1621249561000;11594291;153.905;153.925;153.915;0;T;True;3
1621249562000;11594292;153.905;153.925;153.915;0;T;True;3
1621249563000;11594293;153.905;153.925;153.915;0;T;True;3
1621249564000;11594294;153.905;153.925;153.915;0;T;True;3
1621249565000;11594296;153.903;153.923;153.913;1;T;True;3
1621249566000;11594300;153.902;153.922;153.912;3;T;True;3
1621249567000;11594302;153.903;153.923;153.913;1;T;True;3
1621249568000;11594303;153.903;153.923;153.913;0;T;True;3
1621249569000;11594304;153.903;153.923;153.913;0;T;True;3
1621249570000;11594305;153.903;153.923;153.913;0;T;True;3
1621249571000;11594306;153.903;153.923;153.913;0;T;True;3
1621249572000;11594308;153.904;153.924;153.914;1;T;True;3
1621249573000;11594310;153.905;153.925;153.915;1;T;True;3
1621249574000;11594311;153.905;153.925;153.915;0;T;True;3
1621249575000;11594312;153.905;153.925;153.915;0;T;True;3
1621249576000;11594318;153.889;153.909;153.899;5;T;True;3
1621249577000;11594322;153.877;153.897;153.887;3;T;True;3
1621249578000;11594325;153.885;153.905;153.895;2;T;True;3
1621249579000;11594326;153.885;153.905;153.895;0;T;True;3
1621249580000;11594327;153.885;153.905;153.895;0;T;True;3
1621249581000;11594328;153.885;153.905;153.895;0;T;True;3
1621249582000;11594329;153.885;153.905;153.895;0;T;True;3
1621249583000;11594330;153.885;153.905;153.895;0;T;True;3
1621249584000;11594331;153.885;153.905;153.895;0;T;True;3
1621249585000;11594334;153.885;153.905;153.895;2;T;True;3
1621249586000;11594335;153.885;153.905;153.895;0;T;True;3
1621249587000;11594336;153.885;153.905;153.895;0;T;True;3
1621249588000;11594337;153.885;153.905;153.895;0;T;True;3
1621249589000;11594338;153.885;153.905;153.895;0;T;True;3
1621249590000;11594339;153.885;153.905;153.895;0;T;True;3
1621249591000;11594340;153.885;153.905;153.895;0;T;True;3
1621249592000;11594342;153.887;153.907;153.897;1;T;True;3
1621249593000;11594343;153.887;153.907;153.897;0;T;True;3
1621249594000;11594345;153.889;153.909;153.899;1;T;True;3
1621249595000;11594346;153.889;153.909;153.899;0;T;True;3
1621249596000;11594347;153.889;153.909;153.899;0;T;True;3
1621249597000;11594349;153.887;153.907;153.897;1;T;True;3
1621249598000;11594350;153.887;153.907;153.897;0;T;True;3
1621249599000;11594351;153.887;153.907;153.897;0;T;True;3
1621249600000;11594352;153.887;153.907;153.897;0;T;True;3
1621249601000;11594355;153.889;153.909;153.899;2;T;True;3
1621249602000;11594356;153.889;153.909;153.899;0;T;True;3
1621249603000;11594357;153.889;153.909;153.899;0;T;True;3
1621249604000;11594358;153.889;153.909;153.899;0;T;True;3
1621249605000;11594359;153.889;153.909;153.899;0;T;True;3
1621249606000;11594360;153.889;153.909;153.899;0;T;True;3
1621249607000;11594361;153.889;153.909;153.899;0;T;True;3
1621249608000;11594362;153.889;153.909;153.899;0;T;True;3
1621249609000;11594363;153.889;153.909;153.899;0;T;True;3
1621249610000;11594364;153.889;153.909;153.899;0;T;True;3
1621249611000;11594365;153.889;153.909;153.899;0;T;True;3
1621249612000;11594366;153.889;153.909;153.899;0;T;True;3
1621249613000;11594367;153.889;153.909;153.899;0;T;True;3
1621249614000;11594368;153.889;153.909;153.899;0;T;True;3
1621249615000;11594369;153.889;153.909;153.899;0;T;True;3
1621249616000;11594370;153.889;153.909;153.899;0;T;True;3
1621249617000;11594372;153.887;153.907;153.897;1;T;True;3
1621249618000;11594374;153.888;153.908;153.898;1;T;True;3
1621249619000;11594375;153.888;153.908;153.898;0;T;True;3
1621249620000;11594376;153.888;153.908;153.898;0;T;True;3
1621249621000;11594380;153.895;153.915;153.905;3;T;True;3
1621249622000;11594381;153.895;153.915;153.905;0;T;True;3
1621249623000;11594382;153.895;153.915;153.905;0;T;True;3
1621249624000;11594383;153.895;153.915;153.905;0;T;True;3
1621249625000;11594384;153.895;153.915;153.905;0;T;True;3
1621249626000;11594385;153.895;153.915;153.905;0;T;True;3
1621249627000;11594386;153.895;153.915;153.905;0;T;True;3
1621249628000;11594387;153.895;153.915;153.905;0;T;True;3
1621249629000;11594388;153.895;153.915;153.905;0;T;True;3
1621249630000;11594389;153.895;153.915;153.905;0;T;True;3
1621249631000;11594390;153.895;153.915;153.905;0;T;True;3
1621249632000;11594391;153.895;153.915;153.905;0;T;True;3
1621249633000;11594392;153.895;153.915;153.905;0;T;True;3
1621249634000;11594393;153.895;153.915;153.905;0;T;True;3
1621249635000;11594394;153.895;153.915;153.905;0;T;True;3
1621249636000;11594395;153.895;153.915;153.905;0;T;True;3
1621249637000;11594396;153.895;153.915;153.905;0;T;True;3
1621249638000;11594397;153.895;153.915;153.905;0;T;True;3
1621249639000;11594398;153.895;153.915;153.905;0;T;True;3
1621249640000;11594399;153.895;153.915;153.905;0;T;True;3
1621249641000;11594400;153.895;153.915;153.905;0;T;True;3
1621249642000;11594401;153.895;153.915;153.905;0;T;True;3
1621249643000;11594402;153.895;153.915;153.905;0;T;True;3
1621249644000;11594403;153.895;153.915;153.905;0;T;True;3
1621249645000;11594404;153.895;153.915;153.905;0;T;True;3
1621249646000;11594405;153.895;153.915;153.905;0;T;True;3
1621249647000;11594406;153.895;153.915;153.905;0;T;True;3
1621249648000;11594407;153.895;153.915;153.905;0;T;True;3
1621249649000;11594408;153.895;153.915;153.905;0;T;True;3
1621249650000;11594409;153.895;153.915;153.905;0;T;True;3
1621249651000;11594410;153.895;153.915;153.905;0;T;True;3
1621249652000;11594411;153.895;153.915;153.905;0;T;True;3
1621249653000;11594412;153.895;153.915;153.905;0;T;True;3
1621249654000;11594413;153.895;153.915;153.905;0;T;True;3
1621249655000;11594414;153.895;153.915;153.905;0;T;True;3
1621249656000;11594415;153.895;153.915;153.905;0;T;True;3
1621249657000;11594416;153.895;153.915;153.905;0;T;True;3
1621249658000;11594419;153.903;153.923;153.913;2;T;True;3
1621249659000;11594421;153.901;153.921;153.911;1;T;True;3
1621249660000;11594423;153.903;153.923;153.913;1;T;True;3
1621249661000;11594426;153.9;153.92;153.91;2;T;True;3
1621249662000;11594428;153.901;153.921;153.911;1;T;True;3
1621249663000;11594430;153.903;153.923;153.913;1;T;True;3
1621249664000;11594432;153.901;153.921;153.911;1;T;True;3
1621249665000;11594435;153.897;153.917;153.907;2;T;True;3
1621249666000;11594439;153.899;153.919;153.909;3;T;True;3
1621249667000;11594442;153.899;153.919;153.909;2;T;True;3
1621249668000;11594444;153.9;153.92;153.91;1;T;True;3
1621249669000;11594446;153.901;153.921;153.911;1;T;True;3
1621249670000;11594448;153.903;153.923;153.913;1;T;True;3
1621249671000;11594453;153.903;153.923;153.913;4;T;True;3
1621249672000;11594457;153.899;153.919;153.909;3;T;True;3
1621249673000;11594458;153.899;153.919;153.909;0;T;True;3
1621249674000;11594459;153.899;153.919;153.909;0;T;True;3
1621249675000;11594460;153.899;153.919;153.909;0;T;True;3
1621249676000;11594461;153.899;153.919;153.909;0;T;True;3
1621249677000;11594465;153.897;153.917;153.907;3;T;True;3
1621249678000;11594467;153.895;153.915;153.905;1;T;True;3
1621249679000;11594473;153.894;153.914;153.904;5;T;True;3
1621249680000;11594474;153.894;153.914;153.904;0;T;True;3
1621249681000;11594476;153.893;153.913;153.903;1;T;True;3
1621249682000;11594478;153.895;153.915;153.905;1;T;True;3
1621249683000;11594479;153.895;153.915;153.905;0;T;True;3
1621249684000;11594481;153.896;153.916;153.906;1;T;True;3
1621249685000;11594484;153.898;153.918;153.908;2;T;True;3
1621249686000;11594488;153.902;153.922;153.912;3;T;True;3
1621249687000;11594491;153.904;153.924;153.914;2;T;True;3
1621249688000;11594492;153.904;153.924;153.914;0;T;True;3
1621249689000;11594493;153.904;153.924;153.914;0;T;True;3
1621249690000;11594495;153.903;153.923;153.913;1;T;True;3
1621249691000;11594496;153.903;153.923;153.913;0;T;True;3
1621249692000;11594497;153.903;153.923;153.913;0;T;True;3
1621249693000;11594500;153.897;153.917;153.907;2;T;True;3
1621249694000;11594501;153.897;153.917;153.907;0;T;True;3
1621249695000;11594502;153.897;153.917;153.907;0;T;True;3
1621249696000;11594503;153.897;153.917;153.907;0;T;True;3
1621249697000;11594504;153.897;153.917;153.907;0;T;True;3
1621249698000;11594505;153.897;153.917;153.907;0;T;True;3
1621249699000;11594506;153.897;153.917;153.907;0;T;True;3
1621249700000;11594507;153.897;153.917;153.907;0;T;True;3
1621249701000;11594508;153.897;153.917;153.907;0;T;True;3
1621249702000;11594509;153.897;153.917;153.907;0;T;True;3
1621249703000;11594513;153.901;153.921;153.911;3;T;True;3
1621249704000;11594515;153.899;153.919;153.909;1;T;True;3
1621249705000;11594516;153.899;153.919;153.909;0;T;True;3
1621249706000;11594517;153.899;153.919;153.909;0;T;True;3
1621249707000;11594518;153.899;153.919;153.909;0;T;True;3
1621249708000;11594523;153.887;153.907;153.897;4;T;True;3
1621249709000;11594524;153.887;153.907;153.897;0;T;True;3
1621249710000;11594525;153.887;153.907;153.897;0;T;True;3
1621249711000;11594526;153.887;153.907;153.897;0;T;True;3
1621249712000;11594527;153.887;153.907;153.897;0;T;True;3
1621249713000;11594528;153.887;153.907;153.897;0;T;True;3
1621249714000;11594529;153.887;153.907;153.897;0;T;True;3
1621249715000;11594532;153.891;153.911;153.901;2;T;True;3
1621249716000;11594533;153.891;153.911;153.901;0;T;True;3
1621249717000;11594534;153.891;153.911;153.901;0;T;True;3
1621249718000;11594535;153.891;153.911;153.901;0;T;True;3
1621249719000;11594536;153.891;153.911;153.901;0;T;True;3
1621249720000;11594537;153.891;153.911;153.901;0;T;True;3
1621249721000;11594538;153.891;153.911;153.901;0;T;True;3
1621249722000;11594541;153.891;153.911;153.901;2;T;True;3
1621249723000;11594542;153.891;153.911;153.901;0;T;True;3
1621249724000;11594543;153.891;153.911;153.901;0;T;True;3
1621249725000;11594544;153.891;153.911;153.901;0;T;True;3
1621249726000;11594546;153.892;153.912;153.902;1;T;True;3
1621249727000;11594548;153.891;153.911;153.901;1;T;True;3
1621249728000;11594549;153.891;153.911;153.901;0;T;True;3
1621249729000;11594550;153.891;153.911;153.901;0;T;True;3
1621249730000;11594551;153.891;153.911;153.901;0;T;True;3
1621249731000;11594553;153.889;153.909;153.899;1;T;True;3
1621249732000;11594554;153.889;153.909;153.899;0;T;True;3
1621249733000;11594555;153.889;153.909;153.899;0;T;True;3
1621249734000;11594556;153.889;153.909;153.899;0;T;True;3
1621249735000;11594557;153.889;153.909;153.899;0;T;True;3
1621249736000;11594560;153.893;153.913;153.903;2;T;True;3
1621249737000;11594565;153.899;153.919;153.909;4;T;True;3
1621249738000;11594570;153.908;153.928;153.918;4;T;True;3
1621249739000;11594573;153.91;153.93;153.92;2;T;True;3
1621249740000;11594574;153.91;153.93;153.92;0;T;True;3
1621249741000;11594575;153.91;153.93;153.92;0;T;True;3
1621249742000;11594576;153.91;153.93;153.92;0;T;True;3
1621249743000;11594580;153.903;153.923;153.913;3;T;True;3
1621249744000;11594582;153.902;153.922;153.912;1;T;True;3
1621249745000;11594584;153.9;153.92;153.91;1;T;True;3
1621249746000;11594585;153.9;153.92;153.91;0;T;True;3
1621249747000;11594587;153.899;153.919;153.909;1;T;True;3
1621249748000;11594588;153.899;153.919;153.909;0;T;True;3
1621249749000;11594589;153.899;153.919;153.909;0;T;True;3
1621249750000;11594596;153.894;153.914;153.904;6;T;True;3
1621249751000;11594597;153.894;153.914;153.904;0;T;True;3
1621249752000;11594600;153.895;153.915;153.905;2;T;True;3
1621249753000;11594601;153.895;153.915;153.905;0;T;True;3
1621249754000;11594602;153.895;153.915;153.905;0;T;True;3
1621249755000;11594603;153.895;153.915;153.905;0;T;True;3
1621249756000;11594604;153.895;153.915;153.905;0;T;True;3
1621249757000;11594605;153.895;153.915;153.905;0;T;True;3
1621249758000;11594606;153.895;153.915;153.905;0;T;True;3
1621249759000;11594607;153.895;153.915;153.905;0;T;True;3
1621249760000;11594608;153.895;153.915;153.905;0;T;True;3
1621249761000;11594611;153.891;153.911;153.901;2;T;True;3
1621249762000;11594612;153.891;153.911;153.901;0;T;True;3
1621249763000;11594613;153.891;153.911;153.901;0;T;True;3
1621249764000;11594614;153.891;153.911;153.901;0;T;True;3
1621249765000;11594615;153.891;153.911;153.901;0;T;True;3
1621249766000;11594616;153.891;153.911;153.901;0;T;True;3
1621249767000;11594617;153.891;153.911;153.901;0;T;True;3
1621249768000;11594618;153.891;153.911;153.901;0;T;True;3
1621249769000;11594619;153.891;153.911;153.901;0;T;True;3
1621249770000;11594620;153.891;153.911;153.901;0;T;True;3
1621249771000;11594621;153.891;153.911;153.901;0;T;True;3
1621249772000;11594623;153.892;153.912;153.902;1;T;True;3
1621249773000;11594626;153.894;153.914;153.904;2;T;True;3
1621249774000;11594629;153.894;153.914;153.904;2;T;True;3
1621249775000;11594630;153.894;153.914;153.904;0;T;True;3
1621249776000;11594632;153.893;153.913;153.903;1;T;True;3
1621249777000;11594633;153.893;153.913;153.903;0;T;True;3
1621249778000;11594634;153.893;153.913;153.903;0;T;True;3
1621249779000;11594635;153.893;153.913;153.903;0;T;True;3
1621249780000;11594637;153.894;153.914;153.904;1;T;True;3
1621249781000;11594638;153.894;153.914;153.904;0;T;True;3
1621249782000;11594639;153.894;153.914;153.904;0;T;True;3
1621249783000;11594640;153.894;153.914;153.904;0;T;True;3
1621249784000;11594641;153.894;153.914;153.904;0;T;True;3
1621249785000;11594642;153.894;153.914;153.904;0;T;True;3
1621249786000;11594643;153.894;153.914;153.904;0;T;True;3
1621249787000;11594644;153.894;153.914;153.904;0;T;True;3
1621249788000;11594645;153.894;153.914;153.904;0;T;True;3
1621249789000;11594646;153.894;153.914;153.904;0;T;True;3
1621249790000;11594647;153.894;153.914;153.904;0;T;True;3
1621249791000;11594648;153.894;153.914;153.904;0;T;True;3
1621249792000;11594649;153.894;153.914;153.904;0;T;True;3
1621249793000;11594650;153.894;153.914;153.904;0;T;True;3
1621249794000;11594651;153.894;153.914;153.904;0;T;True;3
1621249795000;11594652;153.894;153.914;153.904;0;T;True;3
1621249796000;11594653;153.894;153.914;153.904;0;T;True;3
1621249797000;11594654;153.894;153.914;153.904;0;T;True;3
1621249798000;11594656;153.897;153.917;153.907;1;T;True;3
1621249799000;11594661;153.907;153.927;153.917;4;T;True;3
1621249800000;11594665;153.911;153.931;153.921;3;T;True;3
1621249801000;11594668;153.909;153.929;153.919;2;T;True;3
1621249802000;11594670;153.911;153.931;153.921;1;T;True;3
1621249803000;11594671;153.911;153.931;153.921;0;T;True;3
1621249804000;11594672;153.911;153.931;153.921;0;T;True;3
1621249805000;11594674;153.912;153.932;153.922;1;T;True;3
1621249806000;11594676;153.913;153.933;153.923;1;T;True;3
1621249807000;11594677;153.913;153.933;153.923;0;T;True;3
1621249808000;11594682;153.924;153.944;153.934;4;T;True;3
1621249809000;11594683;153.924;153.944;153.934;0;T;True;3
1621249810000;11594684;153.924;153.944;153.934;0;T;True;3
1621249811000;11594685;153.924;153.944;153.934;0;T;True;3
1621249812000;11594686;153.924;153.944;153.934;0;T;True;3
1621249813000;11594688;153.925;153.945;153.935;1;T;True;3
1621249814000;11594689;153.925;153.945;153.935;0;T;True;3
1621249815000;11594692;153.928;153.948;153.938;2;T;True;3
1621249816000;11594695;153.932;153.952;153.942;2;T;True;3
1621249817000;11594696;153.932;153.952;153.942;0;T;True;3
1621249818000;11594697;153.932;153.952;153.942;0;T;True;3
1621249819000;11594698;153.932;153.952;153.942;0;T;True;3
1621249820000;11594699;153.932;153.952;153.942;0;T;True;3
1621249821000;11594704;153.923;153.943;153.933;4;T;True;3
1621249822000;11594705;153.923;153.943;153.933;0;T;True;3
1621249823000;11594706;153.923;153.943;153.933;0;T;True;3
1621249824000;11594707;153.923;153.943;153.933;0;T;True;3
1621249825000;11594708;153.923;153.943;153.933;0;T;True;3
1621249826000;11594711;153.924;153.944;153.934;2;T;True;3
1621249827000;11594712;153.924;153.944;153.934;0;T;True;3
1621249828000;11594713;153.924;153.944;153.934;0;T;True;3
1621249829000;11594715;153.925;153.945;153.935;1;T;True;3
1621249830000;11594719;153.921;153.941;153.931;3;T;True;3
1621249831000;11594722;153.921;153.941;153.931;2;T;True;3
1621249832000;11594726;153.923;153.943;153.933;3;T;True;3
1621249833000;11594727;153.923;153.943;153.933;0;T;True;3
1621249834000;11594729;153.921;153.941;153.931;1;T;True;3
1621249835000;11594732;153.921;153.941;153.931;2;T;True;3
1621249836000;11594733;153.921;153.941;153.931;0;T;True;3
1621249837000;11594734;153.921;153.941;153.931;0;T;True;3
1621249838000;11594735;153.921;153.941;153.931;0;T;True;3
1621249839000;11594736;153.921;153.941;153.931;0;T;True;3
1621249840000;11594737;153.921;153.941;153.931;0;T;True;3
1621249841000;11594739;153.919;153.939;153.929;1;T;True;3
1621249842000;11594740;153.919;153.939;153.929;0;T;True;3
1621249843000;11594743;153.919;153.939;153.929;2;T;True;3
1621249844000;11594746;153.907;153.927;153.917;2;T;True;3
1621249845000;11594748;153.909;153.929;153.919;1;T;True;3
1621249846000;11594749;153.909;153.929;153.919;0;T;True;3
1621249847000;11594753;153.905;153.925;153.915;3;T;True;3
1621249848000;11594754;153.905;153.925;153.915;0;T;True;3
1621249849000;11594755;153.905;153.925;153.915;0;T;True;3
1621249850000;11594756;153.905;153.925;153.915;0;T;True;3
1621249851000;11594757;153.905;153.925;153.915;0;T;True;3
1621249852000;11594758;153.905;153.925;153.915;0;T;True;3
1621249853000;11594759;153.905;153.925;153.915;0;T;True;3
1621249854000;11594760;153.905;153.925;153.915;0;T;True;3
1621249855000;11594761;153.905;153.925;153.915;0;T;True;3
1621249856000;11594762;153.905;153.925;153.915;0;T;True;3
1621249857000;11594763;153.905;153.925;153.915;0;T;True;3
1621249858000;11594764;153.905;153.925;153.915;0;T;True;3
1621249859000;11594765;153.905;153.925;153.915;0;T;True;3
1621249860000;11594767;153.903;153.923;153.913;1;T;True;3
1621249861000;11594768;153.903;153.923;153.913;0;T;True;3
1621249862000;11594770;153.905;153.925;153.915;1;T;True;3
1621249863000;11594771;153.905;153.925;153.915;0;T;True;3
1621249864000;11594772;153.905;153.925;153.915;0;T;True;3
1621249865000;11594773;153.905;153.925;153.915;0;T;True;3
1621249866000;11594775;153.903;153.923;153.913;1;T;True;3
1621249867000;11594777;153.901;153.921;153.911;1;T;True;3
1621249868000;11594778;153.901;153.921;153.911;0;T;True;3
1621249869000;11594779;153.901;153.921;153.911;0;T;True;3
1621249870000;11594781;153.903;153.923;153.913;1;T;True;3
1621249871000;11594782;153.903;153.923;153.913;0;T;True;3
1621249872000;11594784;153.901;153.921;153.911;1;T;True;3
1621249873000;11594785;153.901;153.921;153.911;0;T;True;3
1621249874000;11594787;153.899;153.919;153.909;1;T;True;3
1621249875000;11594788;153.899;153.919;153.909;0;T;True;3
1621249876000;11594789;153.899;153.919;153.909;0;T;True;3
1621249877000;11594792;153.907;153.927;153.917;2;T;True;3
1621249878000;11594794;153.908;153.928;153.918;1;T;True;3
1621249879000;11594795;153.908;153.928;153.918;0;T;True;3
1621249880000;11594796;153.908;153.928;153.918;0;T;True;3
1621249881000;11594797;153.908;153.928;153.918;0;T;True;3
1621249882000;11594798;153.908;153.928;153.918;0;T;True;3
1621249883000;11594800;153.909;153.929;153.919;1;T;True;3
1621249884000;11594801;153.909;153.929;153.919;0;T;True;3
1621249885000;11594802;153.909;153.929;153.919;0;T;True;3
1621249886000;11594803;153.909;153.929;153.919;0;T;True;3
1621249887000;11594804;153.909;153.929;153.919;0;T;True;3
1621249888000;11594805;153.909;153.929;153.919;0;T;True;3
1621249889000;11594806;153.909;153.929;153.919;0;T;True;3
1621249890000;11594807;153.909;153.929;153.919;0;T;True;3
1621249891000;11594808;153.909;153.929;153.919;0;T;True;3
1621249892000;11594809;153.909;153.929;153.919;0;T;True;3
1621249893000;11594810;153.909;153.929;153.919;0;T;True;3
1621249894000;11594812;153.91;153.93;153.92;1;T;True;3
1621249895000;11594813;153.91;153.93;153.92;0;T;True;3
1621249896000;11594814;153.91;153.93;153.92;0;T;True;3
1621249897000;11594815;153.91;153.93;153.92;0;T;True;3
1621249898000;11594817;153.909;153.929;153.919;1;T;True;3
1621249899000;11594819;153.908;153.928;153.918;1;T;True;3
1621249900000;11594820;153.908;153.928;153.918;0;T;True;3
1621249901000;11594821;153.908;153.928;153.918;0;T;True;3
1621249902000;11594822;153.908;153.928;153.918;0;T;True;3
1621249903000;11594823;153.908;153.928;153.918;0;T;True;3
1621249904000;11594825;153.907;153.927;153.917;1;T;True;3
1621249905000;11594826;153.907;153.927;153.917;0;T;True;3
1621249906000;11594827;153.907;153.927;153.917;0;T;True;3
1621249907000;11594828;153.907;153.927;153.917;0;T;True;3
1621249908000;11594829;153.907;153.927;153.917;0;T;True;3
1621249909000;11594830;153.907;153.927;153.917;0;T;True;3
1621249910000;11594832;153.915;153.935;153.925;1;T;True;3
1621249911000;11594833;153.915;153.935;153.925;0;T;True;3
1621249912000;11594837;153.903;153.923;153.913;3;T;True;3
1621249913000;11594838;153.903;153.923;153.913;0;T;True;3
1621249914000;11594840;153.899;153.919;153.909;1;T;True;3
1621249915000;11594843;153.898;153.918;153.908;2;T;True;3
1621249916000;11594846;153.902;153.922;153.912;2;T;True;3
1621249917000;11594847;153.902;153.922;153.912;0;T;True;3
1621249918000;11594849;153.901;153.921;153.911;1;T;True;3
1621249919000;11594850;153.901;153.921;153.911;0;T;True;3
1621249920000;11594851;153.901;153.921;153.911;0;T;True;3
1621249921000;11594853;153.9;153.92;153.91;1;T;True;3
1621249922000;11594855;153.897;153.917;153.907;1;T;True;3
1621249923000;11594856;153.897;153.917;153.907;0;T;True;3
1621249924000;11594857;153.897;153.917;153.907;0;T;True;3
1621249925000;11594859;153.895;153.915;153.905;1;T;True;3
1621249926000;11594860;153.895;153.915;153.905;0;T;True;3
1621249927000;11594861;153.895;153.915;153.905;0;T;True;3
1621249928000;11594862;153.895;153.915;153.905;0;T;True;3
1621249929000;11594863;153.895;153.915;153.905;0;T;True;3
1621249930000;11594867;153.889;153.909;153.899;3;T;True;3
1621249931000;11594868;153.889;153.909;153.899;0;T;True;3
1621249932000;11594869;153.889;153.909;153.899;0;T;True;3
1621249933000;11594871;153.887;153.907;153.897;1;T;True;3
1621249934000;11594872;153.887;153.907;153.897;0;T;True;3
1621249935000;11594873;153.887;153.907;153.897;0;T;True;3
1621249936000;11594874;153.887;153.907;153.897;0;T;True;3
1621249937000;11594875;153.887;153.907;153.897;0;T;True;3
1621249938000;11594878;153.885;153.905;153.895;2;T;True;3
1621249939000;11594879;153.885;153.905;153.895;0;T;True;3
1621249940000;11594880;153.885;153.905;153.895;0;T;True;3
1621249941000;11594881;153.885;153.905;153.895;0;T;True;3
1621249942000;11594885;153.886;153.906;153.896;3;T;True;3
1621249943000;11594887;153.887;153.907;153.897;1;T;True;3
1621249944000;11594888;153.887;153.907;153.897;0;T;True;3
1621249945000;11594890;153.889;153.909;153.899;1;T;True;3
1621249946000;11594892;153.89;153.91;153.9;1;T;True;3
1621249947000;11594893;153.89;153.91;153.9;0;T;True;3
1621249948000;11594894;153.89;153.91;153.9;0;T;True;3
1621249949000;11594895;153.89;153.91;153.9;0;T;True;3
1621249950000;11594896;153.89;153.91;153.9;0;T;True;3
1621249951000;11594897;153.89;153.91;153.9;0;T;True;3
1621249952000;11594898;153.89;153.91;153.9;0;T;True;3
1621249953000;11594899;153.89;153.91;153.9;0;T;True;3
1621249954000;11594901;153.889;153.909;153.899;1;T;True;3
1621249955000;11594902;153.889;153.909;153.899;0;T;True;3
1621249956000;11594904;153.882;153.902;153.892;1;T;True;3
1621249957000;11594909;153.872;153.892;153.882;4;T;True;3
1621249958000;11594912;153.872;153.892;153.882;2;T;True;3
1621249959000;11594913;153.872;153.892;153.882;0;T;True;3
1621249960000;11594916;153.877;153.897;153.887;2;T;True;3
1621249961000;11594918;153.876;153.896;153.886;1;T;True;3
1621249962000;11594919;153.876;153.896;153.886;0;T;True;3
1621249963000;11594920;153.876;153.896;153.886;0;T;True;3
1621249964000;11594921;153.876;153.896;153.886;0;T;True;3
1621249965000;11594922;153.876;153.896;153.886;0;T;True;3
1621249966000;11594924;153.874;153.894;153.884;1;T;True;3
1621249967000;11594927;153.872;153.892;153.882;2;T;True;3
1621249968000;11594928;153.872;153.892;153.882;0;T;True;3
1621249969000;11594930;153.869;153.889;153.879;1;T;True;3
1621249970000;11594931;153.869;153.889;153.879;0;T;True;3
1621249971000;11594932;153.869;153.889;153.879;0;T;True;3
1621249972000;11594934;153.868;153.888;153.878;1;T;True;3
1621249973000;11594935;153.868;153.888;153.878;0;T;True;3
1621249974000;11594936;153.868;153.888;153.878;0;T;True;3
1621249975000;11594937;153.868;153.888;153.878;0;T;True;3
1621249976000;11594940;153.865;153.885;153.875;2;T;True;3
1621249977000;11594941;153.865;153.885;153.875;0;T;True;3
1621249978000;11594942;153.865;153.885;153.875;0;T;True;3
1621249979000;11594944;153.863;153.883;153.873;1;T;True;3
1621249980000;11594945;153.863;153.883;153.873;0;T;True;3
1621249981000;11594947;153.865;153.885;153.875;1;T;True;3
1621249982000;11594949;153.866;153.886;153.876;1;T;True;3
1621249983000;11594951;153.867;153.887;153.877;1;T;True;3
1621249984000;11594952;153.867;153.887;153.877;0;T;True;3
1621249985000;11594953;153.867;153.887;153.877;0;T;True;3
1621249986000;11594955;153.869;153.889;153.879;1;T;True;3
1621249987000;11594959;153.876;153.896;153.886;3;T;True;3
1621249988000;11594963;153.872;153.892;153.882;3;T;True;3
1621249989000;11594964;153.872;153.892;153.882;0;T;True;3
1621249990000;11594969;153.876;153.896;153.886;4;T;True;3
1621249991000;11594971;153.879;153.899;153.889;1;T;True;3
1621249992000;11594975;153.861;153.881;153.871;3;T;True;3
1621249993000;11594979;153.863;153.883;153.873;3;T;True;3
1621249994000;11594984;153.869;153.889;153.879;4;T;True;3
1621249995000;11594985;153.869;153.889;153.879;0;T;True;3
1621249996000;11594986;153.869;153.889;153.879;0;T;True;3
1621249997000;11594987;153.869;153.889;153.879;0;T;True;3
1621249998000;11594991;153.865;153.885;153.875;3;T;True;3
1621249999000;11594993;153.863;153.883;153.873;1;T;True;3
1621250000000;11594994;153.863;153.883;153.873;0;T;True;3
1621250001000;11594997;153.863;153.883;153.873;2;T;True;3
1621250002000;11594998;153.863;153.883;153.873;0;T;True;3
1621250003000;11595001;153.867;153.887;153.877;2;T;True;3
1621250004000;11595002;153.867;153.887;153.877;0;T;True;3
1621250005000;11595005;153.863;153.883;153.873;2;T;True;3
1621250006000;11595007;153.861;153.881;153.871;1;T;True;3
1621250007000;11595008;153.861;153.881;153.871;0;T;True;3
1621250008000;11595009;153.861;153.881;153.871;0;T;True;3
1621250009000;11595011;153.863;153.883;153.873;1;T;True;3
1621250010000;11595016;153.865;153.885;153.875;4;T;True;3
1621250011000;11595017;153.865;153.885;153.875;0;T;True;3
1621250012000;11595019;153.863;153.883;153.873;1;T;True;3
1621250013000;11595020;153.863;153.883;153.873;0;T;True;3
1621250014000;11595022;153.864;153.884;153.874;1;T;True;3
1621250015000;11595024;153.863;153.883;153.873;1;T;True;3
1621250016000;11595026;153.865;153.885;153.875;1;T;True;3
1621250017000;11595027;153.865;153.885;153.875;0;T;True;3
1621250018000;11595028;153.865;153.885;153.875;0;T;True;3
1621250019000;11595029;153.865;153.885;153.875;0;T;True;3
1621250020000;11595030;153.865;153.885;153.875;0;T;True;3
1621250021000;11595031;153.865;153.885;153.875;0;T;True;3
1621250022000;11595032;153.865;153.885;153.875;0;T;True;3
1621250023000;11595034;153.867;153.887;153.877;1;T;True;3
1621250024000;11595035;153.867;153.887;153.877;0;T;True;3
1621250025000;11595036;153.867;153.887;153.877;0;T;True;3
1621250026000;11595037;153.867;153.887;153.877;0;T;True;3
1621250027000;11595038;153.867;153.887;153.877;0;T;True;3
1621250028000;11595039;153.867;153.887;153.877;0;T;True;3
1621250029000;11595042;153.861;153.881;153.871;2;T;True;3
1621250030000;11595043;153.861;153.881;153.871;0;T;True;3
1621250031000;11595045;153.863;153.883;153.873;1;T;True;3
1621250032000;11595047;153.861;153.881;153.871;1;T;True;3
1621250033000;11595048;153.861;153.881;153.871;0;T;True;3
1621250034000;11595050;153.863;153.883;153.873;1;T;True;3
1621250035000;11595052;153.861;153.881;153.871;1;T;True;3
1621250036000;11595054;153.859;153.879;153.869;1;T;True;3
1621250037000;11595055;153.859;153.879;153.869;0;T;True;3
1621250038000;11595056;153.859;153.879;153.869;0;T;True;3
1621250039000;11595057;153.859;153.879;153.869;0;T;True;3
1621250040000;11595058;153.859;153.879;153.869;0;T;True;3
1621250041000;11595061;153.859;153.879;153.869;2;T;True;3
1621250042000;11595062;153.859;153.879;153.869;0;T;True;3
1621250043000;11595065;153.853;153.873;153.863;2;T;True;3
1621250044000;11595066;153.853;153.873;153.863;0;T;True;3
1621250045000;11595067;153.853;153.873;153.863;0;T;True;3
1621250046000;11595068;153.853;153.873;153.863;0;T;True;3
1621250047000;11595071;153.852;153.872;153.862;2;T;True;3
1621250048000;11595073;153.849;153.869;153.859;1;T;True;3
1621250049000;11595075;153.851;153.871;153.861;1;T;True;3
1621250050000;11595077;153.852;153.872;153.862;1;T;True;3
1621250051000;11595078;153.852;153.872;153.862;0;T;True;3
1621250052000;11595079;153.852;153.872;153.862;0;T;True;3
1621250053000;11595082;153.854;153.874;153.864;2;T;True;3
1621250054000;11595083;153.854;153.874;153.864;0;T;True;3
1621250055000;11595085;153.855;153.875;153.865;1;T;True;3
1621250056000;11595086;153.855;153.875;153.865;0;T;True;3
1621250057000;11595087;153.855;153.875;153.865;0;T;True;3
1621250058000;11595088;153.855;153.875;153.865;0;T;True;3
1621250059000;11595089;153.855;153.875;153.865;0;T;True;3
1621250060000;11595090;153.855;153.875;153.865;0;T;True;3
1621250061000;11595091;153.855;153.875;153.865;0;T;True;3
1621250062000;11595092;153.855;153.875;153.865;0;T;True;3
1621250063000;11595093;153.855;153.875;153.865;0;T;True;3
1621250064000;11595094;153.855;153.875;153.865;0;T;True;3
1621250065000;11595095;153.855;153.875;153.865;0;T;True;3
1621250066000;11595096;153.855;153.875;153.865;0;T;True;3
1621250067000;11595097;153.855;153.875;153.865;0;T;True;3
1621250068000;11595098;153.855;153.875;153.865;0;T;True;3
1621250069000;11595099;153.855;153.875;153.865;0;T;True;3
1621250070000;11595100;153.855;153.875;153.865;0;T;True;3
1621250071000;11595101;153.855;153.875;153.865;0;T;True;3
1621250072000;11595102;153.855;153.875;153.865;0;T;True;3
1621250073000;11595104;153.854;153.874;153.864;1;T;True;3
1621250074000;11595105;153.854;153.874;153.864;0;T;True;3
1621250075000;11595106;153.854;153.874;153.864;0;T;True;3
1621250076000;11595107;153.854;153.874;153.864;0;T;True;3
1621250077000;11595108;153.854;153.874;153.864;0;T;True;3
1621250078000;11595109;153.854;153.874;153.864;0;T;True;3
1621250079000;11595110;153.854;153.874;153.864;0;T;True;3
1621250080000;11595111;153.854;153.874;153.864;0;T;True;3
1621250081000;11595112;153.854;153.874;153.864;0;T;True;3
1621250082000;11595113;153.854;153.874;153.864;0;T;True;3
1621250083000;11595114;153.854;153.874;153.864;0;T;True;3
1621250084000;11595115;153.854;153.874;153.864;0;T;True;3
1621250085000;11595117;153.855;153.875;153.865;1;T;True;3
1621250086000;11595118;153.855;153.875;153.865;0;T;True;3
1621250087000;11595119;153.855;153.875;153.865;0;T;True;3
1621250088000;11595120;153.855;153.875;153.865;0;T;True;3
1621250089000;11595125;153.863;153.883;153.873;4;T;True;3
1621250090000;11595128;153.86;153.88;153.87;2;T;True;3
1621250091000;11595130;153.859;153.879;153.869;1;T;True;3
1621250092000;11595131;153.859;153.879;153.869;0;T;True;3
1621250093000;11595132;153.859;153.879;153.869;0;T;True;3
1621250094000;11595133;153.859;153.879;153.869;0;T;True;3
1621250095000;11595134;153.859;153.879;153.869;0;T;True;3
1621250096000;11595135;153.859;153.879;153.869;0;T;True;3
1621250097000;11595136;153.859;153.879;153.869;0;T;True;3
1621250098000;11595137;153.859;153.879;153.869;0;T;True;3
1621250099000;11595138;153.859;153.879;153.869;0;T;True;3
1621250100000;11595141;153.861;153.881;153.871;2;T;True;3
1621250101000;11595143;153.863;153.883;153.873;1;T;True;3
1621250102000;11595146;153.863;153.883;153.873;2;T;True;3
1621250103000;11595147;153.863;153.883;153.873;0;T;True;3
1621250104000;11595150;153.869;153.889;153.879;2;T;True;3
1621250105000;11595151;153.869;153.889;153.879;0;T;True;3
1621250106000;11595154;153.871;153.891;153.881;2;T;True;3
1621250107000;11595158;153.869;153.889;153.879;3;T;True;3
1621250108000;11595164;153.87;153.89;153.88;5;T;True;3
1621250109000;11595165;153.87;153.89;153.88;0;T;True;3
1621250110000;11595166;153.87;153.89;153.88;0;T;True;3
1621250111000;11595169;153.866;153.886;153.876;2;T;True;3
1621250112000;11595170;153.866;153.886;153.876;0;T;True;3
1621250113000;11595174;153.864;153.884;153.874;3;T;True;3
1621250114000;11595177;153.863;153.883;153.873;2;T;True;3
1621250115000;11595181;153.861;153.881;153.871;3;T;True;3
1621250116000;11595182;153.861;153.881;153.871;0;T;True;3
1621250117000;11595183;153.861;153.881;153.871;0;T;True;3
1621250118000;11595185;153.863;153.883;153.873;1;T;True;3
1621250119000;11595186;153.863;153.883;153.873;0;T;True;3
1621250120000;11595189;153.864;153.884;153.874;2;T;True;3
1621250121000;11595190;153.864;153.884;153.874;0;T;True;3
1621250122000;11595192;153.863;153.883;153.873;1;T;True;3
1621250123000;11595193;153.863;153.883;153.873;0;T;True;3
1621250124000;11595196;153.864;153.884;153.874;2;T;True;3
1621250125000;11595197;153.864;153.884;153.874;0;T;True;3
1621250126000;11595199;153.863;153.883;153.873;1;T;True;3
1621250127000;11595201;153.864;153.884;153.874;1;T;True;3
1621250128000;11595202;153.864;153.884;153.874;0;T;True;3
1621250129000;11595203;153.864;153.884;153.874;0;T;True;3
1621250130000;11595204;153.864;153.884;153.874;0;T;True;3
1621250131000;11595207;153.863;153.883;153.873;2;T;True;3
1621250132000;11595210;153.863;153.883;153.873;2;T;True;3
1621250133000;11595212;153.865;153.885;153.875;1;T;True;3
1621250134000;11595214;153.863;153.883;153.873;1;T;True;3
1621250135000;11595215;153.863;153.883;153.873;0;T;True;3
1621250136000;11595217;153.862;153.882;153.872;1;T;True;3
1621250137000;11595218;153.862;153.882;153.872;0;T;True;3
1621250138000;11595219;153.862;153.882;153.872;0;T;True;3
1621250139000;11595220;153.862;153.882;153.872;0;T;True;3
1621250140000;11595221;153.862;153.882;153.872;0;T;True;3
1621250141000;11595222;153.862;153.882;153.872;0;T;True;3
1621250142000;11595223;153.862;153.882;153.872;0;T;True;3
1621250143000;11595224;153.862;153.882;153.872;0;T;True;3
1621250144000;11595225;153.862;153.882;153.872;0;T;True;3
1621250145000;11595227;153.861;153.881;153.871;1;T;True;3
1621250146000;11595232;153.864;153.884;153.874;4;T;True;3
1621250147000;11595233;153.864;153.884;153.874;0;T;True;3
1621250148000;11595235;153.861;153.881;153.871;1;T;True;3
1621250149000;11595236;153.861;153.881;153.871;0;T;True;3
1621250150000;11595237;153.861;153.881;153.871;0;T;True;3
1621250151000;11595238;153.861;153.881;153.871;0;T;True;3
1621250152000;11595239;153.861;153.881;153.871;0;T;True;3
1621250153000;11595241;153.863;153.883;153.873;1;T;True;3
1621250154000;11595242;153.863;153.883;153.873;0;T;True;3
1621250155000;11595243;153.863;153.883;153.873;0;T;True;3
1621250156000;11595244;153.863;153.883;153.873;0;T;True;3
1621250157000;11595245;153.863;153.883;153.873;0;T;True;3
1621250158000;11595247;153.861;153.881;153.871;1;T;True;3
1621250159000;11595248;153.861;153.881;153.871;0;T;True;3
1621250160000;11595250;153.858;153.878;153.868;1;T;True;3
1621250161000;11595251;153.858;153.878;153.868;0;T;True;3
1621250162000;11595252;153.858;153.878;153.868;0;T;True;3
1621250163000;11595255;153.861;153.881;153.871;2;T;True;3
1621250164000;11595256;153.861;153.881;153.871;0;T;True;3
1621250165000;11595257;153.861;153.881;153.871;0;T;True;3
1621250166000;11595258;153.861;153.881;153.871;0;T;True;3
1621250167000;11595259;153.861;153.881;153.871;0;T;True;3
1621250168000;11595261;153.859;153.879;153.869;1;T;True;3
1621250169000;11595265;153.857;153.877;153.867;3;T;True;3
1621250170000;11595266;153.857;153.877;153.867;0;T;True;3
1621250171000;11595267;153.857;153.877;153.867;0;T;True;3
1621250172000;11595270;153.86;153.88;153.87;2;T;True;3
1621250173000;11595273;153.857;153.877;153.867;2;T;True;3
1621250174000;11595274;153.857;153.877;153.867;0;T;True;3
1621250175000;11595275;153.857;153.877;153.867;0;T;True;3
1621250176000;11595276;153.857;153.877;153.867;0;T;True;3
1621250177000;11595277;153.857;153.877;153.867;0;T;True;3
1621250178000;11595278;153.857;153.877;153.867;0;T;True;3
1621250179000;11595279;153.857;153.877;153.867;0;T;True;3
1621250180000;11595281;153.859;153.879;153.869;1;T;True;3
1621250181000;11595284;153.866;153.886;153.876;2;T;True;3
1621250182000;11595287;153.863;153.883;153.873;2;T;True;3
1621250183000;11595289;153.864;153.884;153.874;1;T;True;3
1621250184000;11595290;153.864;153.884;153.874;0;T;True;3
1621250185000;11595292;153.863;153.883;153.873;1;T;True;3
1621250186000;11595293;153.863;153.883;153.873;0;T;True;3
1621250187000;11595294;153.863;153.883;153.873;0;T;True;3
1621250188000;11595295;153.863;153.883;153.873;0;T;True;3
1621250189000;11595296;153.863;153.883;153.873;0;T;True;3
1621250190000;11595297;153.863;153.883;153.873;0;T;True;3
1621250191000;11595298;153.863;153.883;153.873;0;T;True;3
1621250192000;11595300;153.865;153.885;153.875;1;T;True;3
1621250193000;11595303;153.865;153.885;153.875;2;T;True;3
1621250194000;11595304;153.865;153.885;153.875;0;T;True;3
1621250195000;11595307;153.865;153.885;153.875;2;T;True;3
1621250196000;11595308;153.865;153.885;153.875;0;T;True;3
1621250197000;11595309;153.865;153.885;153.875;0;T;True;3
1621250198000;11595310;153.865;153.885;153.875;0;T;True;3
1621250199000;11595311;153.865;153.885;153.875;0;T;True;3
1621250200000;11595314;153.871;153.891;153.881;2;T;True;3
1621250201000;11595315;153.871;153.891;153.881;0;T;True;3
1621250202000;11595316;153.871;153.891;153.881;0;T;True;3
1621250203000;11595317;153.871;153.891;153.881;0;T;True;3
1621250204000;11595319;153.869;153.889;153.879;1;T;True;3
1621250205000;11595322;153.872;153.892;153.882;2;T;True;3
1621250206000;11595323;153.872;153.892;153.882;0;T;True;3
1621250207000;11595325;153.874;153.894;153.884;1;T;True;3
1621250208000;11595328;153.877;153.897;153.887;2;T;True;3
1621250209000;11595329;153.877;153.897;153.887;0;T;True;3
1621250210000;11595330;153.877;153.897;153.887;0;T;True;3
1621250211000;11595331;153.877;153.897;153.887;0;T;True;3
1621250212000;11595334;153.882;153.902;153.892;2;T;True;3
1621250213000;11595336;153.881;153.901;153.891;1;T;True;3
1621250214000;11595338;153.883;153.903;153.893;1;T;True;3
1621250215000;11595339;153.883;153.903;153.893;0;T;True;3
1621250216000;11595341;153.881;153.901;153.891;1;T;True;3
1621250217000;11595342;153.881;153.901;153.891;0;T;True;3
1621250218000;11595344;153.887;153.907;153.897;1;T;True;3
1621250219000;11595350;153.889;153.909;153.899;5;T;True;3
1621250220000;11595351;153.889;153.909;153.899;0;T;True;3
1621250221000;11595353;153.888;153.908;153.898;1;T;True;3
1621250222000;11595356;153.886;153.906;153.896;2;T;True;3
1621250223000;11595360;153.885;153.905;153.895;3;T;True;3
1621250224000;11595361;153.885;153.905;153.895;0;T;True;3
1621250225000;11595363;153.883;153.903;153.893;1;T;True;3
1621250226000;11595364;153.883;153.903;153.893;0;T;True;3
1621250227000;11595365;153.883;153.903;153.893;0;T;True;3
1621250228000;11595366;153.883;153.903;153.893;0;T;True;3
1621250229000;11595367;153.883;153.903;153.893;0;T;True;3
1621250230000;11595368;153.883;153.903;153.893;0;T;True;3
1621250231000;11595369;153.883;153.903;153.893;0;T;True;3
1621250232000;11595371;153.885;153.905;153.895;1;T;True;3
1621250233000;11595376;153.876;153.896;153.886;4;T;True;3
1621250234000;11595377;153.876;153.896;153.886;0;T;True;3
1621250235000;11595379;153.874;153.894;153.884;1;T;True;3
1621250236000;11595381;153.873;153.893;153.883;1;T;True;3
1621250237000;11595382;153.873;153.893;153.883;0;T;True;3
1621250238000;11595383;153.873;153.893;153.883;0;T;True;3
1621250239000;11595388;153.863;153.883;153.873;4;T;True;3
1621250240000;11595390;153.861;153.881;153.871;1;T;True;3
1621250241000;11595393;153.86;153.88;153.87;2;T;True;3
1621250242000;11595394;153.86;153.88;153.87;0;T;True;3
1621250243000;11595396;153.859;153.879;153.869;1;T;True;3
1621250244000;11595397;153.859;153.879;153.869;0;T;True;3
1621250245000;11595400;153.857;153.877;153.867;2;T;True;3
1621250246000;11595403;153.849;153.869;153.859;2;T;True;3
1621250247000;11595404;153.849;153.869;153.859;0;T;True;3
1621250248000;11595405;153.849;153.869;153.859;0;T;True;3
1621250249000;11595406;153.849;153.869;153.859;0;T;True;3
1621250250000;11595408;153.846;153.866;153.856;1;T;True;3
1621250251000;11595409;153.846;153.866;153.856;0;T;True;3
1621250252000;11595410;153.846;153.866;153.856;0;T;True;3
1621250253000;11595411;153.846;153.866;153.856;0;T;True;3
1621250254000;11595414;153.843;153.863;153.853;2;T;True;3
1621250255000;11595415;153.843;153.863;153.853;0;T;True;3
1621250256000;11595417;153.847;153.867;153.857;1;T;True;3
1621250257000;11595418;153.847;153.867;153.857;0;T;True;3
1621250258000;11595419;153.847;153.867;153.857;0;T;True;3
1621250259000;11595420;153.847;153.867;153.857;0;T;True;3
1621250260000;11595422;153.848;153.868;153.858;1;T;True;3
1621250261000;11595423;153.848;153.868;153.858;0;T;True;3
1621250262000;11595425;153.849;153.869;153.859;1;T;True;3
1621250263000;11595426;153.849;153.869;153.859;0;T;True;3
1621250264000;11595427;153.849;153.869;153.859;0;T;True;3
1621250265000;11595428;153.849;153.869;153.859;0;T;True;3
1621250266000;11595429;153.849;153.869;153.859;0;T;True;3
1621250267000;11595430;153.849;153.869;153.859;0;T;True;3
1621250268000;11595431;153.849;153.869;153.859;0;T;True;3
1621250269000;11595433;153.851;153.871;153.861;1;T;True;3
1621250270000;11595434;153.851;153.871;153.861;0;T;True;3
1621250271000;11595436;153.853;153.873;153.863;1;T;True;3
1621250272000;11595437;153.853;153.873;153.863;0;T;True;3
1621250273000;11595439;153.858;153.878;153.868;1;T;True;3
1621250274000;11595441;153.861;153.881;153.871;1;T;True;3
1621250275000;11595443;153.856;153.876;153.866;1;T;True;3
1621250276000;11595444;153.856;153.876;153.866;0;T;True;3
1621250277000;11595445;153.856;153.876;153.866;0;T;True;3
1621250278000;11595448;153.853;153.873;153.863;2;T;True;3
1621250279000;11595449;153.853;153.873;153.863;0;T;True;3
1621250280000;11595451;153.851;153.871;153.861;1;T;True;3
1621250281000;11595454;153.853;153.873;153.863;2;T;True;3
1621250282000;11595455;153.853;153.873;153.863;0;T;True;3
1621250283000;11595456;153.853;153.873;153.863;0;T;True;3
1621250284000;11595459;153.857;153.877;153.867;2;T;True;3
1621250285000;11595460;153.857;153.877;153.867;0;T;True;3
1621250286000;11595462;153.859;153.879;153.869;1;T;True;3
1621250287000;11595463;153.859;153.879;153.869;0;T;True;3
1621250288000;11595464;153.859;153.879;153.869;0;T;True;3
1621250289000;11595465;153.859;153.879;153.869;0;T;True;3
1621250290000;11595466;153.859;153.879;153.869;0;T;True;3
1621250291000;11595471;153.853;153.873;153.863;4;T;True;3
1621250292000;11595472;153.853;153.873;153.863;0;T;True;3
1621250293000;11595473;153.853;153.873;153.863;0;T;True;3
1621250294000;11595474;153.853;153.873;153.863;0;T;True;3
1621250295000;11595477;153.85;153.87;153.86;2;T;True;3
1621250296000;11595478;153.85;153.87;153.86;0;T;True;3
1621250297000;11595479;153.85;153.87;153.86;0;T;True;3
1621250298000;11595481;153.849;153.869;153.859;1;T;True;3
1621250299000;11595482;153.849;153.869;153.859;0;T;True;3
1621250300000;11595486;153.856;153.876;153.866;3;T;True;3
1621250301000;11595487;153.856;153.876;153.866;0;T;True;3
1621250302000;11595488;153.856;153.876;153.866;0;T;True;3
1621250303000;11595489;153.856;153.876;153.866;0;T;True;3
1621250304000;11595491;153.855;153.875;153.865;1;T;True;3
1621250305000;11595492;153.855;153.875;153.865;0;T;True;3
1621250306000;11595493;153.855;153.875;153.865;0;T;True;3
1621250307000;11595494;153.855;153.875;153.865;0;T;True;3
1621250308000;11595495;153.855;153.875;153.865;0;T;True;3
1621250309000;11595498;153.848;153.868;153.858;2;T;True;3
1621250310000;11595499;153.848;153.868;153.858;0;T;True;3
1621250311000;11595503;153.849;153.869;153.859;3;T;True;3
1621250312000;11595504;153.849;153.869;153.859;0;T;True;3
1621250313000;11595506;153.847;153.867;153.857;1;T;True;3
1621250314000;11595507;153.847;153.867;153.857;0;T;True;3
1621250315000;11595508;153.847;153.867;153.857;0;T;True;3
1621250316000;11595510;153.849;153.869;153.859;1;T;True;3
1621250317000;11595511;153.849;153.869;153.859;0;T;True;3
1621250318000;11595513;153.847;153.867;153.857;1;T;True;3
1621250319000;11595514;153.847;153.867;153.857;0;T;True;3
1621250320000;11595516;153.849;153.869;153.859;1;T;True;3
1621250321000;11595517;153.849;153.869;153.859;0;T;True;3
1621250322000;11595518;153.849;153.869;153.859;0;T;True;3
1621250323000;11595519;153.849;153.869;153.859;0;T;True;3
1621250324000;11595520;153.849;153.869;153.859;0;T;True;3
1621250325000;11595521;153.849;153.869;153.859;0;T;True;3
1621250326000;11595522;153.849;153.869;153.859;0;T;True;3
1621250327000;11595523;153.849;153.869;153.859;0;T;True;3
1621250328000;11595524;153.849;153.869;153.859;0;T;True;3
1621250329000;11595526;153.847;153.867;153.857;1;T;True;3
1621250330000;11595527;153.847;153.867;153.857;0;T;True;3
1621250331000;11595528;153.847;153.867;153.857;0;T;True;3
1621250332000;11595529;153.847;153.867;153.857;0;T;True;3
1621250333000;11595530;153.847;153.867;153.857;0;T;True;3
1621250334000;11595533;153.847;153.867;153.857;2;T;True;3
1621250335000;11595534;153.847;153.867;153.857;0;T;True;3
1621250336000;11595535;153.847;153.867;153.857;0;T;True;3
1621250337000;11595537;153.845;153.865;153.855;1;T;True;3
1621250338000;11595538;153.845;153.865;153.855;0;T;True;3
1621250339000;11595542;153.847;153.867;153.857;3;T;True;3
1621250340000;11595543;153.847;153.867;153.857;0;T;True;3
1621250341000;11595544;153.847;153.867;153.857;0;T;True;3
1621250342000;11595545;153.847;153.867;153.857;0;T;True;3
1621250343000;11595546;153.847;153.867;153.857;0;T;True;3
1621250344000;11595547;153.847;153.867;153.857;0;T;True;3
1621250345000;11595550;153.845;153.865;153.855;2;T;True;3
1621250346000;11595551;153.845;153.865;153.855;0;T;True;3
1621250347000;11595552;153.845;153.865;153.855;0;T;True;3
1621250348000;11595554;153.847;153.867;153.857;1;T;True;3
1621250349000;11595555;153.847;153.867;153.857;0;T;True;3
1621250350000;11595556;153.847;153.867;153.857;0;T;True;3
1621250351000;11595557;153.847;153.867;153.857;0;T;True;3
1621250352000;11595558;153.847;153.867;153.857;0;T;True;3
1621250353000;11595559;153.847;153.867;153.857;0;T;True;3
1621250354000;11595560;153.847;153.867;153.857;0;T;True;3
1621250355000;11595561;153.847;153.867;153.857;0;T;True;3
1621250356000;11595562;153.847;153.867;153.857;0;T;True;3
1621250357000;11595563;153.847;153.867;153.857;0;T;True;3
1621250358000;11595564;153.847;153.867;153.857;0;T;True;3
1621250359000;11595565;153.847;153.867;153.857;0;T;True;3
1621250360000;11595566;153.847;153.867;153.857;0;T;True;3
1621250361000;11595567;153.847;153.867;153.857;0;T;True;3
1621250362000;11595568;153.847;153.867;153.857;0;T;True;3
1621250363000;11595574;153.865;153.885;153.875;5;T;True;3
1621250364000;11595575;153.865;153.885;153.875;0;T;True;3
1621250365000;11595576;153.865;153.885;153.875;0;T;True;3
1621250366000;11595577;153.865;153.885;153.875;0;T;True;3
1621250367000;11595580;153.864;153.884;153.874;2;T;True;3
1621250368000;11595583;153.867;153.887;153.877;2;T;True;3
1621250369000;11595584;153.867;153.887;153.877;0;T;True;3
1621250370000;11595586;153.865;153.885;153.875;1;T;True;3
1621250371000;11595587;153.865;153.885;153.875;0;T;True;3
1621250372000;11595588;153.865;153.885;153.875;0;T;True;3
1621250373000;11595592;153.866;153.886;153.876;3;T;True;3
1621250374000;11595593;153.866;153.886;153.876;0;T;True;3
1621250375000;11595595;153.865;153.885;153.875;1;T;True;3
1621250376000;11595598;153.865;153.885;153.875;2;T;True;3
1621250377000;11595599;153.865;153.885;153.875;0;T;True;3
1621250378000;11595600;153.865;153.885;153.875;0;T;True;3
1621250379000;11595602;153.863;153.883;153.873;1;T;True;3
1621250380000;11595603;153.863;153.883;153.873;0;T;True;3
1621250381000;11595607;153.86;153.88;153.87;3;T;True;3
1621250382000;11595609;153.859;153.879;153.869;1;T;True;3
1621250383000;11595611;153.857;153.877;153.867;1;T;True;3
1621250384000;11595612;153.857;153.877;153.867;0;T;True;3
1621250385000;11595613;153.857;153.877;153.867;0;T;True;3
1621250386000;11595614;153.857;153.877;153.867;0;T;True;3
1621250387000;11595615;153.857;153.877;153.867;0;T;True;3
1621250388000;11595617;153.855;153.875;153.865;1;T;True;3
1621250389000;11595618;153.855;153.875;153.865;0;T;True;3
1621250390000;11595619;153.855;153.875;153.865;0;T;True;3
1621250391000;11595620;153.855;153.875;153.865;0;T;True;3
1621250392000;11595621;153.855;153.875;153.865;0;T;True;3
1621250393000;11595623;153.856;153.876;153.866;1;T;True;3
1621250394000;11595625;153.855;153.875;153.865;1;T;True;3
1621250395000;11595626;153.855;153.875;153.865;0;T;True;3
1621250396000;11595628;153.856;153.876;153.866;1;T;True;3
1621250397000;11595629;153.856;153.876;153.866;0;T;True;3
1621250398000;11595630;153.856;153.876;153.866;0;T;True;3
1621250399000;11595634;153.858;153.878;153.868;3;T;True;3
1621250400000;11595635;153.858;153.878;153.868;0;T;True;3
1621250401000;11595640;153.855;153.875;153.865;4;T;True;3
1621250402000;11595643;153.857;153.877;153.867;2;T;True;3
1621250403000;11595644;153.857;153.877;153.867;0;T;True;3
1621250404000;11595645;153.857;153.877;153.867;0;T;True;3
1621250405000;11595648;153.856;153.876;153.866;2;T;True;3
1621250406000;11595649;153.856;153.876;153.866;0;T;True;3
1621250407000;11595652;153.851;153.871;153.861;2;T;True;3
1621250408000;11595657;153.846;153.866;153.856;4;T;True;3
1621250409000;11595658;153.846;153.866;153.856;0;T;True;3
1621250410000;11595659;153.846;153.866;153.856;0;T;True;3
1621250411000;11595660;153.846;153.866;153.856;0;T;True;3
1621250412000;11595661;153.846;153.866;153.856;0;T;True;3
1621250413000;11595663;153.845;153.865;153.855;1;T;True;3
1621250414000;11595665;153.843;153.863;153.853;1;T;True;3
1621250415000;11595666;153.843;153.863;153.853;0;T;True;3
1621250416000;11595667;153.843;153.863;153.853;0;T;True;3
1621250417000;11595669;153.841;153.861;153.851;1;T;True;3
1621250418000;11595670;153.841;153.861;153.851;0;T;True;3
1621250419000;11595674;153.835;153.855;153.845;3;T;True;3
1621250420000;11595675;153.835;153.855;153.845;0;T;True;3
1621250421000;11595676;153.835;153.855;153.845;0;T;True;3
1621250422000;11595677;153.835;153.855;153.845;0;T;True;3
1621250423000;11595678;153.835;153.855;153.845;0;T;True;3
1621250424000;11595679;153.835;153.855;153.845;0;T;True;3
1621250425000;11595680;153.835;153.855;153.845;0;T;True;3
1621250426000;11595681;153.835;153.855;153.845;0;T;True;3
1621250427000;11595682;153.835;153.855;153.845;0;T;True;3
1621250428000;11595683;153.835;153.855;153.845;0;T;True;3
1621250429000;11595684;153.835;153.855;153.845;0;T;True;3
1621250430000;11595685;153.835;153.855;153.845;0;T;True;3
1621250431000;11595686;153.835;153.855;153.845;0;T;True;3
1621250432000;11595687;153.835;153.855;153.845;0;T;True;3
1621250433000;11595691;153.841;153.861;153.851;3;T;True;3
1621250434000;11595693;153.842;153.862;153.852;1;T;True;3
1621250435000;11595695;153.843;153.863;153.853;1;T;True;3
1621250436000;11595696;153.843;153.863;153.853;0;T;True;3
1621250437000;11595697;153.843;153.863;153.853;0;T;True;3
1621250438000;11595698;153.843;153.863;153.853;0;T;True;3
1621250439000;11595702;153.839;153.859;153.849;3;T;True;3
1621250440000;11595703;153.839;153.859;153.849;0;T;True;3
1621250441000;11595704;153.839;153.859;153.849;0;T;True;3
1621250442000;11595707;153.836;153.856;153.846;2;T;True;3
1621250443000;11595711;153.841;153.861;153.851;3;T;True;3
1621250444000;11595712;153.841;153.861;153.851;0;T;True;3
1621250445000;11595713;153.841;153.861;153.851;0;T;True;3
1621250446000;11595716;153.837;153.857;153.847;2;T;True;3
1621250447000;11595721;153.838;153.858;153.848;4;T;True;3
1621250448000;11595722;153.838;153.858;153.848;0;T;True;3
1621250449000;11595724;153.837;153.857;153.847;1;T;True;3
1621250450000;11595726;153.839;153.859;153.849;1;T;True;3
1621250451000;11595727;153.839;153.859;153.849;0;T;True;3
1621250452000;11595728;153.839;153.859;153.849;0;T;True;3
1621250453000;11595730;153.84;153.86;153.85;1;T;True;3
1621250454000;11595732;153.839;153.859;153.849;1;T;True;3
1621250455000;11595734;153.837;153.857;153.847;1;T;True;3
1621250456000;11595735;153.837;153.857;153.847;0;T;True;3
1621250457000;11595736;153.837;153.857;153.847;0;T;True;3
1621250458000;11595738;153.839;153.859;153.849;1;T;True;3
1621250459000;11595740;153.84;153.86;153.85;1;T;True;3
1621250460000;11595741;153.84;153.86;153.85;0;T;True;3
1621250461000;11595743;153.841;153.861;153.851;1;T;True;3
1621250462000;11595744;153.841;153.861;153.851;0;T;True;3
1621250463000;11595747;153.841;153.861;153.851;2;T;True;3
1621250464000;11595748;153.841;153.861;153.851;0;T;True;3
1621250465000;11595749;153.841;153.861;153.851;0;T;True;3
1621250466000;11595750;153.841;153.861;153.851;0;T;True;3
1621250467000;11595752;153.843;153.863;153.853;1;T;True;3
1621250468000;11595754;153.841;153.861;153.851;1;T;True;3
1621250469000;11595755;153.841;153.861;153.851;0;T;True;3
1621250470000;11595757;153.843;153.863;153.853;1;T;True;3
1621250471000;11595760;153.846;153.866;153.856;2;T;True;3
1621250472000;11595761;153.846;153.866;153.856;0;T;True;3
1621250473000;11595765;153.845;153.865;153.855;3;T;True;3
1621250474000;11595768;153.844;153.864;153.854;2;T;True;3
1621250475000;11595769;153.844;153.864;153.854;0;T;True;3
1621250476000;11595771;153.845;153.865;153.855;1;T;True;3
1621250477000;11595775;153.859;153.879;153.869;3;T;True;3
1621250478000;11595776;153.859;153.879;153.869;0;T;True;3
1621250479000;11595779;153.865;153.885;153.875;2;T;True;3
1621250480000;11595780;153.865;153.885;153.875;0;T;True;3
1621250481000;11595781;153.865;153.885;153.875;0;T;True;3
1621250482000;11595782;153.865;153.885;153.875;0;T;True;3
1621250483000;11595783;153.865;153.885;153.875;0;T;True;3
1621250484000;11595785;153.863;153.883;153.873;1;T;True;3
1621250485000;11595786;153.863;153.883;153.873;0;T;True;3
1621250486000;11595787;153.863;153.883;153.873;0;T;True;3
1621250487000;11595788;153.863;153.883;153.873;0;T;True;3
1621250488000;11595789;153.863;153.883;153.873;0;T;True;3
1621250489000;11595790;153.863;153.883;153.873;0;T;True;3
1621250490000;11595792;153.865;153.885;153.875;1;T;True;3
1621250491000;11595793;153.865;153.885;153.875;0;T;True;3
1621250492000;11595794;153.865;153.885;153.875;0;T;True;3
1621250493000;11595795;153.865;153.885;153.875;0;T;True;3
1621250494000;11595796;153.865;153.885;153.875;0;T;True;3
1621250495000;11595797;153.865;153.885;153.875;0;T;True;3
1621250496000;11595798;153.865;153.885;153.875;0;T;True;3
1621250497000;11595799;153.865;153.885;153.875;0;T;True;3
1621250498000;11595800;153.865;153.885;153.875;0;T;True;3
1621250499000;11595802;153.863;153.883;153.873;1;T;True;3
1621250500000;11595803;153.863;153.883;153.873;0;T;True;3
1621250501000;11595804;153.863;153.883;153.873;0;T;True;3
1621250502000;11595805;153.863;153.883;153.873;0;T;True;3
1621250503000;11595806;153.863;153.883;153.873;0;T;True;3
1621250504000;11595807;153.863;153.883;153.873;0;T;True;3
1621250505000;11595808;153.863;153.883;153.873;0;T;True;3
1621250506000;11595809;153.863;153.883;153.873;0;T;True;3
1621250507000;11595810;153.863;153.883;153.873;0;T;True;3
1621250508000;11595811;153.863;153.883;153.873;0;T;True;3
1621250509000;11595812;153.863;153.883;153.873;0;T;True;3
1621250510000;11595814;153.86;153.88;153.87;1;T;True;3
1621250511000;11595816;153.861;153.881;153.871;1;T;True;3
1621250512000;11595817;153.861;153.881;153.871;0;T;True;3
1621250513000;11595818;153.861;153.881;153.871;0;T;True;3
1621250514000;11595819;153.861;153.881;153.871;0;T;True;3
1621250515000;11595820;153.861;153.881;153.871;0;T;True;3
1621250516000;11595821;153.861;153.881;153.871;0;T;True;3
1621250517000;11595823;153.86;153.88;153.87;1;T;True;3
1621250518000;11595825;153.859;153.879;153.869;1;T;True;3
1621250519000;11595826;153.859;153.879;153.869;0;T;True;3
1621250520000;11595827;153.859;153.879;153.869;0;T;True;3
1621250521000;11595828;153.859;153.879;153.869;0;T;True;3
1621250522000;11595829;153.859;153.879;153.869;0;T;True;3
1621250523000;11595830;153.859;153.879;153.869;0;T;True;3
1621250524000;11595831;153.859;153.879;153.869;0;T;True;3
1621250525000;11595832;153.859;153.879;153.869;0;T;True;3
1621250526000;11595835;153.857;153.877;153.867;2;T;True;3
1621250527000;11595836;153.857;153.877;153.867;0;T;True;3
1621250528000;11595837;153.857;153.877;153.867;0;T;True;3
1621250529000;11595838;153.857;153.877;153.867;0;T;True;3
1621250530000;11595839;153.857;153.877;153.867;0;T;True;3
1621250531000;11595841;153.858;153.878;153.868;1;T;True;3
1621250532000;11595845;153.855;153.875;153.865;3;T;True;3
1621250533000;11595848;153.859;153.879;153.869;2;T;True;3
1621250534000;11595849;153.859;153.879;153.869;0;T;True;3
1621250535000;11595851;153.861;153.881;153.871;1;T;True;3
1621250536000;11595854;153.861;153.881;153.871;2;T;True;3
1621250537000;11595860;153.874;153.894;153.884;5;T;True;3
1621250538000;11595861;153.874;153.894;153.884;0;T;True;3
1621250539000;11595862;153.874;153.894;153.884;0;T;True;3
1621250540000;11595864;153.875;153.895;153.885;1;T;True;3
1621250541000;11595865;153.875;153.895;153.885;0;T;True;3
1621250542000;11595866;153.875;153.895;153.885;0;T;True;3
1621250543000;11595869;153.878;153.898;153.888;2;T;True;3
1621250544000;11595870;153.878;153.898;153.888;0;T;True;3
1621250545000;11595872;153.881;153.901;153.891;1;T;True;3
1621250546000;11595873;153.881;153.901;153.891;0;T;True;3
1621250547000;11595878;153.893;153.913;153.903;4;T;True;3
1621250548000;11595879;153.893;153.913;153.903;0;T;True;3
1621250549000;11595880;153.893;153.913;153.903;0;T;True;3
1621250550000;11595881;153.893;153.913;153.903;0;T;True;3
1621250551000;11595883;153.891;153.911;153.901;1;T;True;3
1621250552000;11595885;153.889;153.909;153.899;1;T;True;3
1621250553000;11595886;153.889;153.909;153.899;0;T;True;3
1621250554000;11595887;153.889;153.909;153.899;0;T;True;3
1621250555000;11595888;153.889;153.909;153.899;0;T;True;3
1621250556000;11595889;153.889;153.909;153.899;0;T;True;3
1621250557000;11595890;153.889;153.909;153.899;0;T;True;3
1621250558000;11595892;153.887;153.907;153.897;1;T;True;3
1621250559000;11595893;153.887;153.907;153.897;0;T;True;3
1621250560000;11595894;153.887;153.907;153.897;0;T;True;3
1621250561000;11595895;153.887;153.907;153.897;0;T;True;3
1621250562000;11595896;153.887;153.907;153.897;0;T;True;3
1621250563000;11595899;153.889;153.909;153.899;2;T;True;3
1621250564000;11595900;153.889;153.909;153.899;0;T;True;3
1621250565000;11595901;153.889;153.909;153.899;0;T;True;3
1621250566000;11595902;153.889;153.909;153.899;0;T;True;3
1621250567000;11595903;153.889;153.909;153.899;0;T;True;3
1621250568000;11595904;153.889;153.909;153.899;0;T;True;3
1621250569000;11595909;153.897;153.917;153.907;4;T;True;3
1621250570000;11595910;153.897;153.917;153.907;0;T;True;3
1621250571000;11595911;153.897;153.917;153.907;0;T;True;3
1621250572000;11595912;153.897;153.917;153.907;0;T;True;3
1621250573000;11595913;153.897;153.917;153.907;0;T;True;3
1621250574000;11595914;153.897;153.917;153.907;0;T;True;3
1621250575000;11595917;153.893;153.913;153.903;2;T;True;3
1621250576000;11595919;153.895;153.915;153.905;1;T;True;3
1621250577000;11595920;153.895;153.915;153.905;0;T;True;3
1621250578000;11595921;153.895;153.915;153.905;0;T;True;3
1621250579000;11595922;153.895;153.915;153.905;0;T;True;3
1621250580000;11595925;153.891;153.911;153.901;2;T;True;3
1621250581000;11595929;153.893;153.913;153.903;3;T;True;3
1621250582000;11595930;153.893;153.913;153.903;0;T;True;3
1621250583000;11595931;153.893;153.913;153.903;0;T;True;3
1621250584000;11595932;153.893;153.913;153.903;0;T;True;3
1621250585000;11595934;153.895;153.915;153.905;1;T;True;3
1621250586000;11595935;153.895;153.915;153.905;0;T;True;3
1621250587000;11595936;153.895;153.915;153.905;0;T;True;3
1621250588000;11595938;153.897;153.917;153.907;1;T;True;3
1621250589000;11595939;153.897;153.917;153.907;0;T;True;3
1621250590000;11595941;153.896;153.916;153.906;1;T;True;3
1621250591000;11595944;153.891;153.911;153.901;2;T;True;3
1621250592000;11595947;153.892;153.912;153.902;2;T;True;3
1621250593000;11595948;153.892;153.912;153.902;0;T;True;3
1621250594000;11595950;153.891;153.911;153.901;1;T;True;3
1621250595000;11595956;153.879;153.899;153.889;5;T;True;3
1621250596000;11595957;153.879;153.899;153.889;0;T;True;3
1621250597000;11595958;153.879;153.899;153.889;0;T;True;3
1621250598000;11595959;153.879;153.899;153.889;0;T;True;3
1621250599000;11595960;153.879;153.899;153.889;0;T;True;3
1621250600000;11595962;153.883;153.903;153.893;1;T;True;3
1621250601000;11595963;153.883;153.903;153.893;0;T;True;3
1621250602000;11595964;153.883;153.903;153.893;0;T;True;3
1621250603000;11595966;153.881;153.901;153.891;1;T;True;3
1621250604000;11595970;153.886;153.906;153.896;3;T;True;3
1621250605000;11595972;153.885;153.905;153.895;1;T;True;3
1621250606000;11595973;153.885;153.905;153.895;0;T;True;3
1621250607000;11595974;153.885;153.905;153.895;0;T;True;3
1621250608000;11595975;153.885;153.905;153.895;0;T;True;3
1621250609000;11595976;153.885;153.905;153.895;0;T;True;3
1621250610000;11595977;153.885;153.905;153.895;0;T;True;3
1621250611000;11595980;153.887;153.907;153.897;2;T;True;3
1621250612000;11595982;153.886;153.906;153.896;1;T;True;3
1621250613000;11595985;153.885;153.905;153.895;2;T;True;3
1621250614000;11595986;153.885;153.905;153.895;0;T;True;3
1621250615000;11595987;153.885;153.905;153.895;0;T;True;3
1621250616000;11595988;153.885;153.905;153.895;0;T;True;3
1621250617000;11595990;153.886;153.906;153.896;1;T;True;3
1621250618000;11595992;153.887;153.907;153.897;1;T;True;3
1621250619000;11595993;153.887;153.907;153.897;0;T;True;3
1621250620000;11595994;153.887;153.907;153.897;0;T;True;3
1621250621000;11595996;153.886;153.906;153.896;1;T;True;3
1621250622000;11596000;153.882;153.902;153.892;3;T;True;3
1621250623000;11596003;153.879;153.899;153.889;2;T;True;3
1621250624000;11596006;153.879;153.899;153.889;2;T;True;3
1621250625000;11596007;153.879;153.899;153.889;0;T;True;3
1621250626000;11596009;153.881;153.901;153.891;1;T;True;3
1621250627000;11596010;153.881;153.901;153.891;0;T;True;3
1621250628000;11596011;153.881;153.901;153.891;0;T;True;3
1621250629000;11596013;153.883;153.903;153.893;1;T;True;3
1621250630000;11596014;153.883;153.903;153.893;0;T;True;3
1621250631000;11596021;153.879;153.899;153.889;6;T;True;3
1621250632000;11596022;153.879;153.899;153.889;0;T;True;3
1621250633000;11596024;153.881;153.901;153.891;1;T;True;3
1621250634000;11596032;153.884;153.904;153.894;7;T;True;3
1621250635000;11596034;153.883;153.903;153.893;1;T;True;3
1621250636000;11596035;153.883;153.903;153.893;0;T;True;3
1621250637000;11596036;153.883;153.903;153.893;0;T;True;3
1621250638000;11596040;153.885;153.905;153.895;3;T;True;3
1621250639000;11596043;153.888;153.908;153.898;2;T;True;3
1621250640000;11596044;153.888;153.908;153.898;0;T;True;3
1621250641000;11596046;153.887;153.907;153.897;1;T;True;3
1621250642000;11596047;153.887;153.907;153.897;0;T;True;3
1621250643000;11596048;153.887;153.907;153.897;0;T;True;3
1621250644000;11596049;153.887;153.907;153.897;0;T;True;3
1621250645000;11596052;153.889;153.909;153.899;2;T;True;3
1621250646000;11596053;153.889;153.909;153.899;0;T;True;3
1621250647000;11596057;153.894;153.914;153.904;3;T;True;3
1621250648000;11596059;153.899;153.919;153.909;1;T;True;3
1621250649000;11596060;153.899;153.919;153.909;0;T;True;3
1621250650000;11596062;153.895;153.915;153.905;1;T;True;3
1621250651000;11596064;153.896;153.916;153.906;1;T;True;3
1621250652000;11596065;153.896;153.916;153.906;0;T;True;3
1621250653000;11596068;153.897;153.917;153.907;2;T;True;3
1621250654000;11596069;153.897;153.917;153.907;0;T;True;3
1621250655000;11596070;153.897;153.917;153.907;0;T;True;3
1621250656000;11596071;153.897;153.917;153.907;0;T;True;3
1621250657000;11596075;153.909;153.929;153.919;3;T;True;3
1621250658000;11596076;153.909;153.929;153.919;0;T;True;3
1621250659000;11596077;153.909;153.929;153.919;0;T;True;3
1621250660000;11596078;153.909;153.929;153.919;0;T;True;3
1621250661000;11596079;153.909;153.929;153.919;0;T;True;3
1621250662000;11596080;153.909;153.929;153.919;0;T;True;3
1621250663000;11596083;153.903;153.923;153.913;2;T;True;3
1621250664000;11596085;153.901;153.921;153.911;1;T;True;3
1621250665000;11596086;153.901;153.921;153.911;0;T;True;3
1621250666000;11596087;153.901;153.921;153.911;0;T;True;3
1621250667000;11596088;153.901;153.921;153.911;0;T;True;3
1621250668000;11596089;153.901;153.921;153.911;0;T;True;3
1621250669000;11596090;153.901;153.921;153.911;0;T;True;3
1621250670000;11596091;153.901;153.921;153.911;0;T;True;3
1621250671000;11596092;153.901;153.921;153.911;0;T;True;3
1621250672000;11596093;153.901;153.921;153.911;0;T;True;3
1621250673000;11596094;153.901;153.921;153.911;0;T;True;3
1621250674000;11596095;153.901;153.921;153.911;0;T;True;3
1621250675000;11596096;153.901;153.921;153.911;0;T;True;3
1621250676000;11596100;153.907;153.927;153.917;3;T;True;3
1621250677000;11596101;153.907;153.927;153.917;0;T;True;3
1621250678000;11596105;153.901;153.921;153.911;3;T;True;3
1621250679000;11596106;153.901;153.921;153.911;0;T;True;3
1621250680000;11596107;153.901;153.921;153.911;0;T;True;3
1621250681000;11596108;153.901;153.921;153.911;0;T;True;3
1621250682000;11596109;153.901;153.921;153.911;0;T;True;3
1621250683000;11596110;153.901;153.921;153.911;0;T;True;3
1621250684000;11596111;153.901;153.921;153.911;0;T;True;3
1621250685000;11596112;153.901;153.921;153.911;0;T;True;3
1621250686000;11596113;153.901;153.921;153.911;0;T;True;3
1621250687000;11596114;153.901;153.921;153.911;0;T;True;3
1621250688000;11596115;153.901;153.921;153.911;0;T;True;3
1621250689000;11596116;153.901;153.921;153.911;0;T;True;3
1621250690000;11596117;153.901;153.921;153.911;0;T;True;3
1621250691000;11596118;153.901;153.921;153.911;0;T;True;3
1621250692000;11596119;153.901;153.921;153.911;0;T;True;3
1621250693000;11596120;153.901;153.921;153.911;0;T;True;3
1621250694000;11596124;153.89;153.91;153.9;3;T;True;3
1621250695000;11596129;153.893;153.913;153.903;4;T;True;3
1621250696000;11596130;153.893;153.913;153.903;0;T;True;3
1621250697000;11596131;153.893;153.913;153.903;0;T;True;3
1621250698000;11596132;153.893;153.913;153.903;0;T;True;3
1621250699000;11596133;153.893;153.913;153.903;0;T;True;3
1621250700000;11596134;153.893;153.913;153.903;0;T;True;3
1621250701000;11596135;153.893;153.913;153.903;0;T;True;3
1621250702000;11596136;153.893;153.913;153.903;0;T;True;3
1621250703000;11596137;153.893;153.913;153.903;0;T;True;3
1621250704000;11596140;153.897;153.917;153.907;2;T;True;3
1621250705000;11596143;153.893;153.913;153.903;2;T;True;3
1621250706000;11596144;153.893;153.913;153.903;0;T;True;3
1621250707000;11596146;153.894;153.914;153.904;1;T;True;3
1621250708000;11596151;153.895;153.915;153.905;4;T;True;3
1621250709000;11596155;153.898;153.918;153.908;3;T;True;3
1621250710000;11596157;153.899;153.919;153.909;1;T;True;3
1621250711000;11596160;153.901;153.921;153.911;2;T;True;3
1621250712000;11596162;153.9;153.92;153.91;1;T;True;3
1621250713000;11596167;153.9;153.92;153.91;4;T;True;3
1621250714000;11596169;153.899;153.919;153.909;1;T;True;3
1621250715000;11596170;153.899;153.919;153.909;0;T;True;3
1621250716000;11596173;153.899;153.919;153.909;2;T;True;3
1621250717000;11596174;153.899;153.919;153.909;0;T;True;3
1621250718000;11596178;153.89;153.91;153.9;3;T;True;3
1621250719000;11596179;153.89;153.91;153.9;0;T;True;3
1621250720000;11596180;153.89;153.91;153.9;0;T;True;3
1621250721000;11596183;153.887;153.907;153.897;2;T;True;3
1621250722000;11596185;153.885;153.905;153.895;1;T;True;3
1621250723000;11596189;153.881;153.901;153.891;3;T;True;3
1621250724000;11596193;153.879;153.899;153.889;3;T;True;3
1621250725000;11596195;153.875;153.895;153.885;1;T;True;3
1621250726000;11596196;153.875;153.895;153.885;0;T;True;3
1621250727000;11596199;153.877;153.897;153.887;2;T;True;3
1621250728000;11596200;153.877;153.897;153.887;0;T;True;3
1621250729000;11596201;153.877;153.897;153.887;0;T;True;3
1621250730000;11596202;153.877;153.897;153.887;0;T;True;3
1621250731000;11596207;153.875;153.895;153.885;4;T;True;3
1621250732000;11596209;153.877;153.897;153.887;1;T;True;3
1621250733000;11596210;153.877;153.897;153.887;0;T;True;3
1621250734000;11596211;153.877;153.897;153.887;0;T;True;3
1621250735000;11596213;153.876;153.896;153.886;1;T;True;3
1621250736000;11596215;153.875;153.895;153.885;1;T;True;3
1621250737000;11596219;153.869;153.889;153.879;3;T;True;3
1621250738000;11596220;153.869;153.889;153.879;0;T;True;3
1621250739000;11596223;153.865;153.885;153.875;2;T;True;3
1621250740000;11596226;153.869;153.889;153.879;2;T;True;3
1621250741000;11596228;153.871;153.891;153.881;1;T;True;3
1621250742000;11596231;153.869;153.889;153.879;2;T;True;3
1621250743000;11596232;153.869;153.889;153.879;0;T;True;3
1621250744000;11596233;153.869;153.889;153.879;0;T;True;3
1621250745000;11596242;153.859;153.879;153.869;8;T;True;3
1621250746000;11596244;153.857;153.877;153.867;1;T;True;3
1621250747000;11596245;153.857;153.877;153.867;0;T;True;3
1621250748000;11596247;153.859;153.879;153.869;1;T;True;3
1621250749000;11596250;153.859;153.879;153.869;2;T;True;3
1621250750000;11596251;153.859;153.879;153.869;0;T;True;3
1621250751000;11596253;153.861;153.881;153.871;1;T;True;3
1621250752000;11596254;153.861;153.881;153.871;0;T;True;3
1621250753000;11596259;153.858;153.878;153.868;4;T;True;3
1621250754000;11596266;153.873;153.893;153.883;6;T;True;3
1621250755000;11596267;153.873;153.893;153.883;0;T;True;3
1621250756000;11596271;153.885;153.905;153.895;3;T;True;3
1621250757000;11596273;153.886;153.906;153.896;1;T;True;3
1621250758000;11596274;153.886;153.906;153.896;0;T;True;3
1621250759000;11596278;153.894;153.914;153.904;3;T;True;3
1621250760000;11596279;153.894;153.914;153.904;0;T;True;3
1621250761000;11596282;153.893;153.913;153.903;2;T;True;3
1621250762000;11596285;153.893;153.913;153.903;2;T;True;3
1621250763000;11596286;153.893;153.913;153.903;0;T;True;3
1621250764000;11596287;153.893;153.913;153.903;0;T;True;3
1621250765000;11596288;153.893;153.913;153.903;0;T;True;3
1621250766000;11596289;153.893;153.913;153.903;0;T;True;3
1621250767000;11596290;153.893;153.913;153.903;0;T;True;3
1621250768000;11596291;153.893;153.913;153.903;0;T;True;3
1621250769000;11596292;153.893;153.913;153.903;0;T;True;3
1621250770000;11596293;153.893;153.913;153.903;0;T;True;3
1621250771000;11596298;153.891;153.911;153.901;4;T;True;3
1621250772000;11596304;153.895;153.915;153.905;5;T;True;3
1621250773000;11596310;153.898;153.918;153.908;5;T;True;3
1621250774000;11596312;153.9;153.92;153.91;1;T;True;3
1621250775000;11596315;153.899;153.919;153.909;2;T;True;3
1621250776000;11596318;153.891;153.911;153.901;2;T;True;3
1621250777000;11596319;153.891;153.911;153.901;0;T;True;3
1621250778000;11596320;153.891;153.911;153.901;0;T;True;3
1621250779000;11596322;153.889;153.909;153.899;1;T;True;3
1621250780000;11596323;153.889;153.909;153.899;0;T;True;3
1621250781000;11596326;153.886;153.906;153.896;2;T;True;3
1621250782000;11596328;153.885;153.905;153.895;1;T;True;3
1621250783000;11596329;153.885;153.905;153.895;0;T;True;3
1621250784000;11596330;153.885;153.905;153.895;0;T;True;3
1621250785000;11596331;153.885;153.905;153.895;0;T;True;3
1621250786000;11596332;153.885;153.905;153.895;0;T;True;3
1621250787000;11596334;153.888;153.908;153.898;1;T;True;3
1621250788000;11596335;153.888;153.908;153.898;0;T;True;3
