ts;n;bid;ask;value;volume;phase;round;active_id
1621220262000;11545815;154.032;154.052;154.042;0;T;True;3
1621220263000;11545816;154.032;154.052;154.042;0;T;True;3
1621220264000;11545820;154.031;154.051;154.041;3;T;True;3
1621220265000;11545823;154.029;154.049;154.039;2;T;True;3
1621220266000;11545826;154.033;154.053;154.043;2;T;True;3
1621220267000;11545827;154.033;154.053;154.043;0;T;True;3
1621220268000;11545828;154.033;154.053;154.043;0;T;True;3
1621220269000;11545831;154.029;154.049;154.039;2;T;True;3
1621220270000;11545832;154.029;154.049;154.039;0;T;True;3
1621220271000;11545835;154.028;154.048;154.038;2;T;True;3
1621220272000;11545836;154.028;154.048;154.038;0;T;True;3
1621220273000;11545837;154.028;154.048;154.038;0;T;True;3
1621220274000;11545838;154.028;154.048;154.038;0;T;True;3
1621220275000;11545839;154.028;154.048;154.038;0;T;True;3
1621220276000;11545840;154.028;154.048;154.038;0;T;True;3
1621220277000;11545842;154.029;154.049;154.039;1;T;True;3
1621220278000;11545845;154.027;154.047;154.037;2;T;True;3
1621220279000;11545846;154.027;154.047;154.037;0;T;True;3
1621220280000;11545847;154.027;154.047;154.037;0;T;True;3
1621220281000;11545848;154.027;154.047;154.037;0;T;True;3
1621220282000;11545849;154.027;154.047;154.037;0;T;True;3
1621220283000;11545850;154.027;154.047;154.037;0;T;True;3
1621220284000;11545851;154.027;154.047;154.037;0;T;True;3
1621220285000;11545852;154.027;154.047;154.037;0;T;True;3
1621220286000;11545855;154.029;154.049;154.039;2;T;True;3
1621220287000;11545856;154.029;154.049;154.039;0;T;True;3
1621220288000;11545860;154.029;154.049;154.039;3;T;True;3
1621220289000;11545862;154.031;154.051;154.041;1;T;True;3
1621220290000;11545868;154.034;154.054;154.044;5;T;True;3
1621220291000;11545870;154.033;154.053;154.043;1;T;True;3
1621220292000;11545872;154.032;154.052;154.042;1;T;True;3
1621220293000;11545874;154.031;154.051;154.041;1;T;True;3
1621220294000;11545876;154.032;154.052;154.042;1;T;True;3
1621220295000;11545877;154.032;154.052;154.042;0;T;True;3
1621220296000;11545878;154.032;154.052;154.042;0;T;True;3
1621220297000;11545880;154.031;154.051;154.041;1;T;True;3
1621220298000;11545881;154.031;154.051;154.041;0;T;True;3
1621220299000;11545884;154.027;154.047;154.037;2;T;True;3
1621220300000;11545885;154.027;154.047;154.037;0;T;True;3
1621220301000;11545886;154.027;154.047;154.037;0;T;True;3
1621220302000;11545887;154.027;154.047;154.037;0;T;True;3
1621220303000;11545889;154.026;154.046;154.036;1;T;True;3
1621220304000;11545890;154.026;154.046;154.036;0;T;True;3
1621220305000;11545891;154.026;154.046;154.036;0;T;True;3
1621220306000;11545892;154.026;154.046;154.036;0;T;True;3
1621220307000;11545893;154.026;154.046;154.036;0;T;True;3
1621220308000;11545894;154.026;154.046;154.036;0;T;True;3
1621220309000;11545895;154.026;154.046;154.036;0;T;True;3
1621220310000;11545897;154.025;154.045;154.035;1;T;True;3
1621220311000;11545899;154.026;154.046;154.036;1;T;True;3
1621220312000;11545901;154.027;154.047;154.037;1;T;True;3
1621220313000;11545902;154.027;154.047;154.037;0;T;True;3
1621220314000;11545903;154.027;154.047;154.037;0;T;True;3
1621220315000;11545904;154.027;154.047;154.037;0;T;True;3
1621220316000;11545906;154.025;154.045;154.035;1;T;True;3
1621220317000;11545909;154.025;154.045;154.035;2;T;True;3
1621220318000;11545910;154.025;154.045;154.035;0;T;True;3
1621220319000;11545912;154.026;154.046;154.036;1;T;True;3
1621220320000;11545913;154.026;154.046;154.036;0;T;True;3
1621220321000;11545914;154.026;154.046;154.036;0;T;True;3
1621220322000;11545916;154.027;154.047;154.037;1;T;True;3
1621220323000;11545917;154.027;154.047;154.037;0;T;True;3
1621220324000;11545918;154.027;154.047;154.037;0;T;True;3
1621220325000;11545919;154.027;154.047;154.037;0;T;True;3
1621220326000;11545920;154.027;154.047;154.037;0;T;True;3
1621220327000;11545924;154.031;154.051;154.041;3;T;True;3
1621220328000;11545927;154.029;154.049;154.039;2;T;True;3
1621220329000;11545928;154.029;154.049;154.039;0;T;True;3
1621220330000;11545929;154.029;154.049;154.039;0;T;True;3
1621220331000;11545930;154.029;154.049;154.039;0;T;True;3
1621220332000;11545932;154.03;154.05;154.04;1;T;True;3
1621220333000;11545933;154.03;154.05;154.04;0;T;True;3
1621220334000;11545936;154.029;154.049;154.039;2;T;True;3
1621220335000;11545941;154.027;154.047;154.037;4;T;True;3
1621220336000;11545942;154.027;154.047;154.037;0;T;True;3
1621220337000;11545943;154.027;154.047;154.037;0;T;True;3
1621220338000;11545944;154.027;154.047;154.037;0;T;True;3
1621220339000;11545945;154.027;154.047;154.037;0;T;True;3
1621220340000;11545946;154.027;154.047;154.037;0;T;True;3
1621220341000;11545947;154.027;154.047;154.037;0;T;True;3
1621220342000;11545948;154.027;154.047;154.037;0;T;True;3
1621220343000;11545949;154.027;154.047;154.037;0;T;True;3
1621220344000;11545951;154.028;154.048;154.038;1;T;True;3
1621220345000;11545952;154.028;154.048;154.038;0;T;True;3
1621220346000;11545953;154.028;154.048;154.038;0;T;True;3
1621220347000;11545954;154.028;154.048;154.038;0;T;True;3
1621220348000;11545955;154.028;154.048;154.038;0;T;True;3
1621220349000;11545956;154.028;154.048;154.038;0;T;True;3
1621220350000;11545957;154.028;154.048;154.038;0;T;True;3
1621220351000;11545958;154.028;154.048;154.038;0;T;True;3
1621220352000;11545960;154.027;154.047;154.037;1;T;True;3
1621220353000;11545961;154.027;154.047;154.037;0;T;True;3
1621220354000;11545962;154.027;154.047;154.037;0;T;True;3
1621220355000;11545965;154.027;154.047;154.037;2;T;True;3
1621220356000;11545966;154.027;154.047;154.037;0;T;True;3
1621220357000;11545967;154.027;154.047;154.037;0;T;True;3
1621220358000;11545968;154.027;154.047;154.037;0;T;True;3
1621220359000;11545969;154.027;154.047;154.037;0;T;True;3
1621220360000;11545971;154.028;154.048;154.038;1;T;True;3
1621220361000;11545972;154.028;154.048;154.038;0;T;True;3
1621220362000;11545973;154.028;154.048;154.038;0;T;True;3
1621220363000;11545974;154.028;154.048;154.038;0;T;True;3
1621220364000;11545975;154.028;154.048;154.038;0;T;True;3
1621220365000;11545976;154.028;154.048;154.038;0;T;True;3
1621220366000;11545977;154.028;154.048;154.038;0;T;True;3
1621220367000;11545978;154.028;154.048;154.038;0;T;True;3
1621220368000;11545981;154.03;154.05;154.04;2;T;True;3
1621220369000;11545982;154.03;154.05;154.04;0;T;True;3
1621220370000;11545987;154.021;154.041;154.031;4;T;True;3
1621220371000;11545988;154.021;154.041;154.031;0;T;True;3
1621220372000;11545989;154.021;154.041;154.031;0;T;True;3
1621220373000;11545990;154.021;154.041;154.031;0;T;True;3
1621220374000;11545991;154.021;154.041;154.031;0;T;True;3
1621220375000;11545992;154.021;154.041;154.031;0;T;True;3
1621220376000;11545995;154.018;154.038;154.028;2;T;True;3
1621220377000;11545996;154.018;154.038;154.028;0;T;True;3
1621220378000;11545997;154.018;154.038;154.028;0;T;True;3
1621220379000;11545998;154.018;154.038;154.028;0;T;True;3
1621220380000;11545999;154.018;154.038;154.028;0;T;True;3
1621220381000;11546000;154.018;154.038;154.028;0;T;True;3
1621220382000;11546001;154.018;154.038;154.028;0;T;True;3
1621220383000;11546004;154.015;154.035;154.025;2;T;True;3
1621220384000;11546005;154.015;154.035;154.025;0;T;True;3
1621220385000;11546006;154.015;154.035;154.025;0;T;True;3
1621220386000;11546007;154.015;154.035;154.025;0;T;True;3
1621220387000;11546008;154.015;154.035;154.025;0;T;True;3
1621220388000;11546009;154.015;154.035;154.025;0;T;True;3
1621220389000;11546010;154.015;154.035;154.025;0;T;True;3
1621220390000;11546011;154.015;154.035;154.025;0;T;True;3
1621220391000;11546013;154.014;154.034;154.024;1;T;True;3
1621220392000;11546014;154.014;154.034;154.024;0;T;True;3
1621220393000;11546015;154.014;154.034;154.024;0;T;True;3
1621220394000;11546016;154.014;154.034;154.024;0;T;True;3
1621220395000;11546017;154.014;154.034;154.024;0;T;True;3
1621220396000;11546018;154.014;154.034;154.024;0;T;True;3
1621220397000;11546020;154.012;154.032;154.022;1;T;True;3
1621220398000;11546022;154.011;154.031;154.021;1;T;True;3
1621220399000;11546023;154.011;154.031;154.021;0;T;True;3
1621220400000;11546024;154.011;154.031;154.021;0;T;True;3
1621220401000;11546030;154.009;154.029;154.019;5;T;True;3
1621220402000;11546034;154.005;154.025;154.015;3;T;True;3
1621220403000;11546035;154.005;154.025;154.015;0;T;True;3
1621220404000;11546036;154.005;154.025;154.015;0;T;True;3
1621220405000;11546037;154.005;154.025;154.015;0;T;True;3
1621220406000;11546042;153.999;154.019;154.009;4;T;True;3
1621220407000;11546043;153.999;154.019;154.009;0;T;True;3
1621220408000;11546044;153.999;154.019;154.009;0;T;True;3
1621220409000;11546048;153.995;154.015;154.005;3;T;True;3
1621220410000;11546049;153.995;154.015;154.005;0;T;True;3
1621220411000;11546050;153.995;154.015;154.005;0;T;True;3
1621220412000;11546051;153.995;154.015;154.005;0;T;True;3
1621220413000;11546054;153.999;154.019;154.009;2;T;True;3
1621220414000;11546055;153.999;154.019;154.009;0;T;True;3
1621220415000;11546058;153.999;154.019;154.009;2;T;True;3
1621220416000;11546059;153.999;154.019;154.009;0;T;True;3
1621220417000;11546060;153.999;154.019;154.009;0;T;True;3
1621220418000;11546061;153.999;154.019;154.009;0;T;True;3
1621220419000;11546063;154.001;154.021;154.011;1;T;True;3
1621220420000;11546064;154.001;154.021;154.011;0;T;True;3
1621220421000;11546066;154.0;154.02;154.01;1;T;True;3
1621220422000;11546069;154.001;154.021;154.011;2;T;True;3
1621220423000;11546070;154.001;154.021;154.011;0;T;True;3
1621220424000;11546071;154.001;154.021;154.011;0;T;True;3
1621220425000;11546072;154.001;154.021;154.011;0;T;True;3
1621220426000;11546073;154.001;154.021;154.011;0;T;True;3
1621220427000;11546074;154.001;154.021;154.011;0;T;True;3
1621220428000;11546075;154.001;154.021;154.011;0;T;True;3
1621220429000;11546076;154.001;154.021;154.011;0;T;True;3
1621220430000;11546080;154.001;154.021;154.011;3;T;True;3
1621220431000;11546082;154.0;154.02;154.01;1;T;True;3
1621220432000;11546084;154.001;154.021;154.011;1;T;True;3
1621220433000;11546089;153.995;154.015;154.005;4;T;True;3
1621220434000;11546090;153.995;154.015;154.005;0;T;True;3
1621220435000;11546091;153.995;154.015;154.005;0;T;True;3
1621220436000;11546094;153.993;154.013;154.003;2;T;True;3
1621220437000;11546095;153.993;154.013;154.003;0;T;True;3
1621220438000;11546096;153.993;154.013;154.003;0;T;True;3
1621220439000;11546097;153.993;154.013;154.003;0;T;True;3
1621220440000;11546098;153.993;154.013;154.003;0;T;True;3
1621220441000;11546099;153.993;154.013;154.003;0;T;True;3
1621220442000;11546100;153.993;154.013;154.003;0;T;True;3
1621220443000;11546102;153.995;154.015;154.005;1;T;True;3
1621220444000;11546103;153.995;154.015;154.005;0;T;True;3
1621220445000;11546104;153.995;154.015;154.005;0;T;True;3
1621220446000;11546105;153.995;154.015;154.005;0;T;True;3
1621220447000;11546106;153.995;154.015;154.005;0;T;True;3
1621220448000;11546107;153.995;154.015;154.005;0;T;True;3
1621220449000;11546108;153.995;154.015;154.005;0;T;True;3
1621220450000;11546109;153.995;154.015;154.005;0;T;True;3
1621220451000;11546110;153.995;154.015;154.005;0;T;True;3
1621220452000;11546111;153.995;154.015;154.005;0;T;True;3
1621220453000;11546113;153.993;154.013;154.003;1;T;True;3
1621220454000;11546114;153.993;154.013;154.003;0;T;True;3
1621220455000;11546115;153.993;154.013;154.003;0;T;True;3
1621220456000;11546116;153.993;154.013;154.003;0;T;True;3
1621220457000;11546117;153.993;154.013;154.003;0;T;True;3
1621220458000;11546118;153.993;154.013;154.003;0;T;True;3
1621220459000;11546119;153.993;154.013;154.003;0;T;True;3
1621220460000;11546120;153.993;154.013;154.003;0;T;True;3
1621220461000;11546122;153.992;154.012;154.002;1;T;True;3
1621220462000;11546123;153.992;154.012;154.002;0;T;True;3
1621220463000;11546124;153.992;154.012;154.002;0;T;True;3
1621220464000;11546125;153.992;154.012;154.002;0;T;True;3
1621220465000;11546126;153.992;154.012;154.002;0;T;True;3
1621220466000;11546128;153.993;154.013;154.003;1;T;True;3
1621220467000;11546129;153.993;154.013;154.003;0;T;True;3
1621220468000;11546132;153.995;154.015;154.005;2;T;True;3
1621220469000;11546136;153.997;154.017;154.007;3;T;True;3
1621220470000;11546137;153.997;154.017;154.007;0;T;True;3
1621220471000;11546138;153.997;154.017;154.007;0;T;True;3
1621220472000;11546139;153.997;154.017;154.007;0;T;True;3
1621220473000;11546140;153.997;154.017;154.007;0;T;True;3
1621220474000;11546142;153.995;154.015;154.005;1;T;True;3
1621220475000;11546143;153.995;154.015;154.005;0;T;True;3
1621220476000;11546144;153.995;154.015;154.005;0;T;True;3
1621220477000;11546145;153.995;154.015;154.005;0;T;True;3
1621220478000;11546146;153.995;154.015;154.005;0;T;True;3
1621220479000;11546149;153.997;154.017;154.007;2;T;True;3
1621220480000;11546151;153.998;154.018;154.008;1;T;True;3
1621220481000;11546152;153.998;154.018;154.008;0;T;True;3
1621220482000;11546153;153.998;154.018;154.008;0;T;True;3
1621220483000;11546154;153.998;154.018;154.008;0;T;True;3
1621220484000;11546156;154.001;154.021;154.011;1;T;True;3
1621220485000;11546157;154.001;154.021;154.011;0;T;True;3
1621220486000;11546162;154.011;154.031;154.021;4;T;True;3
1621220487000;11546164;154.012;154.032;154.022;1;T;True;3
1621220488000;11546165;154.012;154.032;154.022;0;T;True;3
1621220489000;11546166;154.012;154.032;154.022;0;T;True;3
1621220490000;11546167;154.012;154.032;154.022;0;T;True;3
1621220491000;11546168;154.012;154.032;154.022;0;T;True;3
1621220492000;11546169;154.012;154.032;154.022;0;T;True;3
1621220493000;11546170;154.012;154.032;154.022;0;T;True;3
1621220494000;11546171;154.012;154.032;154.022;0;T;True;3
1621220495000;11546172;154.012;154.032;154.022;0;T;True;3
1621220496000;11546173;154.012;154.032;154.022;0;T;True;3
1621220497000;11546174;154.012;154.032;154.022;0;T;True;3
1621220498000;11546175;154.012;154.032;154.022;0;T;True;3
1621220499000;11546176;154.012;154.032;154.022;0;T;True;3
1621220500000;11546177;154.012;154.032;154.022;0;T;True;3
1621220501000;11546178;154.012;154.032;154.022;0;T;True;3
1621220502000;11546179;154.012;154.032;154.022;0;T;True;3
1621220503000;11546180;154.012;154.032;154.022;0;T;True;3
1621220504000;11546181;154.012;154.032;154.022;0;T;True;3
1621220505000;11546182;154.012;154.032;154.022;0;T;True;3
1621220506000;11546185;154.012;154.032;154.022;2;T;True;3
1621220507000;11546186;154.012;154.032;154.022;0;T;True;3
1621220508000;11546187;154.012;154.032;154.022;0;T;True;3
1621220509000;11546188;154.012;154.032;154.022;0;T;True;3
1621220510000;11546189;154.012;154.032;154.022;0;T;True;3
1621220511000;11546190;154.012;154.032;154.022;0;T;True;3
1621220512000;11546191;154.012;154.032;154.022;0;T;True;3
1621220513000;11546192;154.012;154.032;154.022;0;T;True;3
1621220514000;11546193;154.012;154.032;154.022;0;T;True;3
1621220515000;11546194;154.012;154.032;154.022;0;T;True;3
1621220516000;11546196;154.011;154.031;154.021;1;T;True;3
1621220517000;11546197;154.011;154.031;154.021;0;T;True;3
1621220518000;11546198;154.011;154.031;154.021;0;T;True;3
1621220519000;11546199;154.011;154.031;154.021;0;T;True;3
1621220520000;11546200;154.011;154.031;154.021;0;T;True;3
1621220521000;11546201;154.011;154.031;154.021;0;T;True;3
1621220522000;11546202;154.011;154.031;154.021;0;T;True;3
1621220523000;11546203;154.011;154.031;154.021;0;T;True;3
1621220524000;11546207;154.006;154.026;154.016;3;T;True;3
1621220525000;11546208;154.006;154.026;154.016;0;T;True;3
1621220526000;11546209;154.006;154.026;154.016;0;T;True;3
1621220527000;11546212;154.008;154.028;154.018;2;T;True;3
1621220528000;11546213;154.008;154.028;154.018;0;T;True;3
1621220529000;11546214;154.008;154.028;154.018;0;T;True;3
1621220530000;11546215;154.008;154.028;154.018;0;T;True;3
1621220531000;11546217;154.007;154.027;154.017;1;T;True;3
1621220532000;11546218;154.007;154.027;154.017;0;T;True;3
1621220533000;11546219;154.007;154.027;154.017;0;T;True;3
1621220534000;11546220;154.007;154.027;154.017;0;T;True;3
1621220535000;11546221;154.007;154.027;154.017;0;T;True;3
1621220536000;11546222;154.007;154.027;154.017;0;T;True;3
1621220537000;11546223;154.007;154.027;154.017;0;T;True;3
1621220538000;11546227;154.003;154.023;154.013;3;T;True;3
1621220539000;11546229;154.005;154.025;154.015;1;T;True;3
1621220540000;11546230;154.005;154.025;154.015;0;T;True;3
1621220541000;11546231;154.005;154.025;154.015;0;T;True;3
1621220542000;11546232;154.005;154.025;154.015;0;T;True;3
1621220543000;11546233;154.005;154.025;154.015;0;T;True;3
1621220544000;11546234;154.005;154.025;154.015;0;T;True;3
1621220545000;11546235;154.005;154.025;154.015;0;T;True;3
1621220546000;11546236;154.005;154.025;154.015;0;T;True;3
1621220547000;11546237;154.005;154.025;154.015;0;T;True;3
1621220548000;11546238;154.005;154.025;154.015;0;T;True;3
1621220549000;11546239;154.005;154.025;154.015;0;T;True;3
1621220550000;11546240;154.005;154.025;154.015;0;T;True;3
1621220551000;11546241;154.005;154.025;154.015;0;T;True;3
1621220552000;11546242;154.005;154.025;154.015;0;T;True;3
1621220553000;11546243;154.005;154.025;154.015;0;T;True;3
1621220554000;11546246;154.003;154.023;154.013;2;T;True;3
1621220555000;11546251;154.007;154.027;154.017;4;T;True;3
1621220556000;11546252;154.007;154.027;154.017;0;T;True;3
1621220557000;11546253;154.007;154.027;154.017;0;T;True;3
1621220558000;11546254;154.007;154.027;154.017;0;T;True;3
1621220559000;11546255;154.007;154.027;154.017;0;T;True;3
1621220560000;11546256;154.007;154.027;154.017;0;T;True;3
1621220561000;11546257;154.007;154.027;154.017;0;T;True;3
1621220562000;11546258;154.007;154.027;154.017;0;T;True;3
1621220563000;11546259;154.007;154.027;154.017;0;T;True;3
1621220564000;11546260;154.007;154.027;154.017;0;T;True;3
1621220565000;11546261;154.007;154.027;154.017;0;T;True;3
1621220566000;11546263;154.006;154.026;154.016;1;T;True;3
1621220567000;11546264;154.006;154.026;154.016;0;T;True;3
1621220568000;11546265;154.006;154.026;154.016;0;T;True;3
1621220569000;11546266;154.006;154.026;154.016;0;T;True;3
1621220570000;11546267;154.006;154.026;154.016;0;T;True;3
1621220571000;11546270;154.008;154.028;154.018;2;T;True;3
1621220572000;11546271;154.008;154.028;154.018;0;T;True;3
1621220573000;11546272;154.008;154.028;154.018;0;T;True;3
1621220574000;11546273;154.008;154.028;154.018;0;T;True;3
1621220575000;11546274;154.008;154.028;154.018;0;T;True;3
1621220576000;11546275;154.008;154.028;154.018;0;T;True;3
1621220577000;11546277;154.009;154.029;154.019;1;T;True;3
1621220578000;11546278;154.009;154.029;154.019;0;T;True;3
1621220579000;11546279;154.009;154.029;154.019;0;T;True;3
1621220580000;11546280;154.009;154.029;154.019;0;T;True;3
1621220581000;11546281;154.009;154.029;154.019;0;T;True;3
1621220582000;11546282;154.009;154.029;154.019;0;T;True;3
1621220583000;11546283;154.009;154.029;154.019;0;T;True;3
1621220584000;11546284;154.009;154.029;154.019;0;T;True;3
1621220585000;11546287;154.015;154.035;154.025;2;T;True;3
1621220586000;11546288;154.015;154.035;154.025;0;T;True;3
1621220587000;11546289;154.015;154.035;154.025;0;T;True;3
1621220588000;11546290;154.015;154.035;154.025;0;T;True;3
1621220589000;11546291;154.015;154.035;154.025;0;T;True;3
1621220590000;11546293;154.014;154.034;154.024;1;T;True;3
1621220591000;11546294;154.014;154.034;154.024;0;T;True;3
1621220592000;11546295;154.014;154.034;154.024;0;T;True;3
1621220593000;11546296;154.014;154.034;154.024;0;T;True;3
1621220594000;11546297;154.014;154.034;154.024;0;T;True;3
1621220595000;11546298;154.014;154.034;154.024;0;T;True;3
1621220596000;11546299;154.014;154.034;154.024;0;T;True;3
1621220597000;11546300;154.014;154.034;154.024;0;T;True;3
1621220598000;11546304;154.022;154.042;154.032;3;T;True;3
1621220599000;11546307;154.02;154.04;154.03;2;T;True;3
1621220600000;11546308;154.02;154.04;154.03;0;T;True;3
1621220601000;11546309;154.02;154.04;154.03;0;T;True;3
1621220602000;11546310;154.02;154.04;154.03;0;T;True;3
1621220603000;11546311;154.02;154.04;154.03;0;T;True;3
1621220604000;11546312;154.02;154.04;154.03;0;T;True;3
1621220605000;11546314;154.021;154.041;154.031;1;T;True;3
1621220606000;11546316;154.022;154.042;154.032;1;T;True;3
1621220607000;11546318;154.021;154.041;154.031;1;T;True;3
1621220608000;11546319;154.021;154.041;154.031;0;T;True;3
1621220609000;11546320;154.021;154.041;154.031;0;T;True;3
1621220610000;11546321;154.021;154.041;154.031;0;T;True;3
1621220611000;11546322;154.021;154.041;154.031;0;T;True;3
1621220612000;11546325;154.021;154.041;154.031;2;T;True;3
1621220613000;11546326;154.021;154.041;154.031;0;T;True;3
1621220614000;11546327;154.021;154.041;154.031;0;T;True;3
1621220615000;11546328;154.021;154.041;154.031;0;T;True;3
1621220616000;11546329;154.021;154.041;154.031;0;T;True;3
1621220617000;11546330;154.021;154.041;154.031;0;T;True;3
1621220618000;11546331;154.021;154.041;154.031;0;T;True;3
1621220619000;11546332;154.021;154.041;154.031;0;T;True;3
1621220620000;11546333;154.021;154.041;154.031;0;T;True;3
1621220621000;11546336;154.023;154.043;154.033;2;T;True;3
1621220622000;11546337;154.023;154.043;154.033;0;T;True;3
1621220623000;11546338;154.023;154.043;154.033;0;T;True;3
1621220624000;11546339;154.023;154.043;154.033;0;T;True;3
1621220625000;11546340;154.023;154.043;154.033;0;T;True;3
1621220626000;11546341;154.023;154.043;154.033;0;T;True;3
1621220627000;11546342;154.023;154.043;154.033;0;T;True;3
1621220628000;11546343;154.023;154.043;154.033;0;T;True;3
1621220629000;11546344;154.023;154.043;154.033;0;T;True;3
1621220630000;11546345;154.023;154.043;154.033;0;T;True;3
1621220631000;11546346;154.023;154.043;154.033;0;T;True;3
1621220632000;11546347;154.023;154.043;154.033;0;T;True;3
1621220633000;11546351;154.019;154.039;154.029;3;T;True;3
1621220634000;11546352;154.019;154.039;154.029;0;T;True;3
1621220635000;11546353;154.019;154.039;154.029;0;T;True;3
1621220636000;11546355;154.015;154.035;154.025;1;T;True;3
1621220637000;11546357;154.017;154.037;154.027;1;T;True;3
1621220638000;11546358;154.017;154.037;154.027;0;T;True;3
1621220639000;11546359;154.017;154.037;154.027;0;T;True;3
1621220640000;11546361;154.018;154.038;154.028;1;T;True;3
1621220641000;11546363;154.019;154.039;154.029;1;T;True;3
1621220642000;11546365;154.02;154.04;154.03;1;T;True;3
1621220643000;11546368;154.016;154.036;154.026;2;T;True;3
1621220644000;11546369;154.016;154.036;154.026;0;T;True;3
1621220645000;11546370;154.016;154.036;154.026;0;T;True;3
1621220646000;11546371;154.016;154.036;154.026;0;T;True;3
1621220647000;11546374;154.017;154.037;154.027;2;T;True;3
1621220648000;11546378;154.021;154.041;154.031;3;T;True;3
1621220649000;11546381;154.02;154.04;154.03;2;T;True;3
1621220650000;11546382;154.02;154.04;154.03;0;T;True;3
1621220651000;11546383;154.02;154.04;154.03;0;T;True;3
1621220652000;11546384;154.02;154.04;154.03;0;T;True;3
1621220653000;11546386;154.021;154.041;154.031;1;T;True;3
1621220654000;11546387;154.021;154.041;154.031;0;T;True;3
1621220655000;11546388;154.021;154.041;154.031;0;T;True;3
1621220656000;11546389;154.021;154.041;154.031;0;T;True;3
1621220657000;11546390;154.021;154.041;154.031;0;T;True;3
1621220658000;11546391;154.021;154.041;154.031;0;T;True;3
1621220659000;11546392;154.021;154.041;154.031;0;T;True;3
1621220660000;11546393;154.021;154.041;154.031;0;T;True;3
1621220661000;11546394;154.021;154.041;154.031;0;T;True;3
1621220662000;11546395;154.021;154.041;154.031;0;T;True;3
1621220663000;11546396;154.021;154.041;154.031;0;T;True;3
1621220664000;11546397;154.021;154.041;154.031;0;T;True;3
1621220665000;11546398;154.021;154.041;154.031;0;T;True;3
1621220666000;11546399;154.021;154.041;154.031;0;T;True;3
1621220667000;11546400;154.021;154.041;154.031;0;T;True;3
1621220668000;11546403;154.023;154.043;154.033;2;T;True;3
1621220669000;11546404;154.023;154.043;154.033;0;T;True;3
1621220670000;11546405;154.023;154.043;154.033;0;T;True;3
1621220671000;11546406;154.023;154.043;154.033;0;T;True;3
1621220672000;11546407;154.023;154.043;154.033;0;T;True;3
1621220673000;11546408;154.023;154.043;154.033;0;T;True;3
1621220674000;11546409;154.023;154.043;154.033;0;T;True;3
1621220675000;11546410;154.023;154.043;154.033;0;T;True;3
1621220676000;11546411;154.023;154.043;154.033;0;T;True;3
1621220677000;11546412;154.023;154.043;154.033;0;T;True;3
1621220678000;11546413;154.023;154.043;154.033;0;T;True;3
1621220679000;11546415;154.024;154.044;154.034;1;T;True;3
1621220680000;11546416;154.024;154.044;154.034;0;T;True;3
1621220681000;11546417;154.024;154.044;154.034;0;T;True;3
1621220682000;11546418;154.024;154.044;154.034;0;T;True;3
1621220683000;11546419;154.024;154.044;154.034;0;T;True;3
1621220684000;11546420;154.024;154.044;154.034;0;T;True;3
1621220685000;11546421;154.024;154.044;154.034;0;T;True;3
1621220686000;11546422;154.024;154.044;154.034;0;T;True;3
1621220687000;11546423;154.024;154.044;154.034;0;T;True;3
1621220688000;11546424;154.024;154.044;154.034;0;T;True;3
1621220689000;11546425;154.024;154.044;154.034;0;T;True;3
1621220690000;11546426;154.024;154.044;154.034;0;T;True;3
1621220691000;11546427;154.024;154.044;154.034;0;T;True;3
1621220692000;11546428;154.024;154.044;154.034;0;T;True;3
1621220693000;11546429;154.024;154.044;154.034;0;T;True;3
1621220694000;11546430;154.024;154.044;154.034;0;T;True;3
1621220695000;11546431;154.024;154.044;154.034;0;T;True;3
1621220696000;11546432;154.024;154.044;154.034;0;T;True;3
1621220697000;11546433;154.024;154.044;154.034;0;T;True;3
1621220698000;11546434;154.024;154.044;154.034;0;T;True;3
1621220699000;11546435;154.024;154.044;154.034;0;T;True;3
1621220700000;11546436;154.024;154.044;154.034;0;T;True;3
1621220701000;11546437;154.024;154.044;154.034;0;T;True;3
1621220702000;11546438;154.024;154.044;154.034;0;T;True;3
1621220703000;11546439;154.024;154.044;154.034;0;T;True;3
1621220704000;11546440;154.024;154.044;154.034;0;T;True;3
1621220705000;11546441;154.024;154.044;154.034;0;T;True;3
1621220706000;11546442;154.024;154.044;154.034;0;T;True;3
1621220707000;11546443;154.024;154.044;154.034;0;T;True;3
1621220708000;11546444;154.024;154.044;154.034;0;T;True;3
1621220709000;11546445;154.024;154.044;154.034;0;T;True;3
1621220710000;11546446;154.024;154.044;154.034;0;T;True;3
1621220711000;11546447;154.024;154.044;154.034;0;T;True;3
1621220712000;11546448;154.024;154.044;154.034;0;T;True;3
1621220713000;11546449;154.024;154.044;154.034;0;T;True;3
1621220714000;11546450;154.024;154.044;154.034;0;T;True;3
1621220715000;11546451;154.024;154.044;154.034;0;T;True;3
1621220716000;11546452;154.024;154.044;154.034;0;T;True;3
1621220717000;11546453;154.024;154.044;154.034;0;T;True;3
1621220718000;11546454;154.024;154.044;154.034;0;T;True;3
1621220719000;11546455;154.024;154.044;154.034;0;T;True;3
1621220720000;11546456;154.024;154.044;154.034;0;T;True;3
1621220721000;11546457;154.024;154.044;154.034;0;T;True;3
1621220722000;11546459;154.025;154.045;154.035;1;T;True;3
1621220723000;11546460;154.025;154.045;154.035;0;T;True;3
1621220724000;11546461;154.025;154.045;154.035;0;T;True;3
1621220725000;11546462;154.025;154.045;154.035;0;T;True;3
1621220726000;11546463;154.025;154.045;154.035;0;T;True;3
1621220727000;11546464;154.025;154.045;154.035;0;T;True;3
1621220728000;11546465;154.025;154.045;154.035;0;T;True;3
1621220729000;11546466;154.025;154.045;154.035;0;T;True;3
1621220730000;11546467;154.025;154.045;154.035;0;T;True;3
1621220731000;11546468;154.025;154.045;154.035;0;T;True;3
1621220732000;11546470;154.024;154.044;154.034;1;T;True;3
1621220733000;11546471;154.024;154.044;154.034;0;T;True;3
1621220734000;11546472;154.024;154.044;154.034;0;T;True;3
1621220735000;11546473;154.024;154.044;154.034;0;T;True;3
1621220736000;11546474;154.024;154.044;154.034;0;T;True;3
1621220737000;11546475;154.024;154.044;154.034;0;T;True;3
1621220738000;11546476;154.024;154.044;154.034;0;T;True;3
1621220739000;11546479;154.027;154.047;154.037;2;T;True;3
1621220740000;11546480;154.027;154.047;154.037;0;T;True;3
1621220741000;11546481;154.027;154.047;154.037;0;T;True;3
1621220742000;11546482;154.027;154.047;154.037;0;T;True;3
1621220743000;11546483;154.027;154.047;154.037;0;T;True;3
1621220744000;11546484;154.027;154.047;154.037;0;T;True;3
1621220745000;11546485;154.027;154.047;154.037;0;T;True;3
1621220746000;11546487;154.026;154.046;154.036;1;T;True;3
1621220747000;11546488;154.026;154.046;154.036;0;T;True;3
1621220748000;11546489;154.026;154.046;154.036;0;T;True;3
1621220749000;11546490;154.026;154.046;154.036;0;T;True;3
1621220750000;11546491;154.026;154.046;154.036;0;T;True;3
1621220751000;11546492;154.026;154.046;154.036;0;T;True;3
1621220752000;11546493;154.026;154.046;154.036;0;T;True;3
1621220753000;11546494;154.026;154.046;154.036;0;T;True;3
1621220754000;11546495;154.026;154.046;154.036;0;T;True;3
1621220755000;11546497;154.025;154.045;154.035;1;T;True;3
1621220756000;11546498;154.025;154.045;154.035;0;T;True;3
1621220757000;11546499;154.025;154.045;154.035;0;T;True;3
1621220758000;11546500;154.025;154.045;154.035;0;T;True;3
1621220759000;11546501;154.025;154.045;154.035;0;T;True;3
1621220760000;11546502;154.025;154.045;154.035;0;T;True;3
1621220761000;11546507;154.017;154.037;154.027;4;T;True;3
1621220762000;11546508;154.017;154.037;154.027;0;T;True;3
1621220763000;11546509;154.017;154.037;154.027;0;T;True;3
1621220764000;11546510;154.017;154.037;154.027;0;T;True;3
1621220765000;11546511;154.017;154.037;154.027;0;T;True;3
1621220766000;11546512;154.017;154.037;154.027;0;T;True;3
1621220767000;11546513;154.017;154.037;154.027;0;T;True;3
1621220768000;11546514;154.017;154.037;154.027;0;T;True;3
1621220769000;11546515;154.017;154.037;154.027;0;T;True;3
1621220770000;11546516;154.017;154.037;154.027;0;T;True;3
1621220771000;11546517;154.017;154.037;154.027;0;T;True;3
1621220772000;11546518;154.017;154.037;154.027;0;T;True;3
1621220773000;11546519;154.017;154.037;154.027;0;T;True;3
1621220774000;11546520;154.017;154.037;154.027;0;T;True;3
1621220775000;11546521;154.017;154.037;154.027;0;T;True;3
1621220776000;11546522;154.017;154.037;154.027;0;T;True;3
1621220777000;11546523;154.017;154.037;154.027;0;T;True;3
1621220778000;11546524;154.017;154.037;154.027;0;T;True;3
1621220779000;11546525;154.017;154.037;154.027;0;T;True;3
1621220780000;11546526;154.017;154.037;154.027;0;T;True;3
1621220781000;11546527;154.017;154.037;154.027;0;T;True;3
1621220782000;11546528;154.017;154.037;154.027;0;T;True;3
1621220783000;11546529;154.017;154.037;154.027;0;T;True;3
1621220784000;11546530;154.017;154.037;154.027;0;T;True;3
1621220785000;11546531;154.017;154.037;154.027;0;T;True;3
1621220786000;11546532;154.017;154.037;154.027;0;T;True;3
1621220787000;11546533;154.017;154.037;154.027;0;T;True;3
1621220788000;11546534;154.017;154.037;154.027;0;T;True;3
1621220789000;11546535;154.017;154.037;154.027;0;T;True;3
1621220790000;11546536;154.017;154.037;154.027;0;T;True;3
1621220791000;11546537;154.017;154.037;154.027;0;T;True;3
1621220792000;11546538;154.017;154.037;154.027;0;T;True;3
1621220793000;11546539;154.017;154.037;154.027;0;T;True;3
1621220794000;11546540;154.017;154.037;154.027;0;T;True;3
1621220795000;11546541;154.017;154.037;154.027;0;T;True;3
1621220796000;11546542;154.017;154.037;154.027;0;T;True;3
1621220797000;11546546;154.011;154.031;154.021;3;T;True;3
1621220798000;11546549;154.007;154.027;154.017;2;T;True;3
1621220799000;11546550;154.007;154.027;154.017;0;T;True;3
1621220800000;11546551;154.007;154.027;154.017;0;T;True;3
1621220801000;11546556;153.999;154.019;154.009;4;T;True;3
1621220802000;11546558;153.997;154.017;154.007;1;T;True;3
1621220803000;11546559;153.997;154.017;154.007;0;T;True;3
1621220804000;11546560;153.997;154.017;154.007;0;T;True;3
1621220805000;11546561;153.997;154.017;154.007;0;T;True;3
1621220806000;11546563;153.998;154.018;154.008;1;T;True;3
1621220807000;11546565;153.999;154.019;154.009;1;T;True;3
1621220808000;11546566;153.999;154.019;154.009;0;T;True;3
1621220809000;11546567;153.999;154.019;154.009;0;T;True;3
1621220810000;11546568;153.999;154.019;154.009;0;T;True;3
1621220811000;11546569;153.999;154.019;154.009;0;T;True;3
1621220812000;11546571;154.0;154.02;154.01;1;T;True;3
1621220813000;11546576;154.003;154.023;154.013;4;T;True;3
1621220814000;11546577;154.003;154.023;154.013;0;T;True;3
1621220815000;11546580;153.997;154.017;154.007;2;T;True;3
1621220816000;11546584;153.999;154.019;154.009;3;T;True;3
1621220817000;11546585;153.999;154.019;154.009;0;T;True;3
1621220818000;11546586;153.999;154.019;154.009;0;T;True;3
1621220819000;11546587;153.999;154.019;154.009;0;T;True;3
1621220820000;11546589;154.002;154.022;154.012;1;T;True;3
1621220821000;11546594;154.004;154.024;154.014;4;T;True;3
1621220822000;11546598;154.004;154.024;154.014;3;T;True;3
1621220823000;11546600;154.003;154.023;154.013;1;T;True;3
1621220824000;11546603;154.005;154.025;154.015;2;T;True;3
1621220825000;11546604;154.005;154.025;154.015;0;T;True;3
1621220826000;11546605;154.005;154.025;154.015;0;T;True;3
1621220827000;11546606;154.005;154.025;154.015;0;T;True;3
1621220828000;11546608;154.004;154.024;154.014;1;T;True;3
1621220829000;11546610;154.003;154.023;154.013;1;T;True;3
1621220830000;11546612;153.999;154.019;154.009;1;T;True;3
1621220831000;11546614;153.998;154.018;154.008;1;T;True;3
1621220832000;11546616;153.997;154.017;154.007;1;T;True;3
1621220833000;11546617;153.997;154.017;154.007;0;T;True;3
1621220834000;11546618;153.997;154.017;154.007;0;T;True;3
1621220835000;11546622;153.989;154.009;153.999;3;T;True;3
1621220836000;11546623;153.989;154.009;153.999;0;T;True;3
1621220837000;11546624;153.989;154.009;153.999;0;T;True;3
1621220838000;11546625;153.989;154.009;153.999;0;T;True;3
1621220839000;11546629;153.995;154.015;154.005;3;T;True;3
1621220840000;11546630;153.995;154.015;154.005;0;T;True;3
1621220841000;11546631;153.995;154.015;154.005;0;T;True;3
1621220842000;11546633;153.992;154.012;154.002;1;T;True;3
1621220843000;11546634;153.992;154.012;154.002;0;T;True;3
1621220844000;11546635;153.992;154.012;154.002;0;T;True;3
1621220845000;11546636;153.992;154.012;154.002;0;T;True;3
1621220846000;11546637;153.992;154.012;154.002;0;T;True;3
1621220847000;11546638;153.992;154.012;154.002;0;T;True;3
1621220848000;11546642;153.99;154.01;154.0;3;T;True;3
1621220849000;11546643;153.99;154.01;154.0;0;T;True;3
1621220850000;11546646;153.988;154.008;153.998;2;T;True;3
1621220851000;11546647;153.988;154.008;153.998;0;T;True;3
1621220852000;11546648;153.988;154.008;153.998;0;T;True;3
1621220853000;11546651;153.983;154.003;153.993;2;T;True;3
1621220854000;11546654;153.989;154.009;153.999;2;T;True;3
1621220855000;11546655;153.989;154.009;153.999;0;T;True;3
1621220856000;11546656;153.989;154.009;153.999;0;T;True;3
1621220857000;11546658;153.991;154.011;154.001;1;T;True;3
1621220858000;11546659;153.991;154.011;154.001;0;T;True;3
1621220859000;11546660;153.991;154.011;154.001;0;T;True;3
1621220860000;11546663;153.986;154.006;153.996;2;T;True;3
1621220861000;11546667;153.99;154.01;154.0;3;T;True;3
1621220862000;11546668;153.99;154.01;154.0;0;T;True;3
1621220863000;11546670;153.991;154.011;154.001;1;T;True;3
1621220864000;11546671;153.991;154.011;154.001;0;T;True;3
1621220865000;11546675;153.99;154.01;154.0;3;T;True;3
1621220866000;11546676;153.99;154.01;154.0;0;T;True;3
1621220867000;11546677;153.99;154.01;154.0;0;T;True;3
1621220868000;11546679;153.991;154.011;154.001;1;T;True;3
1621220869000;11546683;153.992;154.012;154.002;3;T;True;3
1621220870000;11546685;153.993;154.013;154.003;1;T;True;3
1621220871000;11546686;153.993;154.013;154.003;0;T;True;3
1621220872000;11546687;153.993;154.013;154.003;0;T;True;3
1621220873000;11546690;153.995;154.015;154.005;2;T;True;3
1621220874000;11546691;153.995;154.015;154.005;0;T;True;3
1621220875000;11546693;153.989;154.009;153.999;1;T;True;3
1621220876000;11546697;153.986;154.006;153.996;3;T;True;3
1621220877000;11546699;153.987;154.007;153.997;1;T;True;3
1621220878000;11546700;153.987;154.007;153.997;0;T;True;3
1621220879000;11546704;153.986;154.006;153.996;3;T;True;3
1621220880000;11546706;153.987;154.007;153.997;1;T;True;3
1621220881000;11546710;153.987;154.007;153.997;3;T;True;3
1621220882000;11546713;153.985;154.005;153.995;2;T;True;3
1621220883000;11546718;153.979;153.999;153.989;4;T;True;3
1621220884000;11546723;153.981;154.001;153.991;4;T;True;3
1621220885000;11546728;153.993;154.013;154.003;4;T;True;3
1621220886000;11546729;153.993;154.013;154.003;0;T;True;3
1621220887000;11546731;153.992;154.012;154.002;1;T;True;3
1621220888000;11546734;153.989;154.009;153.999;2;T;True;3
1621220889000;11546735;153.989;154.009;153.999;0;T;True;3
1621220890000;11546739;153.987;154.007;153.997;3;T;True;3
1621220891000;11546741;153.986;154.006;153.996;1;T;True;3
1621220892000;11546742;153.986;154.006;153.996;0;T;True;3
1621220893000;11546744;153.985;154.005;153.995;1;T;True;3
1621220894000;11546746;153.981;154.001;153.991;1;T;True;3
1621220895000;11546751;153.987;154.007;153.997;4;T;True;3
1621220896000;11546753;153.989;154.009;153.999;1;T;True;3
1621220897000;11546757;153.987;154.007;153.997;3;T;True;3
1621220898000;11546760;153.987;154.007;153.997;2;T;True;3
1621220899000;11546762;153.989;154.009;153.999;1;T;True;3
1621220900000;11546763;153.989;154.009;153.999;0;T;True;3
1621220901000;11546764;153.989;154.009;153.999;0;T;True;3
1621220902000;11546765;153.989;154.009;153.999;0;T;True;3
1621220903000;11546768;153.985;154.005;153.995;2;T;True;3
1621220904000;11546769;153.985;154.005;153.995;0;T;True;3
1621220905000;11546770;153.985;154.005;153.995;0;T;True;3
1621220906000;11546772;153.987;154.007;153.997;1;T;True;3
1621220907000;11546773;153.987;154.007;153.997;0;T;True;3
1621220908000;11546774;153.987;154.007;153.997;0;T;True;3
1621220909000;11546775;153.987;154.007;153.997;0;T;True;3
1621220910000;11546779;153.985;154.005;153.995;3;T;True;3
1621220911000;11546780;153.985;154.005;153.995;0;T;True;3
1621220912000;11546783;153.989;154.009;153.999;2;T;True;3
1621220913000;11546785;153.987;154.007;153.997;1;T;True;3
1621220914000;11546786;153.987;154.007;153.997;0;T;True;3
1621220915000;11546787;153.987;154.007;153.997;0;T;True;3
1621220916000;11546789;153.988;154.008;153.998;1;T;True;3
1621220917000;11546793;153.979;153.999;153.989;3;T;True;3
1621220918000;11546794;153.979;153.999;153.989;0;T;True;3
1621220919000;11546795;153.979;153.999;153.989;0;T;True;3
1621220920000;11546801;153.973;153.993;153.983;5;T;True;3
1621220921000;11546807;153.971;153.991;153.981;5;T;True;3
1621220922000;11546808;153.971;153.991;153.981;0;T;True;3
1621220923000;11546816;153.965;153.985;153.975;7;T;True;3
1621220924000;11546820;153.966;153.986;153.976;3;T;True;3
1621220925000;11546823;153.969;153.989;153.979;2;T;True;3
1621220926000;11546827;153.973;153.993;153.983;3;T;True;3
1621220927000;11546828;153.973;153.993;153.983;0;T;True;3
1621220928000;11546829;153.973;153.993;153.983;0;T;True;3
1621220929000;11546831;153.974;153.994;153.984;1;T;True;3
1621220930000;11546837;153.977;153.997;153.987;5;T;True;3
1621220931000;11546838;153.977;153.997;153.987;0;T;True;3
1621220932000;11546839;153.977;153.997;153.987;0;T;True;3
1621220933000;11546840;153.977;153.997;153.987;0;T;True;3
1621220934000;11546843;153.981;154.001;153.991;2;T;True;3
1621220935000;11546845;153.984;154.004;153.994;1;T;True;3
1621220936000;11546849;153.983;154.003;153.993;3;T;True;3
1621220937000;11546851;153.986;154.006;153.996;1;T;True;3
1621220938000;11546853;153.987;154.007;153.997;1;T;True;3
1621220939000;11546855;153.989;154.009;153.999;1;T;True;3
1621220940000;11546856;153.989;154.009;153.999;0;T;True;3
1621220941000;11546860;153.987;154.007;153.997;3;T;True;3
1621220942000;11546863;153.985;154.005;153.995;2;T;True;3
1621220943000;11546864;153.985;154.005;153.995;0;T;True;3
1621220944000;11546866;153.987;154.007;153.997;1;T;True;3
1621220945000;11546867;153.987;154.007;153.997;0;T;True;3
1621220946000;11546868;153.987;154.007;153.997;0;T;True;3
1621220947000;11546869;153.987;154.007;153.997;0;T;True;3
1621220948000;11546872;154.007;154.027;154.017;2;T;True;3
1621220949000;11546876;154.006;154.026;154.016;3;T;True;3
1621220950000;11546878;154.005;154.025;154.015;1;T;True;3
1621220951000;11546879;154.005;154.025;154.015;0;T;True;3
1621220952000;11546880;154.005;154.025;154.015;0;T;True;3
1621220953000;11546881;154.005;154.025;154.015;0;T;True;3
1621220954000;11546882;154.005;154.025;154.015;0;T;True;3
1621220955000;11546885;154.005;154.025;154.015;2;T;True;3
1621220956000;11546886;154.005;154.025;154.015;0;T;True;3
1621220957000;11546887;154.005;154.025;154.015;0;T;True;3
1621220958000;11546891;153.997;154.017;154.007;3;T;True;3
1621220959000;11546893;153.996;154.016;154.006;1;T;True;3
1621220960000;11546897;153.995;154.015;154.005;3;T;True;3
1621220961000;11546898;153.995;154.015;154.005;0;T;True;3
1621220962000;11546900;153.993;154.013;154.003;1;T;True;3
1621220963000;11546901;153.993;154.013;154.003;0;T;True;3
1621220964000;11546903;153.994;154.014;154.004;1;T;True;3
1621220965000;11546906;153.991;154.011;154.001;2;T;True;3
1621220966000;11546908;153.99;154.01;154.0;1;T;True;3
1621220967000;11546911;153.99;154.01;154.0;2;T;True;3
1621220968000;11546914;153.987;154.007;153.997;2;T;True;3
1621220969000;11546915;153.987;154.007;153.997;0;T;True;3
1621220970000;11546916;153.987;154.007;153.997;0;T;True;3
1621220971000;11546917;153.987;154.007;153.997;0;T;True;3
1621220972000;11546919;153.986;154.006;153.996;1;T;True;3
1621220973000;11546924;153.987;154.007;153.997;4;T;True;3
1621220974000;11546925;153.987;154.007;153.997;0;T;True;3
1621220975000;11546927;153.988;154.008;153.998;1;T;True;3
1621220976000;11546928;153.988;154.008;153.998;0;T;True;3
1621220977000;11546929;153.988;154.008;153.998;0;T;True;3
1621220978000;11546930;153.988;154.008;153.998;0;T;True;3
1621220979000;11546931;153.988;154.008;153.998;0;T;True;3
1621220980000;11546932;153.988;154.008;153.998;0;T;True;3
1621220981000;11546937;153.979;153.999;153.989;4;T;True;3
1621220982000;11546938;153.979;153.999;153.989;0;T;True;3
1621220983000;11546939;153.979;153.999;153.989;0;T;True;3
1621220984000;11546946;153.98;154.0;153.99;6;T;True;3
1621220985000;11546947;153.98;154.0;153.99;0;T;True;3
1621220986000;11546951;153.979;153.999;153.989;3;T;True;3
1621220987000;11546954;153.979;153.999;153.989;2;T;True;3
1621220988000;11546955;153.979;153.999;153.989;0;T;True;3
1621220989000;11546958;153.976;153.996;153.986;2;T;True;3
1621220990000;11546960;153.977;153.997;153.987;1;T;True;3
1621220991000;11546962;153.976;153.996;153.986;1;T;True;3
1621220992000;11546963;153.976;153.996;153.986;0;T;True;3
1621220993000;11546969;153.987;154.007;153.997;5;T;True;3
1621220994000;11546970;153.987;154.007;153.997;0;T;True;3
1621220995000;11546973;153.99;154.01;154.0;2;T;True;3
1621220996000;11546975;153.991;154.011;154.001;1;T;True;3
1621220997000;11546976;153.991;154.011;154.001;0;T;True;3
1621220998000;11546977;153.991;154.011;154.001;0;T;True;3
1621220999000;11546983;153.994;154.014;154.004;5;T;True;3
1621221000000;11546985;153.995;154.015;154.005;1;T;True;3
1621221001000;11546986;153.995;154.015;154.005;0;T;True;3
1621221002000;11546988;153.997;154.017;154.007;1;T;True;3
1621221003000;11546989;153.997;154.017;154.007;0;T;True;3
1621221004000;11546991;153.996;154.016;154.006;1;T;True;3
1621221005000;11546993;153.997;154.017;154.007;1;T;True;3
1621221006000;11546994;153.997;154.017;154.007;0;T;True;3
1621221007000;11546995;153.997;154.017;154.007;0;T;True;3
1621221008000;11546997;153.995;154.015;154.005;1;T;True;3
1621221009000;11546998;153.995;154.015;154.005;0;T;True;3
1621221010000;11546999;153.995;154.015;154.005;0;T;True;3
1621221011000;11547000;153.995;154.015;154.005;0;T;True;3
1621221012000;11547003;153.991;154.011;154.001;2;T;True;3
1621221013000;11547004;153.991;154.011;154.001;0;T;True;3
1621221014000;11547005;153.991;154.011;154.001;0;T;True;3
1621221015000;11547008;153.988;154.008;153.998;2;T;True;3
1621221016000;11547010;153.987;154.007;153.997;1;T;True;3
1621221017000;11547012;153.985;154.005;153.995;1;T;True;3
1621221018000;11547013;153.985;154.005;153.995;0;T;True;3
1621221019000;11547014;153.985;154.005;153.995;0;T;True;3
1621221020000;11547018;153.981;154.001;153.991;3;T;True;3
1621221021000;11547021;153.981;154.001;153.991;2;T;True;3
1621221022000;11547023;153.98;154.0;153.99;1;T;True;3
1621221023000;11547025;153.979;153.999;153.989;1;T;True;3
1621221024000;11547029;153.983;154.003;153.993;3;T;True;3
1621221025000;11547032;153.985;154.005;153.995;2;T;True;3
1621221026000;11547034;153.986;154.006;153.996;1;T;True;3
1621221027000;11547035;153.986;154.006;153.996;0;T;True;3
1621221028000;11547040;153.99;154.01;154.0;4;T;True;3
1621221029000;11547044;153.988;154.008;153.998;3;T;True;3
1621221030000;11547045;153.988;154.008;153.998;0;T;True;3
1621221031000;11547046;153.988;154.008;153.998;0;T;True;3
1621221032000;11547049;153.988;154.008;153.998;2;T;True;3
1621221033000;11547053;153.985;154.005;153.995;3;T;True;3
1621221034000;11547057;153.987;154.007;153.997;3;T;True;3
1621221035000;11547059;153.988;154.008;153.998;1;T;True;3
1621221036000;11547060;153.988;154.008;153.998;0;T;True;3
1621221037000;11547061;153.988;154.008;153.998;0;T;True;3
1621221038000;11547062;153.988;154.008;153.998;0;T;True;3
1621221039000;11547066;153.993;154.013;154.003;3;T;True;3
1621221040000;11547067;153.993;154.013;154.003;0;T;True;3
1621221041000;11547073;153.987;154.007;153.997;5;T;True;3
1621221042000;11547074;153.987;154.007;153.997;0;T;True;3
1621221043000;11547076;153.986;154.006;153.996;1;T;True;3
1621221044000;11547078;153.985;154.005;153.995;1;T;True;3
1621221045000;11547079;153.985;154.005;153.995;0;T;True;3
1621221046000;11547081;153.987;154.007;153.997;1;T;True;3
1621221047000;11547085;153.991;154.011;154.001;3;T;True;3
1621221048000;11547088;153.991;154.011;154.001;2;T;True;3
1621221049000;11547090;153.99;154.01;154.0;1;T;True;3
1621221050000;11547092;153.989;154.009;153.999;1;T;True;3
1621221051000;11547093;153.989;154.009;153.999;0;T;True;3
1621221052000;11547094;153.989;154.009;153.999;0;T;True;3
1621221053000;11547095;153.989;154.009;153.999;0;T;True;3
1621221054000;11547096;153.989;154.009;153.999;0;T;True;3
1621221055000;11547097;153.989;154.009;153.999;0;T;True;3
1621221056000;11547098;153.989;154.009;153.999;0;T;True;3
1621221057000;11547099;153.989;154.009;153.999;0;T;True;3
1621221058000;11547100;153.989;154.009;153.999;0;T;True;3
1621221059000;11547101;153.989;154.009;153.999;0;T;True;3
1621221060000;11547105;153.994;154.014;154.004;3;T;True;3
1621221061000;11547107;153.993;154.013;154.003;1;T;True;3
1621221062000;11547109;153.994;154.014;154.004;1;T;True;3
1621221063000;11547112;153.997;154.017;154.007;2;T;True;3
1621221064000;11547114;153.998;154.018;154.008;1;T;True;3
1621221065000;11547115;153.998;154.018;154.008;0;T;True;3
1621221066000;11547118;153.998;154.018;154.008;2;T;True;3
1621221067000;11547122;153.997;154.017;154.007;3;T;True;3
1621221068000;11547124;153.996;154.016;154.006;1;T;True;3
1621221069000;11547127;153.996;154.016;154.006;2;T;True;3
1621221070000;11547129;153.997;154.017;154.007;1;T;True;3
1621221071000;11547134;153.994;154.014;154.004;4;T;True;3
1621221072000;11547138;153.991;154.011;154.001;3;T;True;3
1621221073000;11547139;153.991;154.011;154.001;0;T;True;3
1621221074000;11547142;153.995;154.015;154.005;2;T;True;3
1621221075000;11547143;153.995;154.015;154.005;0;T;True;3
1621221076000;11547144;153.995;154.015;154.005;0;T;True;3
1621221077000;11547146;153.997;154.017;154.007;1;T;True;3
1621221078000;11547147;153.997;154.017;154.007;0;T;True;3
1621221079000;11547148;153.997;154.017;154.007;0;T;True;3
1621221080000;11547149;153.997;154.017;154.007;0;T;True;3
1621221081000;11547150;153.997;154.017;154.007;0;T;True;3
1621221082000;11547151;153.997;154.017;154.007;0;T;True;3
1621221083000;11547153;153.998;154.018;154.008;1;T;True;3
1621221084000;11547155;153.999;154.019;154.009;1;T;True;3
1621221085000;11547156;153.999;154.019;154.009;0;T;True;3
1621221086000;11547157;153.999;154.019;154.009;0;T;True;3
1621221087000;11547158;153.999;154.019;154.009;0;T;True;3
1621221088000;11547160;154.002;154.022;154.012;1;T;True;3
1621221089000;11547161;154.002;154.022;154.012;0;T;True;3
1621221090000;11547163;154.001;154.021;154.011;1;T;True;3
1621221091000;11547164;154.001;154.021;154.011;0;T;True;3
1621221092000;11547166;154.002;154.022;154.012;1;T;True;3
1621221093000;11547169;154.001;154.021;154.011;2;T;True;3
1621221094000;11547172;154.003;154.023;154.013;2;T;True;3
1621221095000;11547173;154.003;154.023;154.013;0;T;True;3
1621221096000;11547174;154.003;154.023;154.013;0;T;True;3
1621221097000;11547176;154.002;154.022;154.012;1;T;True;3
1621221098000;11547177;154.002;154.022;154.012;0;T;True;3
1621221099000;11547178;154.002;154.022;154.012;0;T;True;3
1621221100000;11547179;154.002;154.022;154.012;0;T;True;3
1621221101000;11547180;154.002;154.022;154.012;0;T;True;3
1621221102000;11547182;154.003;154.023;154.013;1;T;True;3
1621221103000;11547185;154.001;154.021;154.011;2;T;True;3
1621221104000;11547186;154.001;154.021;154.011;0;T;True;3
1621221105000;11547188;154.003;154.023;154.013;1;T;True;3
1621221106000;11547189;154.003;154.023;154.013;0;T;True;3
1621221107000;11547190;154.003;154.023;154.013;0;T;True;3
1621221108000;11547191;154.003;154.023;154.013;0;T;True;3
1621221109000;11547192;154.003;154.023;154.013;0;T;True;3
1621221110000;11547193;154.003;154.023;154.013;0;T;True;3
1621221111000;11547194;154.003;154.023;154.013;0;T;True;3
1621221112000;11547195;154.003;154.023;154.013;0;T;True;3
1621221113000;11547200;154.001;154.021;154.011;4;T;True;3
1621221114000;11547202;153.999;154.019;154.009;1;T;True;3
1621221115000;11547203;153.999;154.019;154.009;0;T;True;3
1621221116000;11547207;153.996;154.016;154.006;3;T;True;3
1621221117000;11547208;153.996;154.016;154.006;0;T;True;3
1621221118000;11547210;153.997;154.017;154.007;1;T;True;3
1621221119000;11547215;154.003;154.023;154.013;4;T;True;3
1621221120000;11547217;154.001;154.021;154.011;1;T;True;3
1621221121000;11547220;153.999;154.019;154.009;2;T;True;3
1621221122000;11547221;153.999;154.019;154.009;0;T;True;3
1621221123000;11547222;153.999;154.019;154.009;0;T;True;3
1621221124000;11547223;153.999;154.019;154.009;0;T;True;3
1621221125000;11547225;153.997;154.017;154.007;1;T;True;3
1621221126000;11547227;153.995;154.015;154.005;1;T;True;3
1621221127000;11547228;153.995;154.015;154.005;0;T;True;3
1621221128000;11547229;153.995;154.015;154.005;0;T;True;3
1621221129000;11547230;153.995;154.015;154.005;0;T;True;3
1621221130000;11547231;153.995;154.015;154.005;0;T;True;3
1621221131000;11547232;153.995;154.015;154.005;0;T;True;3
1621221132000;11547233;153.995;154.015;154.005;0;T;True;3
1621221133000;11547234;153.995;154.015;154.005;0;T;True;3
1621221134000;11547235;153.995;154.015;154.005;0;T;True;3
1621221135000;11547236;153.995;154.015;154.005;0;T;True;3
1621221136000;11547237;153.995;154.015;154.005;0;T;True;3
1621221137000;11547238;153.995;154.015;154.005;0;T;True;3
1621221138000;11547239;153.995;154.015;154.005;0;T;True;3
1621221139000;11547240;153.995;154.015;154.005;0;T;True;3
1621221140000;11547242;153.994;154.014;154.004;1;T;True;3
1621221141000;11547244;153.995;154.015;154.005;1;T;True;3
1621221142000;11547245;153.995;154.015;154.005;0;T;True;3
1621221143000;11547246;153.995;154.015;154.005;0;T;True;3
1621221144000;11547247;153.995;154.015;154.005;0;T;True;3
1621221145000;11547248;153.995;154.015;154.005;0;T;True;3
1621221146000;11547249;153.995;154.015;154.005;0;T;True;3
1621221147000;11547251;153.997;154.017;154.007;1;T;True;3
1621221148000;11547252;153.997;154.017;154.007;0;T;True;3
1621221149000;11547253;153.997;154.017;154.007;0;T;True;3
1621221150000;11547254;153.997;154.017;154.007;0;T;True;3
1621221151000;11547255;153.997;154.017;154.007;0;T;True;3
1621221152000;11547257;153.995;154.015;154.005;1;T;True;3
1621221153000;11547258;153.995;154.015;154.005;0;T;True;3
1621221154000;11547259;153.995;154.015;154.005;0;T;True;3
1621221155000;11547260;153.995;154.015;154.005;0;T;True;3
1621221156000;11547261;153.995;154.015;154.005;0;T;True;3
1621221157000;11547264;153.993;154.013;154.003;2;T;True;3
1621221158000;11547266;153.995;154.015;154.005;1;T;True;3
1621221159000;11547267;153.995;154.015;154.005;0;T;True;3
1621221160000;11547269;153.994;154.014;154.004;1;T;True;3
1621221161000;11547270;153.994;154.014;154.004;0;T;True;3
1621221162000;11547271;153.994;154.014;154.004;0;T;True;3
1621221163000;11547272;153.994;154.014;154.004;0;T;True;3
1621221164000;11547274;153.993;154.013;154.003;1;T;True;3
1621221165000;11547278;153.992;154.012;154.002;3;T;True;3
1621221166000;11547280;153.991;154.011;154.001;1;T;True;3
1621221167000;11547281;153.991;154.011;154.001;0;T;True;3
1621221168000;11547283;153.989;154.009;153.999;1;T;True;3
1621221169000;11547286;153.989;154.009;153.999;2;T;True;3
1621221170000;11547287;153.989;154.009;153.999;0;T;True;3
1621221171000;11547290;153.993;154.013;154.003;2;T;True;3
1621221172000;11547293;153.993;154.013;154.003;2;T;True;3
1621221173000;11547296;153.995;154.015;154.005;2;T;True;3
1621221174000;11547299;153.995;154.015;154.005;2;T;True;3
1621221175000;11547300;153.995;154.015;154.005;0;T;True;3
1621221176000;11547301;153.995;154.015;154.005;0;T;True;3
1621221177000;11547302;153.995;154.015;154.005;0;T;True;3
1621221178000;11547303;153.995;154.015;154.005;0;T;True;3
1621221179000;11547304;153.995;154.015;154.005;0;T;True;3
1621221180000;11547305;153.995;154.015;154.005;0;T;True;3
1621221181000;11547306;153.995;154.015;154.005;0;T;True;3
1621221182000;11547309;153.997;154.017;154.007;2;T;True;3
1621221183000;11547310;153.997;154.017;154.007;0;T;True;3
1621221184000;11547312;153.998;154.018;154.008;1;T;True;3
1621221185000;11547314;153.999;154.019;154.009;1;T;True;3
1621221186000;11547318;154.004;154.024;154.014;3;T;True;3
1621221187000;11547319;154.004;154.024;154.014;0;T;True;3
1621221188000;11547320;154.004;154.024;154.014;0;T;True;3
1621221189000;11547322;154.003;154.023;154.013;1;T;True;3
1621221190000;11547325;154.001;154.021;154.011;2;T;True;3
1621221191000;11547326;154.001;154.021;154.011;0;T;True;3
1621221192000;11547330;154.003;154.023;154.013;3;T;True;3
1621221193000;11547334;154.001;154.021;154.011;3;T;True;3
1621221194000;11547335;154.001;154.021;154.011;0;T;True;3
1621221195000;11547336;154.001;154.021;154.011;0;T;True;3
1621221196000;11547337;154.001;154.021;154.011;0;T;True;3
1621221197000;11547338;154.001;154.021;154.011;0;T;True;3
1621221198000;11547339;154.001;154.021;154.011;0;T;True;3
1621221199000;11547343;154.001;154.021;154.011;3;T;True;3
1621221200000;11547345;153.999;154.019;154.009;1;T;True;3
1621221201000;11547348;154.004;154.024;154.014;2;T;True;3
1621221202000;11547349;154.004;154.024;154.014;0;T;True;3
1621221203000;11547351;154.005;154.025;154.015;1;T;True;3
1621221204000;11547352;154.005;154.025;154.015;0;T;True;3
1621221205000;11547353;154.005;154.025;154.015;0;T;True;3
1621221206000;11547354;154.005;154.025;154.015;0;T;True;3
1621221207000;11547355;154.005;154.025;154.015;0;T;True;3
1621221208000;11547357;154.006;154.026;154.016;1;T;True;3
1621221209000;11547359;154.007;154.027;154.017;1;T;True;3
1621221210000;11547360;154.007;154.027;154.017;0;T;True;3
1621221211000;11547362;154.006;154.026;154.016;1;T;True;3
1621221212000;11547364;154.005;154.025;154.015;1;T;True;3
1621221213000;11547366;154.004;154.024;154.014;1;T;True;3
1621221214000;11547369;154.004;154.024;154.014;2;T;True;3
1621221215000;11547371;154.005;154.025;154.015;1;T;True;3
1621221216000;11547372;154.005;154.025;154.015;0;T;True;3
1621221217000;11547374;154.004;154.024;154.014;1;T;True;3
1621221218000;11547376;154.003;154.023;154.013;1;T;True;3
1621221219000;11547377;154.003;154.023;154.013;0;T;True;3
1621221220000;11547381;154.003;154.023;154.013;3;T;True;3
1621221221000;11547382;154.003;154.023;154.013;0;T;True;3
1621221222000;11547383;154.003;154.023;154.013;0;T;True;3
1621221223000;11547384;154.003;154.023;154.013;0;T;True;3
1621221224000;11547385;154.003;154.023;154.013;0;T;True;3
1621221225000;11547388;154.001;154.021;154.011;2;T;True;3
1621221226000;11547389;154.001;154.021;154.011;0;T;True;3
1621221227000;11547390;154.001;154.021;154.011;0;T;True;3
1621221228000;11547395;153.998;154.018;154.008;4;T;True;3
1621221229000;11547397;153.999;154.019;154.009;1;T;True;3
1621221230000;11547398;153.999;154.019;154.009;0;T;True;3
1621221231000;11547399;153.999;154.019;154.009;0;T;True;3
1621221232000;11547401;153.998;154.018;154.008;1;T;True;3
1621221233000;11547404;153.994;154.014;154.004;2;T;True;3
1621221234000;11547406;153.993;154.013;154.003;1;T;True;3
1621221235000;11547408;153.994;154.014;154.004;1;T;True;3
1621221236000;11547412;153.991;154.011;154.001;3;T;True;3
1621221237000;11547416;153.987;154.007;153.997;3;T;True;3
1621221238000;11547417;153.987;154.007;153.997;0;T;True;3
1621221239000;11547418;153.987;154.007;153.997;0;T;True;3
1621221240000;11547422;153.986;154.006;153.996;3;T;True;3
1621221241000;11547424;153.987;154.007;153.997;1;T;True;3
1621221242000;11547428;153.995;154.015;154.005;3;T;True;3
1621221243000;11547431;153.998;154.018;154.008;2;T;True;3
1621221244000;11547437;153.997;154.017;154.007;5;T;True;3
1621221245000;11547439;153.998;154.018;154.008;1;T;True;3
1621221246000;11547441;153.997;154.017;154.007;1;T;True;3
1621221247000;11547442;153.997;154.017;154.007;0;T;True;3
1621221248000;11547443;153.997;154.017;154.007;0;T;True;3
1621221249000;11547444;153.997;154.017;154.007;0;T;True;3
1621221250000;11547445;153.997;154.017;154.007;0;T;True;3
1621221251000;11547450;154.005;154.025;154.015;4;T;True;3
1621221252000;11547451;154.005;154.025;154.015;0;T;True;3
1621221253000;11547452;154.005;154.025;154.015;0;T;True;3
1621221254000;11547453;154.005;154.025;154.015;0;T;True;3
1621221255000;11547454;154.005;154.025;154.015;0;T;True;3
1621221256000;11547455;154.005;154.025;154.015;0;T;True;3
1621221257000;11547456;154.005;154.025;154.015;0;T;True;3
1621221258000;11547461;153.994;154.014;154.004;4;T;True;3
1621221259000;11547462;153.994;154.014;154.004;0;T;True;3
1621221260000;11547463;153.994;154.014;154.004;0;T;True;3
1621221261000;11547466;153.991;154.011;154.001;2;T;True;3
1621221262000;11547468;153.992;154.012;154.002;1;T;True;3
1621221263000;11547470;153.993;154.013;154.003;1;T;True;3
1621221264000;11547471;153.993;154.013;154.003;0;T;True;3
1621221265000;11547472;153.993;154.013;154.003;0;T;True;3
1621221266000;11547473;153.993;154.013;154.003;0;T;True;3
1621221267000;11547474;153.993;154.013;154.003;0;T;True;3
1621221268000;11547475;153.993;154.013;154.003;0;T;True;3
1621221269000;11547476;153.993;154.013;154.003;0;T;True;3
1621221270000;11547477;153.993;154.013;154.003;0;T;True;3
1621221271000;11547478;153.993;154.013;154.003;0;T;True;3
1621221272000;11547481;153.99;154.01;154.0;2;T;True;3
1621221273000;11547486;153.986;154.006;153.996;4;T;True;3
1621221274000;11547488;153.985;154.005;153.995;1;T;True;3
1621221275000;11547491;153.985;154.005;153.995;2;T;True;3
1621221276000;11547495;153.991;154.011;154.001;3;T;True;3
1621221277000;11547496;153.991;154.011;154.001;0;T;True;3
1621221278000;11547497;153.991;154.011;154.001;0;T;True;3
1621221279000;11547501;153.993;154.013;154.003;3;T;True;3
1621221280000;11547506;153.992;154.012;154.002;4;T;True;3
1621221281000;11547508;153.994;154.014;154.004;1;T;True;3
1621221282000;11547511;153.994;154.014;154.004;2;T;True;3
1621221283000;11547514;153.996;154.016;154.006;2;T;True;3
1621221284000;11547515;153.996;154.016;154.006;0;T;True;3
1621221285000;11547517;153.995;154.015;154.005;1;T;True;3
1621221286000;11547522;154.001;154.021;154.011;4;T;True;3
1621221287000;11547525;154.001;154.021;154.011;2;T;True;3
1621221288000;11547527;154.003;154.023;154.013;1;T;True;3
1621221289000;11547529;154.001;154.021;154.011;1;T;True;3
1621221290000;11547530;154.001;154.021;154.011;0;T;True;3
1621221291000;11547533;154.001;154.021;154.011;2;T;True;3
1621221292000;11547534;154.001;154.021;154.011;0;T;True;3
1621221293000;11547536;153.998;154.018;154.008;1;T;True;3
1621221294000;11547538;153.997;154.017;154.007;1;T;True;3
1621221295000;11547543;153.989;154.009;153.999;4;T;True;3
1621221296000;11547545;153.988;154.008;153.998;1;T;True;3
1621221297000;11547546;153.988;154.008;153.998;0;T;True;3
1621221298000;11547548;153.987;154.007;153.997;1;T;True;3
1621221299000;11547549;153.987;154.007;153.997;0;T;True;3
1621221300000;11547552;153.987;154.007;153.997;2;T;True;3
1621221301000;11547553;153.987;154.007;153.997;0;T;True;3
1621221302000;11547555;153.985;154.005;153.995;1;T;True;3
1621221303000;11547556;153.985;154.005;153.995;0;T;True;3
1621221304000;11547557;153.985;154.005;153.995;0;T;True;3
1621221305000;11547558;153.985;154.005;153.995;0;T;True;3
1621221306000;11547560;153.987;154.007;153.997;1;T;True;3
1621221307000;11547561;153.987;154.007;153.997;0;T;True;3
1621221308000;11547563;153.991;154.011;154.001;1;T;True;3
1621221309000;11547565;153.993;154.013;154.003;1;T;True;3
1621221310000;11547566;153.993;154.013;154.003;0;T;True;3
1621221311000;11547567;153.993;154.013;154.003;0;T;True;3
1621221312000;11547568;153.993;154.013;154.003;0;T;True;3
1621221313000;11547569;153.993;154.013;154.003;0;T;True;3
1621221314000;11547570;153.993;154.013;154.003;0;T;True;3
1621221315000;11547571;153.993;154.013;154.003;0;T;True;3
1621221316000;11547572;153.993;154.013;154.003;0;T;True;3
1621221317000;11547573;153.993;154.013;154.003;0;T;True;3
1621221318000;11547575;153.991;154.011;154.001;1;T;True;3
1621221319000;11547576;153.991;154.011;154.001;0;T;True;3
1621221320000;11547577;153.991;154.011;154.001;0;T;True;3
1621221321000;11547578;153.991;154.011;154.001;0;T;True;3
1621221322000;11547579;153.991;154.011;154.001;0;T;True;3
1621221323000;11547580;153.991;154.011;154.001;0;T;True;3
1621221324000;11547582;153.993;154.013;154.003;1;T;True;3
1621221325000;11547583;153.993;154.013;154.003;0;T;True;3
1621221326000;11547587;153.985;154.005;153.995;3;T;True;3
1621221327000;11547588;153.985;154.005;153.995;0;T;True;3
1621221328000;11547589;153.985;154.005;153.995;0;T;True;3
1621221329000;11547598;153.997;154.017;154.007;8;T;True;3
1621221330000;11547599;153.997;154.017;154.007;0;T;True;3
1621221331000;11547601;153.999;154.019;154.009;1;T;True;3
1621221332000;11547603;153.997;154.017;154.007;1;T;True;3
1621221333000;11547607;153.99;154.01;154.0;3;T;True;3
1621221334000;11547608;153.99;154.01;154.0;0;T;True;3
1621221335000;11547609;153.99;154.01;154.0;0;T;True;3
1621221336000;11547610;153.99;154.01;154.0;0;T;True;3
1621221337000;11547612;153.987;154.007;153.997;1;T;True;3
1621221338000;11547614;153.986;154.006;153.996;1;T;True;3
1621221339000;11547615;153.986;154.006;153.996;0;T;True;3
1621221340000;11547616;153.986;154.006;153.996;0;T;True;3
1621221341000;11547617;153.986;154.006;153.996;0;T;True;3
1621221342000;11547618;153.986;154.006;153.996;0;T;True;3
1621221343000;11547619;153.986;154.006;153.996;0;T;True;3
1621221344000;11547620;153.986;154.006;153.996;0;T;True;3
1621221345000;11547626;153.985;154.005;153.995;5;T;True;3
1621221346000;11547627;153.985;154.005;153.995;0;T;True;3
1621221347000;11547631;153.988;154.008;153.998;3;T;True;3
1621221348000;11547637;153.987;154.007;153.997;5;T;True;3
1621221349000;11547638;153.987;154.007;153.997;0;T;True;3
1621221350000;11547641;153.993;154.013;154.003;2;T;True;3
1621221351000;11547643;153.99;154.01;154.0;1;T;True;3
1621221352000;11547648;153.994;154.014;154.004;4;T;True;3
1621221353000;11547650;153.995;154.015;154.005;1;T;True;3
1621221354000;11547651;153.995;154.015;154.005;0;T;True;3
1621221355000;11547652;153.995;154.015;154.005;0;T;True;3
1621221356000;11547653;153.995;154.015;154.005;0;T;True;3
1621221357000;11547654;153.995;154.015;154.005;0;T;True;3
1621221358000;11547655;153.995;154.015;154.005;0;T;True;3
1621221359000;11547656;153.995;154.015;154.005;0;T;True;3
1621221360000;11547657;153.995;154.015;154.005;0;T;True;3
1621221361000;11547658;153.995;154.015;154.005;0;T;True;3
1621221362000;11547662;153.997;154.017;154.007;3;T;True;3
1621221363000;11547663;153.997;154.017;154.007;0;T;True;3
1621221364000;11547664;153.997;154.017;154.007;0;T;True;3
1621221365000;11547666;153.999;154.019;154.009;1;T;True;3
1621221366000;11547667;153.999;154.019;154.009;0;T;True;3
1621221367000;11547668;153.999;154.019;154.009;0;T;True;3
1621221368000;11547669;153.999;154.019;154.009;0;T;True;3
1621221369000;11547670;153.999;154.019;154.009;0;T;True;3
1621221370000;11547671;153.999;154.019;154.009;0;T;True;3
1621221371000;11547672;153.999;154.019;154.009;0;T;True;3
1621221372000;11547673;153.999;154.019;154.009;0;T;True;3
1621221373000;11547674;153.999;154.019;154.009;0;T;True;3
1621221374000;11547675;153.999;154.019;154.009;0;T;True;3
1621221375000;11547676;153.999;154.019;154.009;0;T;True;3
1621221376000;11547677;153.999;154.019;154.009;0;T;True;3
1621221377000;11547680;153.999;154.019;154.009;2;T;True;3
1621221378000;11547681;153.999;154.019;154.009;0;T;True;3
1621221379000;11547682;153.999;154.019;154.009;0;T;True;3
1621221380000;11547683;153.999;154.019;154.009;0;T;True;3
1621221381000;11547684;153.999;154.019;154.009;0;T;True;3
1621221382000;11547685;153.999;154.019;154.009;0;T;True;3
1621221383000;11547686;153.999;154.019;154.009;0;T;True;3
1621221384000;11547688;153.999;154.019;154.009;1;T;True;3
1621221385000;11547689;153.999;154.019;154.009;0;T;True;3
1621221386000;11547690;153.999;154.019;154.009;0;T;True;3
1621221387000;11547691;153.999;154.019;154.009;0;T;True;3
1621221388000;11547693;154.0;154.02;154.01;1;T;True;3
1621221389000;11547695;154.001;154.021;154.011;1;T;True;3
1621221390000;11547699;154.005;154.025;154.015;3;T;True;3
1621221391000;11547700;154.005;154.025;154.015;0;T;True;3
1621221392000;11547702;154.007;154.027;154.017;1;T;True;3
1621221393000;11547704;154.007;154.027;154.017;1;T;True;3
1621221394000;11547708;154.007;154.027;154.017;3;T;True;3
1621221395000;11547709;154.007;154.027;154.017;0;T;True;3
1621221396000;11547710;154.007;154.027;154.017;0;T;True;3
1621221397000;11547711;154.007;154.027;154.017;0;T;True;3
1621221398000;11547712;154.007;154.027;154.017;0;T;True;3
1621221399000;11547713;154.007;154.027;154.017;0;T;True;3
1621221400000;11547715;154.006;154.026;154.016;1;T;True;3
1621221401000;11547716;154.006;154.026;154.016;0;T;True;3
1621221402000;11547717;154.006;154.026;154.016;0;T;True;3
1621221403000;11547718;154.006;154.026;154.016;0;T;True;3
1621221404000;11547719;154.006;154.026;154.016;0;T;True;3
1621221405000;11547720;154.006;154.026;154.016;0;T;True;3
1621221406000;11547722;154.005;154.025;154.015;1;T;True;3
1621221407000;11547723;154.005;154.025;154.015;0;T;True;3
1621221408000;11547724;154.005;154.025;154.015;0;T;True;3
1621221409000;11547725;154.005;154.025;154.015;0;T;True;3
1621221410000;11547726;154.005;154.025;154.015;0;T;True;3
1621221411000;11547727;154.005;154.025;154.015;0;T;True;3
1621221412000;11547728;154.005;154.025;154.015;0;T;True;3
1621221413000;11547729;154.005;154.025;154.015;0;T;True;3
1621221414000;11547730;154.005;154.025;154.015;0;T;True;3
1621221415000;11547731;154.005;154.025;154.015;0;T;True;3
1621221416000;11547733;154.006;154.026;154.016;1;T;True;3
1621221417000;11547735;154.007;154.027;154.017;1;T;True;3
1621221418000;11547738;154.005;154.025;154.015;2;T;True;3
1621221419000;11547739;154.005;154.025;154.015;0;T;True;3
1621221420000;11547740;154.005;154.025;154.015;0;T;True;3
1621221421000;11547741;154.005;154.025;154.015;0;T;True;3
1621221422000;11547742;154.005;154.025;154.015;0;T;True;3
1621221423000;11547743;154.005;154.025;154.015;0;T;True;3
1621221424000;11547744;154.005;154.025;154.015;0;T;True;3
1621221425000;11547748;154.009;154.029;154.019;3;T;True;3
1621221426000;11547750;154.01;154.03;154.02;1;T;True;3
1621221427000;11547752;154.009;154.029;154.019;1;T;True;3
1621221428000;11547753;154.009;154.029;154.019;0;T;True;3
1621221429000;11547754;154.009;154.029;154.019;0;T;True;3
1621221430000;11547756;154.011;154.031;154.021;1;T;True;3
1621221431000;11547758;154.014;154.034;154.024;1;T;True;3
1621221432000;11547760;154.013;154.033;154.023;1;T;True;3
1621221433000;11547761;154.013;154.033;154.023;0;T;True;3
1621221434000;11547762;154.013;154.033;154.023;0;T;True;3
1621221435000;11547763;154.013;154.033;154.023;0;T;True;3
1621221436000;11547765;154.011;154.031;154.021;1;T;True;3
1621221437000;11547766;154.011;154.031;154.021;0;T;True;3
1621221438000;11547767;154.011;154.031;154.021;0;T;True;3
1621221439000;11547768;154.011;154.031;154.021;0;T;True;3
1621221440000;11547769;154.011;154.031;154.021;0;T;True;3
1621221441000;11547771;154.012;154.032;154.022;1;T;True;3
1621221442000;11547772;154.012;154.032;154.022;0;T;True;3
1621221443000;11547774;154.011;154.031;154.021;1;T;True;3
1621221444000;11547777;154.007;154.027;154.017;2;T;True;3
1621221445000;11547778;154.007;154.027;154.017;0;T;True;3
1621221446000;11547779;154.007;154.027;154.017;0;T;True;3
1621221447000;11547780;154.007;154.027;154.017;0;T;True;3
1621221448000;11547782;154.006;154.026;154.016;1;T;True;3
1621221449000;11547784;154.007;154.027;154.017;1;T;True;3
1621221450000;11547785;154.007;154.027;154.017;0;T;True;3
1621221451000;11547787;154.015;154.035;154.025;1;T;True;3
1621221452000;11547788;154.015;154.035;154.025;0;T;True;3
1621221453000;11547790;154.014;154.034;154.024;1;T;True;3
1621221454000;11547791;154.014;154.034;154.024;0;T;True;3
1621221455000;11547792;154.014;154.034;154.024;0;T;True;3
1621221456000;11547793;154.014;154.034;154.024;0;T;True;3
1621221457000;11547794;154.014;154.034;154.024;0;T;True;3
1621221458000;11547797;154.013;154.033;154.023;2;T;True;3
1621221459000;11547799;154.01;154.03;154.02;1;T;True;3
1621221460000;11547801;154.011;154.031;154.021;1;T;True;3
1621221461000;11547803;154.013;154.033;154.023;1;T;True;3
1621221462000;11547804;154.013;154.033;154.023;0;T;True;3
1621221463000;11547805;154.013;154.033;154.023;0;T;True;3
1621221464000;11547810;154.006;154.026;154.016;4;T;True;3
1621221465000;11547814;154.003;154.023;154.013;3;T;True;3
1621221466000;11547818;154.008;154.028;154.018;3;T;True;3
1621221467000;11547821;154.006;154.026;154.016;2;T;True;3
1621221468000;11547823;154.005;154.025;154.015;1;T;True;3
1621221469000;11547825;154.004;154.024;154.014;1;T;True;3
1621221470000;11547826;154.004;154.024;154.014;0;T;True;3
1621221471000;11547830;154.011;154.031;154.021;3;T;True;3
1621221472000;11547836;154.014;154.034;154.024;5;T;True;3
1621221473000;11547837;154.014;154.034;154.024;0;T;True;3
1621221474000;11547842;154.021;154.041;154.031;4;T;True;3
1621221475000;11547843;154.021;154.041;154.031;0;T;True;3
1621221476000;11547844;154.021;154.041;154.031;0;T;True;3
1621221477000;11547847;154.023;154.043;154.033;2;T;True;3
1621221478000;11547848;154.023;154.043;154.033;0;T;True;3
1621221479000;11547849;154.023;154.043;154.033;0;T;True;3
1621221480000;11547850;154.023;154.043;154.033;0;T;True;3
1621221481000;11547851;154.023;154.043;154.033;0;T;True;3
1621221482000;11547857;154.015;154.035;154.025;5;T;True;3
1621221483000;11547860;154.019;154.039;154.029;2;T;True;3
1621221484000;11547861;154.019;154.039;154.029;0;T;True;3
1621221485000;11547863;154.02;154.04;154.03;1;T;True;3
1621221486000;11547864;154.02;154.04;154.03;0;T;True;3
1621221487000;11547865;154.02;154.04;154.03;0;T;True;3
1621221488000;11547867;154.021;154.041;154.031;1;T;True;3
1621221489000;11547868;154.021;154.041;154.031;0;T;True;3
1621221490000;11547870;154.022;154.042;154.032;1;T;True;3
1621221491000;11547872;154.021;154.041;154.031;1;T;True;3
1621221492000;11547873;154.021;154.041;154.031;0;T;True;3
1621221493000;11547877;154.017;154.037;154.027;3;T;True;3
1621221494000;11547878;154.017;154.037;154.027;0;T;True;3
1621221495000;11547879;154.017;154.037;154.027;0;T;True;3
1621221496000;11547880;154.017;154.037;154.027;0;T;True;3
1621221497000;11547881;154.017;154.037;154.027;0;T;True;3
1621221498000;11547882;154.017;154.037;154.027;0;T;True;3
1621221499000;11547884;154.018;154.038;154.028;1;T;True;3
1621221500000;11547885;154.018;154.038;154.028;0;T;True;3
1621221501000;11547887;154.019;154.039;154.029;1;T;True;3
1621221502000;11547892;154.019;154.039;154.029;4;T;True;3
1621221503000;11547893;154.019;154.039;154.029;0;T;True;3
1621221504000;11547894;154.019;154.039;154.029;0;T;True;3
1621221505000;11547895;154.019;154.039;154.029;0;T;True;3
1621221506000;11547897;154.02;154.04;154.03;1;T;True;3
1621221507000;11547898;154.02;154.04;154.03;0;T;True;3
1621221508000;11547899;154.02;154.04;154.03;0;T;True;3
1621221509000;11547900;154.02;154.04;154.03;0;T;True;3
1621221510000;11547901;154.02;154.04;154.03;0;T;True;3
1621221511000;11547902;154.02;154.04;154.03;0;T;True;3
1621221512000;11547903;154.02;154.04;154.03;0;T;True;3
1621221513000;11547904;154.02;154.04;154.03;0;T;True;3
1621221514000;11547906;154.021;154.041;154.031;1;T;True;3
1621221515000;11547907;154.021;154.041;154.031;0;T;True;3
1621221516000;11547908;154.021;154.041;154.031;0;T;True;3
1621221517000;11547909;154.021;154.041;154.031;0;T;True;3
1621221518000;11547910;154.021;154.041;154.031;0;T;True;3
1621221519000;11547911;154.021;154.041;154.031;0;T;True;3
1621221520000;11547912;154.021;154.041;154.031;0;T;True;3
1621221521000;11547915;154.015;154.035;154.025;2;T;True;3
1621221522000;11547916;154.015;154.035;154.025;0;T;True;3
1621221523000;11547917;154.015;154.035;154.025;0;T;True;3
1621221524000;11547919;154.013;154.033;154.023;1;T;True;3
1621221525000;11547920;154.013;154.033;154.023;0;T;True;3
1621221526000;11547921;154.013;154.033;154.023;0;T;True;3
1621221527000;11547922;154.013;154.033;154.023;0;T;True;3
1621221528000;11547923;154.013;154.033;154.023;0;T;True;3
1621221529000;11547924;154.013;154.033;154.023;0;T;True;3
1621221530000;11547925;154.013;154.033;154.023;0;T;True;3
1621221531000;11547926;154.013;154.033;154.023;0;T;True;3
1621221532000;11547928;154.014;154.034;154.024;1;T;True;3
1621221533000;11547931;154.013;154.033;154.023;2;T;True;3
1621221534000;11547935;154.015;154.035;154.025;3;T;True;3
1621221535000;11547939;154.013;154.033;154.023;3;T;True;3
1621221536000;11547940;154.013;154.033;154.023;0;T;True;3
1621221537000;11547941;154.013;154.033;154.023;0;T;True;3
1621221538000;11547945;154.021;154.041;154.031;3;T;True;3
1621221539000;11547946;154.021;154.041;154.031;0;T;True;3
1621221540000;11547948;154.022;154.042;154.032;1;T;True;3
1621221541000;11547949;154.022;154.042;154.032;0;T;True;3
1621221542000;11547951;154.023;154.043;154.033;1;T;True;3
1621221543000;11547952;154.023;154.043;154.033;0;T;True;3
1621221544000;11547953;154.023;154.043;154.033;0;T;True;3
1621221545000;11547955;154.022;154.042;154.032;1;T;True;3
1621221546000;11547958;154.02;154.04;154.03;2;T;True;3
1621221547000;11547959;154.02;154.04;154.03;0;T;True;3
1621221548000;11547962;154.015;154.035;154.025;2;T;True;3
1621221549000;11547963;154.015;154.035;154.025;0;T;True;3
1621221550000;11547964;154.015;154.035;154.025;0;T;True;3
1621221551000;11547966;154.014;154.034;154.024;1;T;True;3
1621221552000;11547968;154.015;154.035;154.025;1;T;True;3
1621221553000;11547970;154.013;154.033;154.023;1;T;True;3
1621221554000;11547972;154.012;154.032;154.022;1;T;True;3
1621221555000;11547974;154.011;154.031;154.021;1;T;True;3
1621221556000;11547975;154.011;154.031;154.021;0;T;True;3
1621221557000;11547976;154.011;154.031;154.021;0;T;True;3
1621221558000;11547978;154.016;154.036;154.026;1;T;True;3
1621221559000;11547980;154.017;154.037;154.027;1;T;True;3
1621221560000;11547982;154.018;154.038;154.028;1;T;True;3
1621221561000;11547984;154.019;154.039;154.029;1;T;True;3
1621221562000;11547986;154.02;154.04;154.03;1;T;True;3
1621221563000;11547990;154.009;154.029;154.019;3;T;True;3
1621221564000;11547991;154.009;154.029;154.019;0;T;True;3
1621221565000;11547992;154.009;154.029;154.019;0;T;True;3
1621221566000;11547995;154.007;154.027;154.017;2;T;True;3
1621221567000;11547996;154.007;154.027;154.017;0;T;True;3
1621221568000;11547997;154.007;154.027;154.017;0;T;True;3
1621221569000;11547998;154.007;154.027;154.017;0;T;True;3
1621221570000;11547999;154.007;154.027;154.017;0;T;True;3
1621221571000;11548001;154.008;154.028;154.018;1;T;True;3
1621221572000;11548002;154.008;154.028;154.018;0;T;True;3
1621221573000;11548004;154.009;154.029;154.019;1;T;True;3
1621221574000;11548005;154.009;154.029;154.019;0;T;True;3
1621221575000;11548006;154.009;154.029;154.019;0;T;True;3
1621221576000;11548007;154.009;154.029;154.019;0;T;True;3
1621221577000;11548009;154.008;154.028;154.018;1;T;True;3
1621221578000;11548010;154.008;154.028;154.018;0;T;True;3
1621221579000;11548011;154.008;154.028;154.018;0;T;True;3
1621221580000;11548013;154.009;154.029;154.019;1;T;True;3
1621221581000;11548014;154.009;154.029;154.019;0;T;True;3
1621221582000;11548015;154.009;154.029;154.019;0;T;True;3
1621221583000;11548016;154.009;154.029;154.019;0;T;True;3
1621221584000;11548017;154.009;154.029;154.019;0;T;True;3
1621221585000;11548018;154.009;154.029;154.019;0;T;True;3
1621221586000;11548020;154.01;154.03;154.02;1;T;True;3
1621221587000;11548021;154.01;154.03;154.02;0;T;True;3
1621221588000;11548023;154.009;154.029;154.019;1;T;True;3
1621221589000;11548024;154.009;154.029;154.019;0;T;True;3
1621221590000;11548028;154.007;154.027;154.017;3;T;True;3
1621221591000;11548029;154.007;154.027;154.017;0;T;True;3
1621221592000;11548030;154.007;154.027;154.017;0;T;True;3
1621221593000;11548031;154.007;154.027;154.017;0;T;True;3
1621221594000;11548032;154.007;154.027;154.017;0;T;True;3
1621221595000;11548033;154.007;154.027;154.017;0;T;True;3
1621221596000;11548034;154.007;154.027;154.017;0;T;True;3
1621221597000;11548035;154.007;154.027;154.017;0;T;True;3
1621221598000;11548036;154.007;154.027;154.017;0;T;True;3
1621221599000;11548037;154.007;154.027;154.017;0;T;True;3
1621221600000;11548038;154.007;154.027;154.017;0;T;True;3
1621221601000;11548039;154.007;154.027;154.017;0;T;True;3
1621221602000;11548040;154.007;154.027;154.017;0;T;True;3
1621221603000;11548041;154.007;154.027;154.017;0;T;True;3
1621221604000;11548042;154.007;154.027;154.017;0;T;True;3
1621221605000;11548043;154.007;154.027;154.017;0;T;True;3
1621221606000;11548044;154.007;154.027;154.017;0;T;True;3
1621221607000;11548045;154.007;154.027;154.017;0;T;True;3
1621221608000;11548046;154.007;154.027;154.017;0;T;True;3
1621221609000;11548047;154.007;154.027;154.017;0;T;True;3
1621221610000;11548051;154.0;154.02;154.01;3;T;True;3
1621221611000;11548054;153.997;154.017;154.007;2;T;True;3
1621221612000;11548055;153.997;154.017;154.007;0;T;True;3
1621221613000;11548056;153.997;154.017;154.007;0;T;True;3
1621221614000;11548059;153.997;154.017;154.007;2;T;True;3
1621221615000;11548061;153.998;154.018;154.008;1;T;True;3
1621221616000;11548062;153.998;154.018;154.008;0;T;True;3
1621221617000;11548065;154.004;154.024;154.014;2;T;True;3
1621221618000;11548066;154.004;154.024;154.014;0;T;True;3
1621221619000;11548068;154.007;154.027;154.017;1;T;True;3
1621221620000;11548070;154.003;154.023;154.013;1;T;True;3
1621221621000;11548073;154.007;154.027;154.017;2;T;True;3
1621221622000;11548074;154.007;154.027;154.017;0;T;True;3
1621221623000;11548076;154.009;154.029;154.019;1;T;True;3
1621221624000;11548077;154.009;154.029;154.019;0;T;True;3
1621221625000;11548078;154.009;154.029;154.019;0;T;True;3
1621221626000;11548079;154.009;154.029;154.019;0;T;True;3
1621221627000;11548080;154.009;154.029;154.019;0;T;True;3
1621221628000;11548081;154.009;154.029;154.019;0;T;True;3
1621221629000;11548083;154.007;154.027;154.017;1;T;True;3
1621221630000;11548084;154.007;154.027;154.017;0;T;True;3
1621221631000;11548085;154.007;154.027;154.017;0;T;True;3
1621221632000;11548087;154.005;154.025;154.015;1;T;True;3
1621221633000;11548088;154.005;154.025;154.015;0;T;True;3
1621221634000;11548089;154.005;154.025;154.015;0;T;True;3
1621221635000;11548090;154.005;154.025;154.015;0;T;True;3
1621221636000;11548091;154.005;154.025;154.015;0;T;True;3
1621221637000;11548092;154.005;154.025;154.015;0;T;True;3
1621221638000;11548093;154.005;154.025;154.015;0;T;True;3
1621221639000;11548094;154.005;154.025;154.015;0;T;True;3
1621221640000;11548097;154.001;154.021;154.011;2;T;True;3
1621221641000;11548101;153.998;154.018;154.008;3;T;True;3
1621221642000;11548107;153.995;154.015;154.005;5;T;True;3
1621221643000;11548108;153.995;154.015;154.005;0;T;True;3
1621221644000;11548110;153.997;154.017;154.007;1;T;True;3
1621221645000;11548111;153.997;154.017;154.007;0;T;True;3
1621221646000;11548112;153.997;154.017;154.007;0;T;True;3
1621221647000;11548115;153.999;154.019;154.009;2;T;True;3
1621221648000;11548118;153.991;154.011;154.001;2;T;True;3
1621221649000;11548123;153.997;154.017;154.007;4;T;True;3
1621221650000;11548124;153.997;154.017;154.007;0;T;True;3
1621221651000;11548125;153.997;154.017;154.007;0;T;True;3
1621221652000;11548126;153.997;154.017;154.007;0;T;True;3
1621221653000;11548128;153.998;154.018;154.008;1;T;True;3
1621221654000;11548130;153.999;154.019;154.009;1;T;True;3
1621221655000;11548133;153.993;154.013;154.003;2;T;True;3
1621221656000;11548134;153.993;154.013;154.003;0;T;True;3
1621221657000;11548135;153.993;154.013;154.003;0;T;True;3
1621221658000;11548136;153.993;154.013;154.003;0;T;True;3
1621221659000;11548137;153.993;154.013;154.003;0;T;True;3
1621221660000;11548138;153.993;154.013;154.003;0;T;True;3
1621221661000;11548141;153.997;154.017;154.007;2;T;True;3
1621221662000;11548142;153.997;154.017;154.007;0;T;True;3
1621221663000;11548143;153.997;154.017;154.007;0;T;True;3
1621221664000;11548144;153.997;154.017;154.007;0;T;True;3
1621221665000;11548146;153.999;154.019;154.009;1;T;True;3
1621221666000;11548147;153.999;154.019;154.009;0;T;True;3
1621221667000;11548148;153.999;154.019;154.009;0;T;True;3
1621221668000;11548149;153.999;154.019;154.009;0;T;True;3
1621221669000;11548150;153.999;154.019;154.009;0;T;True;3
1621221670000;11548151;153.999;154.019;154.009;0;T;True;3
1621221671000;11548152;153.999;154.019;154.009;0;T;True;3
1621221672000;11548153;153.999;154.019;154.009;0;T;True;3
1621221673000;11548154;153.999;154.019;154.009;0;T;True;3
1621221674000;11548155;153.999;154.019;154.009;0;T;True;3
1621221675000;11548156;153.999;154.019;154.009;0;T;True;3
1621221676000;11548157;153.999;154.019;154.009;0;T;True;3
1621221677000;11548158;153.999;154.019;154.009;0;T;True;3
1621221678000;11548160;153.995;154.015;154.005;1;T;True;3
1621221679000;11548161;153.995;154.015;154.005;0;T;True;3
1621221680000;11548164;153.997;154.017;154.007;2;T;True;3
1621221681000;11548168;153.993;154.013;154.003;3;T;True;3
1621221682000;11548169;153.993;154.013;154.003;0;T;True;3
1621221683000;11548170;153.993;154.013;154.003;0;T;True;3
1621221684000;11548171;153.993;154.013;154.003;0;T;True;3
1621221685000;11548173;153.992;154.012;154.002;1;T;True;3
1621221686000;11548174;153.992;154.012;154.002;0;T;True;3
1621221687000;11548175;153.992;154.012;154.002;0;T;True;3
1621221688000;11548178;153.997;154.017;154.007;2;T;True;3
1621221689000;11548181;154.001;154.021;154.011;2;T;True;3
1621221690000;11548182;154.001;154.021;154.011;0;T;True;3
1621221691000;11548183;154.001;154.021;154.011;0;T;True;3
1621221692000;11548184;154.001;154.021;154.011;0;T;True;3
1621221693000;11548185;154.001;154.021;154.011;0;T;True;3
1621221694000;11548187;153.999;154.019;154.009;1;T;True;3
1621221695000;11548189;154.0;154.02;154.01;1;T;True;3
1621221696000;11548190;154.0;154.02;154.01;0;T;True;3
1621221697000;11548191;154.0;154.02;154.01;0;T;True;3
1621221698000;11548192;154.0;154.02;154.01;0;T;True;3
1621221699000;11548193;154.0;154.02;154.01;0;T;True;3
1621221700000;11548194;154.0;154.02;154.01;0;T;True;3
1621221701000;11548195;154.0;154.02;154.01;0;T;True;3
1621221702000;11548196;154.0;154.02;154.01;0;T;True;3
1621221703000;11548197;154.0;154.02;154.01;0;T;True;3
1621221704000;11548199;153.999;154.019;154.009;1;T;True;3
1621221705000;11548200;153.999;154.019;154.009;0;T;True;3
1621221706000;11548205;153.994;154.014;154.004;4;T;True;3
1621221707000;11548206;153.994;154.014;154.004;0;T;True;3
1621221708000;11548208;153.995;154.015;154.005;1;T;True;3
1621221709000;11548209;153.995;154.015;154.005;0;T;True;3
1621221710000;11548210;153.995;154.015;154.005;0;T;True;3
1621221711000;11548211;153.995;154.015;154.005;0;T;True;3
1621221712000;11548212;153.995;154.015;154.005;0;T;True;3
1621221713000;11548213;153.995;154.015;154.005;0;T;True;3
1621221714000;11548214;153.995;154.015;154.005;0;T;True;3
1621221715000;11548215;153.995;154.015;154.005;0;T;True;3
1621221716000;11548216;153.995;154.015;154.005;0;T;True;3
1621221717000;11548218;153.994;154.014;154.004;1;T;True;3
1621221718000;11548221;153.992;154.012;154.002;2;T;True;3
1621221719000;11548223;153.991;154.011;154.001;1;T;True;3
1621221720000;11548226;153.989;154.009;153.999;2;T;True;3
1621221721000;11548231;153.999;154.019;154.009;4;T;True;3
1621221722000;11548233;154.0;154.02;154.01;1;T;True;3
1621221723000;11548236;153.995;154.015;154.005;2;T;True;3
1621221724000;11548237;153.995;154.015;154.005;0;T;True;3
1621221725000;11548242;154.004;154.024;154.014;4;T;True;3
1621221726000;11548243;154.004;154.024;154.014;0;T;True;3
1621221727000;11548244;154.004;154.024;154.014;0;T;True;3
1621221728000;11548246;154.005;154.025;154.015;1;T;True;3
1621221729000;11548247;154.005;154.025;154.015;0;T;True;3
1621221730000;11548248;154.005;154.025;154.015;0;T;True;3
1621221731000;11548249;154.005;154.025;154.015;0;T;True;3
1621221732000;11548250;154.005;154.025;154.015;0;T;True;3
1621221733000;11548252;154.003;154.023;154.013;1;T;True;3
1621221734000;11548253;154.003;154.023;154.013;0;T;True;3
1621221735000;11548254;154.003;154.023;154.013;0;T;True;3
1621221736000;11548255;154.003;154.023;154.013;0;T;True;3
1621221737000;11548257;154.006;154.026;154.016;1;T;True;3
1621221738000;11548259;154.005;154.025;154.015;1;T;True;3
1621221739000;11548260;154.005;154.025;154.015;0;T;True;3
1621221740000;11548261;154.005;154.025;154.015;0;T;True;3
1621221741000;11548262;154.005;154.025;154.015;0;T;True;3
1621221742000;11548264;154.007;154.027;154.017;1;T;True;3
1621221743000;11548266;154.009;154.029;154.019;1;T;True;3
1621221744000;11548268;154.011;154.031;154.021;1;T;True;3
1621221745000;11548269;154.011;154.031;154.021;0;T;True;3
1621221746000;11548272;154.008;154.028;154.018;2;T;True;3
1621221747000;11548273;154.008;154.028;154.018;0;T;True;3
1621221748000;11548278;154.009;154.029;154.019;4;T;True;3
1621221749000;11548282;154.001;154.021;154.011;3;T;True;3
1621221750000;11548284;154.003;154.023;154.013;1;T;True;3
1621221751000;11548285;154.003;154.023;154.013;0;T;True;3
1621221752000;11548286;154.003;154.023;154.013;0;T;True;3
1621221753000;11548287;154.003;154.023;154.013;0;T;True;3
1621221754000;11548288;154.003;154.023;154.013;0;T;True;3
1621221755000;11548291;154.009;154.029;154.019;2;T;True;3
1621221756000;11548294;154.003;154.023;154.013;2;T;True;3
1621221757000;11548295;154.003;154.023;154.013;0;T;True;3
1621221758000;11548298;154.007;154.027;154.017;2;T;True;3
1621221759000;11548301;154.007;154.027;154.017;2;T;True;3
1621221760000;11548302;154.007;154.027;154.017;0;T;True;3
1621221761000;11548303;154.007;154.027;154.017;0;T;True;3
1621221762000;11548306;154.007;154.027;154.017;2;T;True;3
1621221763000;11548308;154.008;154.028;154.018;1;T;True;3
1621221764000;11548310;154.009;154.029;154.019;1;T;True;3
1621221765000;11548311;154.009;154.029;154.019;0;T;True;3
1621221766000;11548312;154.009;154.029;154.019;0;T;True;3
1621221767000;11548313;154.009;154.029;154.019;0;T;True;3
1621221768000;11548314;154.009;154.029;154.019;0;T;True;3
1621221769000;11548315;154.009;154.029;154.019;0;T;True;3
1621221770000;11548316;154.009;154.029;154.019;0;T;True;3
1621221771000;11548317;154.009;154.029;154.019;0;T;True;3
1621221772000;11548318;154.009;154.029;154.019;0;T;True;3
1621221773000;11548319;154.009;154.029;154.019;0;T;True;3
1621221774000;11548320;154.009;154.029;154.019;0;T;True;3
1621221775000;11548321;154.009;154.029;154.019;0;T;True;3
1621221776000;11548322;154.009;154.029;154.019;0;T;True;3
1621221777000;11548323;154.009;154.029;154.019;0;T;True;3
1621221778000;11548325;154.007;154.027;154.017;1;T;True;3
1621221779000;11548328;153.999;154.019;154.009;2;T;True;3
1621221780000;11548329;153.999;154.019;154.009;0;T;True;3
1621221781000;11548330;153.999;154.019;154.009;0;T;True;3
1621221782000;11548332;153.998;154.018;154.008;1;T;True;3
1621221783000;11548333;153.998;154.018;154.008;0;T;True;3
1621221784000;11548334;153.998;154.018;154.008;0;T;True;3
1621221785000;11548336;153.997;154.017;154.007;1;T;True;3
1621221786000;11548337;153.997;154.017;154.007;0;T;True;3
1621221787000;11548338;153.997;154.017;154.007;0;T;True;3
1621221788000;11548340;153.995;154.015;154.005;1;T;True;3
1621221789000;11548343;153.991;154.011;154.001;2;T;True;3
1621221790000;11548344;153.991;154.011;154.001;0;T;True;3
1621221791000;11548346;153.989;154.009;153.999;1;T;True;3
1621221792000;11548347;153.989;154.009;153.999;0;T;True;3
1621221793000;11548349;153.988;154.008;153.998;1;T;True;3
1621221794000;11548352;153.988;154.008;153.998;2;T;True;3
1621221795000;11548357;153.984;154.004;153.994;4;T;True;3
1621221796000;11548358;153.984;154.004;153.994;0;T;True;3
1621221797000;11548359;153.984;154.004;153.994;0;T;True;3
1621221798000;11548362;153.982;154.002;153.992;2;T;True;3
1621221799000;11548364;153.981;154.001;153.991;1;T;True;3
1621221800000;11548365;153.981;154.001;153.991;0;T;True;3
1621221801000;11548366;153.981;154.001;153.991;0;T;True;3
1621221802000;11548367;153.981;154.001;153.991;0;T;True;3
1621221803000;11548370;153.981;154.001;153.991;2;T;True;3
1621221804000;11548373;153.983;154.003;153.993;2;T;True;3
1621221805000;11548374;153.983;154.003;153.993;0;T;True;3
1621221806000;11548375;153.983;154.003;153.993;0;T;True;3
1621221807000;11548376;153.983;154.003;153.993;0;T;True;3
1621221808000;11548379;153.987;154.007;153.997;2;T;True;3
1621221809000;11548381;153.989;154.009;153.999;1;T;True;3
1621221810000;11548382;153.989;154.009;153.999;0;T;True;3
1621221811000;11548387;153.989;154.009;153.999;4;T;True;3
1621221812000;11548388;153.989;154.009;153.999;0;T;True;3
1621221813000;11548389;153.989;154.009;153.999;0;T;True;3
1621221814000;11548390;153.989;154.009;153.999;0;T;True;3
1621221815000;11548391;153.989;154.009;153.999;0;T;True;3
1621221816000;11548393;153.991;154.011;154.001;1;T;True;3
1621221817000;11548395;153.993;154.013;154.003;1;T;True;3
1621221818000;11548397;153.991;154.011;154.001;1;T;True;3
1621221819000;11548398;153.991;154.011;154.001;0;T;True;3
1621221820000;11548399;153.991;154.011;154.001;0;T;True;3
1621221821000;11548401;153.99;154.01;154.0;1;T;True;3
1621221822000;11548404;153.987;154.007;153.997;2;T;True;3
1621221823000;11548408;153.979;153.999;153.989;3;T;True;3
1621221824000;11548410;153.981;154.001;153.991;1;T;True;3
1621221825000;11548412;153.982;154.002;153.992;1;T;True;3
1621221826000;11548414;153.983;154.003;153.993;1;T;True;3
1621221827000;11548416;153.984;154.004;153.994;1;T;True;3
1621221828000;11548417;153.984;154.004;153.994;0;T;True;3
1621221829000;11548419;153.985;154.005;153.995;1;T;True;3
1621221830000;11548420;153.985;154.005;153.995;0;T;True;3
1621221831000;11548421;153.985;154.005;153.995;0;T;True;3
1621221832000;11548422;153.985;154.005;153.995;0;T;True;3
1621221833000;11548428;153.995;154.015;154.005;5;T;True;3
1621221834000;11548430;153.994;154.014;154.004;1;T;True;3
1621221835000;11548434;153.995;154.015;154.005;3;T;True;3
1621221836000;11548437;153.991;154.011;154.001;2;T;True;3
1621221837000;11548438;153.991;154.011;154.001;0;T;True;3
1621221838000;11548442;153.987;154.007;153.997;3;T;True;3
1621221839000;11548444;153.985;154.005;153.995;1;T;True;3
1621221840000;11548446;153.986;154.006;153.996;1;T;True;3
1621221841000;11548447;153.986;154.006;153.996;0;T;True;3
1621221842000;11548449;153.987;154.007;153.997;1;T;True;3
1621221843000;11548453;153.987;154.007;153.997;3;T;True;3
1621221844000;11548454;153.987;154.007;153.997;0;T;True;3
1621221845000;11548455;153.987;154.007;153.997;0;T;True;3
1621221846000;11548456;153.987;154.007;153.997;0;T;True;3
1621221847000;11548459;153.987;154.007;153.997;2;T;True;3
1621221848000;11548461;153.985;154.005;153.995;1;T;True;3
1621221849000;11548463;153.983;154.003;153.993;1;T;True;3
1621221850000;11548467;153.985;154.005;153.995;3;T;True;3
1621221851000;11548468;153.985;154.005;153.995;0;T;True;3
1621221852000;11548470;153.984;154.004;153.994;1;T;True;3
1621221853000;11548471;153.984;154.004;153.994;0;T;True;3
1621221854000;11548472;153.984;154.004;153.994;0;T;True;3
1621221855000;11548473;153.984;154.004;153.994;0;T;True;3
1621221856000;11548476;153.987;154.007;153.997;2;T;True;3
1621221857000;11548477;153.987;154.007;153.997;0;T;True;3
1621221858000;11548479;153.988;154.008;153.998;1;T;True;3
1621221859000;11548480;153.988;154.008;153.998;0;T;True;3
1621221860000;11548482;153.989;154.009;153.999;1;T;True;3
1621221861000;11548485;153.994;154.014;154.004;2;T;True;3
1621221862000;11548486;153.994;154.014;154.004;0;T;True;3
1621221863000;11548487;153.994;154.014;154.004;0;T;True;3
1621221864000;11548491;153.995;154.015;154.005;3;T;True;3
1621221865000;11548493;153.996;154.016;154.006;1;T;True;3
1621221866000;11548495;153.997;154.017;154.007;1;T;True;3
1621221867000;11548496;153.997;154.017;154.007;0;T;True;3
1621221868000;11548497;153.997;154.017;154.007;0;T;True;3
1621221869000;11548501;153.99;154.01;154.0;3;T;True;3
1621221870000;11548503;153.991;154.011;154.001;1;T;True;3
1621221871000;11548506;153.988;154.008;153.998;2;T;True;3
1621221872000;11548507;153.988;154.008;153.998;0;T;True;3
1621221873000;11548508;153.988;154.008;153.998;0;T;True;3
1621221874000;11548516;153.993;154.013;154.003;7;T;True;3
1621221875000;11548518;153.991;154.011;154.001;1;T;True;3
1621221876000;11548523;153.99;154.01;154.0;4;T;True;3
1621221877000;11548526;153.988;154.008;153.998;2;T;True;3
1621221878000;11548527;153.988;154.008;153.998;0;T;True;3
1621221879000;11548528;153.988;154.008;153.998;0;T;True;3
1621221880000;11548530;153.989;154.009;153.999;1;T;True;3
1621221881000;11548531;153.989;154.009;153.999;0;T;True;3
1621221882000;11548534;153.991;154.011;154.001;2;T;True;3
1621221883000;11548538;153.985;154.005;153.995;3;T;True;3
1621221884000;11548539;153.985;154.005;153.995;0;T;True;3
1621221885000;11548540;153.985;154.005;153.995;0;T;True;3
1621221886000;11548541;153.985;154.005;153.995;0;T;True;3
1621221887000;11548542;153.985;154.005;153.995;0;T;True;3
1621221888000;11548546;153.983;154.003;153.993;3;T;True;3
1621221889000;11548552;153.975;153.995;153.985;5;T;True;3
1621221890000;11548555;153.975;153.995;153.985;2;T;True;3
1621221891000;11548557;153.977;153.997;153.987;1;T;True;3
1621221892000;11548558;153.977;153.997;153.987;0;T;True;3
1621221893000;11548562;153.974;153.994;153.984;3;T;True;3
1621221894000;11548565;153.973;153.993;153.983;2;T;True;3
1621221895000;11548568;153.976;153.996;153.986;2;T;True;3
1621221896000;11548571;153.974;153.994;153.984;2;T;True;3
1621221897000;11548574;153.974;153.994;153.984;2;T;True;3
1621221898000;11548575;153.974;153.994;153.984;0;T;True;3
1621221899000;11548577;153.977;153.997;153.987;1;T;True;3
1621221900000;11548578;153.977;153.997;153.987;0;T;True;3
1621221901000;11548582;153.983;154.003;153.993;3;T;True;3
1621221902000;11548584;153.981;154.001;153.991;1;T;True;3
1621221903000;11548586;153.978;153.998;153.988;1;T;True;3
1621221904000;11548587;153.978;153.998;153.988;0;T;True;3
1621221905000;11548589;153.979;153.999;153.989;1;T;True;3
1621221906000;11548590;153.979;153.999;153.989;0;T;True;3
1621221907000;11548592;153.978;153.998;153.988;1;T;True;3
1621221908000;11548594;153.977;153.997;153.987;1;T;True;3
1621221909000;11548595;153.977;153.997;153.987;0;T;True;3
1621221910000;11548596;153.977;153.997;153.987;0;T;True;3
1621221911000;11548597;153.977;153.997;153.987;0;T;True;3
1621221912000;11548600;153.975;153.995;153.985;2;T;True;3
1621221913000;11548601;153.975;153.995;153.985;0;T;True;3
1621221914000;11548602;153.975;153.995;153.985;0;T;True;3
1621221915000;11548603;153.975;153.995;153.985;0;T;True;3
1621221916000;11548604;153.975;153.995;153.985;0;T;True;3
1621221917000;11548605;153.975;153.995;153.985;0;T;True;3
1621221918000;11548606;153.975;153.995;153.985;0;T;True;3
1621221919000;11548609;153.976;153.996;153.986;2;T;True;3
1621221920000;11548611;153.975;153.995;153.985;1;T;True;3
1621221921000;11548614;153.976;153.996;153.986;2;T;True;3
1621221922000;11548620;153.971;153.991;153.981;5;T;True;3
1621221923000;11548623;153.971;153.991;153.981;2;T;True;3
1621221924000;11548624;153.971;153.991;153.981;0;T;True;3
1621221925000;11548626;153.972;153.992;153.982;1;T;True;3
1621221926000;11548629;153.97;153.99;153.98;2;T;True;3
1621221927000;11548634;153.985;154.005;153.995;4;T;True;3
1621221928000;11548641;153.996;154.016;154.006;6;T;True;3
1621221929000;11548642;153.996;154.016;154.006;0;T;True;3
1621221930000;11548650;153.998;154.018;154.008;7;T;True;3
1621221931000;11548652;153.999;154.019;154.009;1;T;True;3
1621221932000;11548653;153.999;154.019;154.009;0;T;True;3
1621221933000;11548654;153.999;154.019;154.009;0;T;True;3
1621221934000;11548655;153.999;154.019;154.009;0;T;True;3
1621221935000;11548656;153.999;154.019;154.009;0;T;True;3
1621221936000;11548657;153.999;154.019;154.009;0;T;True;3
1621221937000;11548658;153.999;154.019;154.009;0;T;True;3
1621221938000;11548659;153.999;154.019;154.009;0;T;True;3
1621221939000;11548660;153.999;154.019;154.009;0;T;True;3
1621221940000;11548663;153.999;154.019;154.009;2;T;True;3
1621221941000;11548665;153.998;154.018;154.008;1;T;True;3
1621221942000;11548666;153.998;154.018;154.008;0;T;True;3
1621221943000;11548669;153.996;154.016;154.006;2;T;True;3
1621221944000;11548670;153.996;154.016;154.006;0;T;True;3
1621221945000;11548671;153.996;154.016;154.006;0;T;True;3
1621221946000;11548672;153.996;154.016;154.006;0;T;True;3
1621221947000;11548673;153.996;154.016;154.006;0;T;True;3
1621221948000;11548676;153.995;154.015;154.005;2;T;True;3
1621221949000;11548685;153.986;154.006;153.996;8;T;True;3
1621221950000;11548689;153.986;154.006;153.996;3;T;True;3
1621221951000;11548690;153.986;154.006;153.996;0;T;True;3
1621221952000;11548698;153.983;154.003;153.993;7;T;True;3
1621221953000;11548701;153.983;154.003;153.993;2;T;True;3
1621221954000;11548703;153.982;154.002;153.992;1;T;True;3
1621221955000;11548709;153.984;154.004;153.994;5;T;True;3
1621221956000;11548712;153.981;154.001;153.991;2;T;True;3
1621221957000;11548716;153.985;154.005;153.995;3;T;True;3
1621221958000;11548719;153.987;154.007;153.997;2;T;True;3
1621221959000;11548722;153.983;154.003;153.993;2;T;True;3
1621221960000;11548723;153.983;154.003;153.993;0;T;True;3
1621221961000;11548730;153.989;154.009;153.999;6;T;True;3
1621221962000;11548731;153.989;154.009;153.999;0;T;True;3
1621221963000;11548734;153.99;154.01;154.0;2;T;True;3
1621221964000;11548735;153.99;154.01;154.0;0;T;True;3
1621221965000;11548736;153.99;154.01;154.0;0;T;True;3
1621221966000;11548740;153.987;154.007;153.997;3;T;True;3
1621221967000;11548741;153.987;154.007;153.997;0;T;True;3
1621221968000;11548742;153.987;154.007;153.997;0;T;True;3
1621221969000;11548749;153.985;154.005;153.995;6;T;True;3
1621221970000;11548750;153.985;154.005;153.995;0;T;True;3
1621221971000;11548751;153.985;154.005;153.995;0;T;True;3
1621221972000;11548753;153.983;154.003;153.993;1;T;True;3
1621221973000;11548755;153.984;154.004;153.994;1;T;True;3
1621221974000;11548758;153.983;154.003;153.993;2;T;True;3
1621221975000;11548761;153.989;154.009;153.999;2;T;True;3
1621221976000;11548762;153.989;154.009;153.999;0;T;True;3
1621221977000;11548763;153.989;154.009;153.999;0;T;True;3
1621221978000;11548767;153.99;154.01;154.0;3;T;True;3
1621221979000;11548773;153.989;154.009;153.999;5;T;True;3
1621221980000;11548777;153.989;154.009;153.999;3;T;True;3
1621221981000;11548780;153.988;154.008;153.998;2;T;True;3
1621221982000;11548784;153.989;154.009;153.999;3;T;True;3
1621221983000;11548785;153.989;154.009;153.999;0;T;True;3
1621221984000;11548787;153.99;154.01;154.0;1;T;True;3
1621221985000;11548790;153.993;154.013;154.003;2;T;True;3
1621221986000;11548793;153.993;154.013;154.003;2;T;True;3
1621221987000;11548794;153.993;154.013;154.003;0;T;True;3
1621221988000;11548795;153.993;154.013;154.003;0;T;True;3
1621221989000;11548797;153.992;154.012;154.002;1;T;True;3
