ts;n;bid;ask;value;volume;phase;round;active_id
1621267062000;11628010;154.185;154.205;154.195;0;T;True;3
1621267063000;11628011;154.185;154.205;154.195;0;T;True;3
1621267064000;11628012;154.185;154.205;154.195;0;T;True;3
1621267065000;11628013;154.185;154.205;154.195;0;T;True;3
1621267066000;11628014;154.185;154.205;154.195;0;T;True;3
1621267067000;11628015;154.185;154.205;154.195;0;T;True;3
1621267068000;11628017;154.186;154.206;154.196;1;T;True;3
1621267069000;11628019;154.189;154.209;154.199;1;T;True;3
1621267070000;11628020;154.189;154.209;154.199;0;T;True;3
1621267071000;11628025;154.197;154.217;154.207;4;T;True;3
1621267072000;11628026;154.197;154.217;154.207;0;T;True;3
1621267073000;11628027;154.197;154.217;154.207;0;T;True;3
1621267074000;11628028;154.197;154.217;154.207;0;T;True;3
1621267075000;11628029;154.197;154.217;154.207;0;T;True;3
1621267076000;11628030;154.197;154.217;154.207;0;T;True;3
1621267077000;11628031;154.197;154.217;154.207;0;T;True;3
1621267078000;11628032;154.197;154.217;154.207;0;T;True;3
1621267079000;11628033;154.197;154.217;154.207;0;T;True;3
1621267080000;11628034;154.197;154.217;154.207;0;T;True;3
1621267081000;11628035;154.197;154.217;154.207;0;T;True;3
1621267082000;11628037;154.198;154.218;154.208;1;T;True;3
1621267083000;11628038;154.198;154.218;154.208;0;T;True;3
1621267084000;11628039;154.198;154.218;154.208;0;T;True;3
1621267085000;11628042;154.204;154.224;154.214;2;T;True;3
1621267086000;11628046;154.209;154.229;154.219;3;T;True;3
1621267087000;11628048;154.21;154.23;154.22;1;T;True;3
1621267088000;11628051;154.208;154.228;154.218;2;T;True;3
1621267089000;11628052;154.208;154.228;154.218;0;T;True;3
1621267090000;11628054;154.207;154.227;154.217;1;T;True;3
1621267091000;11628057;154.201;154.221;154.211;2;T;True;3
1621267092000;11628058;154.201;154.221;154.211;0;T;True;3
1621267093000;11628063;154.197;154.217;154.207;4;T;True;3
1621267094000;11628066;154.2;154.22;154.21;2;T;True;3
1621267095000;11628067;154.2;154.22;154.21;0;T;True;3
1621267096000;11628068;154.2;154.22;154.21;0;T;True;3
1621267097000;11628069;154.2;154.22;154.21;0;T;True;3
1621267098000;11628071;154.201;154.221;154.211;1;T;True;3
1621267099000;11628073;154.203;154.223;154.213;1;T;True;3
1621267100000;11628074;154.203;154.223;154.213;0;T;True;3
1621267101000;11628075;154.203;154.223;154.213;0;T;True;3
1621267102000;11628076;154.203;154.223;154.213;0;T;True;3
1621267103000;11628077;154.203;154.223;154.213;0;T;True;3
1621267104000;11628078;154.203;154.223;154.213;0;T;True;3
1621267105000;11628079;154.203;154.223;154.213;0;T;True;3
1621267106000;11628080;154.203;154.223;154.213;0;T;True;3
1621267107000;11628082;154.204;154.224;154.214;1;T;True;3
1621267108000;11628083;154.204;154.224;154.214;0;T;True;3
1621267109000;11628084;154.204;154.224;154.214;0;T;True;3
1621267110000;11628085;154.204;154.224;154.214;0;T;True;3
1621267111000;11628086;154.204;154.224;154.214;0;T;True;3
1621267112000;11628087;154.204;154.224;154.214;0;T;True;3
1621267113000;11628088;154.204;154.224;154.214;0;T;True;3
1621267114000;11628089;154.204;154.224;154.214;0;T;True;3
1621267115000;11628097;154.213;154.233;154.223;7;T;True;3
1621267116000;11628099;154.215;154.235;154.225;1;T;True;3
1621267117000;11628100;154.215;154.235;154.225;0;T;True;3
1621267118000;11628101;154.215;154.235;154.225;0;T;True;3
1621267119000;11628102;154.215;154.235;154.225;0;T;True;3
1621267120000;11628104;154.213;154.233;154.223;1;T;True;3
1621267121000;11628105;154.213;154.233;154.223;0;T;True;3
1621267122000;11628106;154.213;154.233;154.223;0;T;True;3
1621267123000;11628107;154.213;154.233;154.223;0;T;True;3
1621267124000;11628108;154.213;154.233;154.223;0;T;True;3
1621267125000;11628110;154.211;154.231;154.221;1;T;True;3
1621267126000;11628111;154.211;154.231;154.221;0;T;True;3
1621267127000;11628112;154.211;154.231;154.221;0;T;True;3
1621267128000;11628113;154.211;154.231;154.221;0;T;True;3
1621267129000;11628114;154.211;154.231;154.221;0;T;True;3
1621267130000;11628115;154.211;154.231;154.221;0;T;True;3
1621267131000;11628116;154.211;154.231;154.221;0;T;True;3
1621267132000;11628117;154.211;154.231;154.221;0;T;True;3
1621267133000;11628118;154.211;154.231;154.221;0;T;True;3
1621267134000;11628121;154.213;154.233;154.223;2;T;True;3
1621267135000;11628122;154.213;154.233;154.223;0;T;True;3
1621267136000;11628123;154.213;154.233;154.223;0;T;True;3
1621267137000;11628126;154.211;154.231;154.221;2;T;True;3
1621267138000;11628127;154.211;154.231;154.221;0;T;True;3
1621267139000;11628128;154.211;154.231;154.221;0;T;True;3
1621267140000;11628129;154.211;154.231;154.221;0;T;True;3
1621267141000;11628130;154.211;154.231;154.221;0;T;True;3
1621267142000;11628131;154.211;154.231;154.221;0;T;True;3
1621267143000;11628133;154.21;154.23;154.22;1;T;True;3
1621267144000;11628136;154.207;154.227;154.217;2;T;True;3
1621267145000;11628139;154.207;154.227;154.217;2;T;True;3
1621267146000;11628140;154.207;154.227;154.217;0;T;True;3
1621267147000;11628143;154.202;154.222;154.212;2;T;True;3
1621267148000;11628144;154.202;154.222;154.212;0;T;True;3
1621267149000;11628145;154.202;154.222;154.212;0;T;True;3
1621267150000;11628148;154.207;154.227;154.217;2;T;True;3
1621267151000;11628149;154.207;154.227;154.217;0;T;True;3
1621267152000;11628150;154.207;154.227;154.217;0;T;True;3
1621267153000;11628151;154.207;154.227;154.217;0;T;True;3
1621267154000;11628153;154.208;154.228;154.218;1;T;True;3
1621267155000;11628155;154.209;154.229;154.219;1;T;True;3
1621267156000;11628156;154.209;154.229;154.219;0;T;True;3
1621267157000;11628157;154.209;154.229;154.219;0;T;True;3
1621267158000;11628158;154.209;154.229;154.219;0;T;True;3
1621267159000;11628159;154.209;154.229;154.219;0;T;True;3
1621267160000;11628160;154.209;154.229;154.219;0;T;True;3
1621267161000;11628162;154.211;154.231;154.221;1;T;True;3
1621267162000;11628163;154.211;154.231;154.221;0;T;True;3
1621267163000;11628165;154.212;154.232;154.222;1;T;True;3
1621267164000;11628166;154.212;154.232;154.222;0;T;True;3
1621267165000;11628167;154.212;154.232;154.222;0;T;True;3
1621267166000;11628168;154.212;154.232;154.222;0;T;True;3
1621267167000;11628169;154.212;154.232;154.222;0;T;True;3
1621267168000;11628170;154.212;154.232;154.222;0;T;True;3
1621267169000;11628171;154.212;154.232;154.222;0;T;True;3
1621267170000;11628172;154.212;154.232;154.222;0;T;True;3
1621267171000;11628173;154.212;154.232;154.222;0;T;True;3
1621267172000;11628174;154.212;154.232;154.222;0;T;True;3
1621267173000;11628175;154.212;154.232;154.222;0;T;True;3
1621267174000;11628179;154.205;154.225;154.215;3;T;True;3
1621267175000;11628182;154.207;154.227;154.217;2;T;True;3
1621267176000;11628183;154.207;154.227;154.217;0;T;True;3
1621267177000;11628185;154.208;154.228;154.218;1;T;True;3
1621267178000;11628186;154.208;154.228;154.218;0;T;True;3
1621267179000;11628187;154.208;154.228;154.218;0;T;True;3
1621267180000;11628189;154.209;154.229;154.219;1;T;True;3
1621267181000;11628190;154.209;154.229;154.219;0;T;True;3
1621267182000;11628193;154.211;154.231;154.221;2;T;True;3
1621267183000;11628194;154.211;154.231;154.221;0;T;True;3
1621267184000;11628195;154.211;154.231;154.221;0;T;True;3
1621267185000;11628196;154.211;154.231;154.221;0;T;True;3
1621267186000;11628197;154.211;154.231;154.221;0;T;True;3
1621267187000;11628198;154.211;154.231;154.221;0;T;True;3
1621267188000;11628199;154.211;154.231;154.221;0;T;True;3
1621267189000;11628200;154.211;154.231;154.221;0;T;True;3
1621267190000;11628201;154.211;154.231;154.221;0;T;True;3
1621267191000;11628202;154.211;154.231;154.221;0;T;True;3
1621267192000;11628203;154.211;154.231;154.221;0;T;True;3
1621267193000;11628204;154.211;154.231;154.221;0;T;True;3
1621267194000;11628205;154.211;154.231;154.221;0;T;True;3
1621267195000;11628206;154.211;154.231;154.221;0;T;True;3
1621267196000;11628207;154.211;154.231;154.221;0;T;True;3
1621267197000;11628208;154.211;154.231;154.221;0;T;True;3
1621267198000;11628209;154.211;154.231;154.221;0;T;True;3
1621267199000;11628211;154.212;154.232;154.222;1;T;True;3
1621267200000;11628213;154.21;154.23;154.22;1;T;True;3
1621267201000;11628214;154.21;154.23;154.22;0;T;True;3
1621267202000;11628215;154.21;154.23;154.22;0;T;True;3
1621267203000;11628217;154.209;154.229;154.219;1;T;True;3
1621267204000;11628219;154.211;154.231;154.221;1;T;True;3
1621267205000;11628221;154.209;154.229;154.219;1;T;True;3
1621267206000;11628224;154.209;154.229;154.219;2;T;True;3
1621267207000;11628227;154.205;154.225;154.215;2;T;True;3
1621267208000;11628228;154.205;154.225;154.215;0;T;True;3
1621267209000;11628230;154.207;154.227;154.217;1;T;True;3
1621267210000;11628233;154.207;154.227;154.217;2;T;True;3
1621267211000;11628234;154.207;154.227;154.217;0;T;True;3
1621267212000;11628236;154.206;154.226;154.216;1;T;True;3
1621267213000;11628237;154.206;154.226;154.216;0;T;True;3
1621267214000;11628238;154.206;154.226;154.216;0;T;True;3
1621267215000;11628239;154.206;154.226;154.216;0;T;True;3
1621267216000;11628243;154.207;154.227;154.217;3;T;True;3
1621267217000;11628244;154.207;154.227;154.217;0;T;True;3
1621267218000;11628247;154.205;154.225;154.215;2;T;True;3
1621267219000;11628249;154.209;154.229;154.219;1;T;True;3
1621267220000;11628250;154.209;154.229;154.219;0;T;True;3
1621267221000;11628254;154.204;154.224;154.214;3;T;True;3
1621267222000;11628256;154.205;154.225;154.215;1;T;True;3
1621267223000;11628259;154.205;154.225;154.215;2;T;True;3
1621267224000;11628261;154.207;154.227;154.217;1;T;True;3
1621267225000;11628262;154.207;154.227;154.217;0;T;True;3
1621267226000;11628263;154.207;154.227;154.217;0;T;True;3
1621267227000;11628264;154.207;154.227;154.217;0;T;True;3
1621267228000;11628265;154.207;154.227;154.217;0;T;True;3
1621267229000;11628266;154.207;154.227;154.217;0;T;True;3
1621267230000;11628267;154.207;154.227;154.217;0;T;True;3
1621267231000;11628269;154.209;154.229;154.219;1;T;True;3
1621267232000;11628270;154.209;154.229;154.219;0;T;True;3
1621267233000;11628271;154.209;154.229;154.219;0;T;True;3
1621267234000;11628273;154.211;154.231;154.221;1;T;True;3
1621267235000;11628279;154.221;154.241;154.231;5;T;True;3
1621267236000;11628280;154.221;154.241;154.231;0;T;True;3
1621267237000;11628283;154.222;154.242;154.232;2;T;True;3
1621267238000;11628285;154.22;154.24;154.23;1;T;True;3
1621267239000;11628287;154.219;154.239;154.229;1;T;True;3
1621267240000;11628290;154.211;154.231;154.221;2;T;True;3
1621267241000;11628292;154.217;154.237;154.227;1;T;True;3
1621267242000;11628293;154.217;154.237;154.227;0;T;True;3
1621267243000;11628294;154.217;154.237;154.227;0;T;True;3
1621267244000;11628295;154.217;154.237;154.227;0;T;True;3
1621267245000;11628296;154.217;154.237;154.227;0;T;True;3
1621267246000;11628297;154.217;154.237;154.227;0;T;True;3
1621267247000;11628298;154.217;154.237;154.227;0;T;True;3
1621267248000;11628299;154.217;154.237;154.227;0;T;True;3
1621267249000;11628302;154.218;154.238;154.228;2;T;True;3
1621267250000;11628303;154.218;154.238;154.228;0;T;True;3
1621267251000;11628304;154.218;154.238;154.228;0;T;True;3
1621267252000;11628305;154.218;154.238;154.228;0;T;True;3
1621267253000;11628306;154.218;154.238;154.228;0;T;True;3
1621267254000;11628307;154.218;154.238;154.228;0;T;True;3
1621267255000;11628308;154.218;154.238;154.228;0;T;True;3
1621267256000;11628309;154.218;154.238;154.228;0;T;True;3
1621267257000;11628312;154.222;154.242;154.232;2;T;True;3
1621267258000;11628313;154.222;154.242;154.232;0;T;True;3
1621267259000;11628314;154.222;154.242;154.232;0;T;True;3
1621267260000;11628315;154.222;154.242;154.232;0;T;True;3
1621267261000;11628318;154.227;154.247;154.237;2;T;True;3
1621267262000;11628319;154.227;154.247;154.237;0;T;True;3
1621267263000;11628324;154.223;154.243;154.233;4;T;True;3
1621267264000;11628325;154.223;154.243;154.233;0;T;True;3
1621267265000;11628326;154.223;154.243;154.233;0;T;True;3
1621267266000;11628328;154.224;154.244;154.234;1;T;True;3
1621267267000;11628329;154.224;154.244;154.234;0;T;True;3
1621267268000;11628330;154.224;154.244;154.234;0;T;True;3
1621267269000;11628334;154.231;154.251;154.241;3;T;True;3
1621267270000;11628336;154.233;154.253;154.243;1;T;True;3
1621267271000;11628337;154.233;154.253;154.243;0;T;True;3
1621267272000;11628338;154.233;154.253;154.243;0;T;True;3
1621267273000;11628339;154.233;154.253;154.243;0;T;True;3
1621267274000;11628340;154.233;154.253;154.243;0;T;True;3
1621267275000;11628341;154.233;154.253;154.243;0;T;True;3
1621267276000;11628342;154.233;154.253;154.243;0;T;True;3
1621267277000;11628343;154.233;154.253;154.243;0;T;True;3
1621267278000;11628344;154.233;154.253;154.243;0;T;True;3
1621267279000;11628345;154.233;154.253;154.243;0;T;True;3
1621267280000;11628346;154.233;154.253;154.243;0;T;True;3
1621267281000;11628347;154.233;154.253;154.243;0;T;True;3
1621267282000;11628350;154.229;154.249;154.239;2;T;True;3
1621267283000;11628354;154.221;154.241;154.231;3;T;True;3
1621267284000;11628357;154.215;154.235;154.225;2;T;True;3
1621267285000;11628358;154.215;154.235;154.225;0;T;True;3
1621267286000;11628359;154.215;154.235;154.225;0;T;True;3
1621267287000;11628360;154.215;154.235;154.225;0;T;True;3
1621267288000;11628361;154.215;154.235;154.225;0;T;True;3
1621267289000;11628363;154.216;154.236;154.226;1;T;True;3
1621267290000;11628365;154.217;154.237;154.227;1;T;True;3
1621267291000;11628369;154.218;154.238;154.228;3;T;True;3
1621267292000;11628371;154.219;154.239;154.229;1;T;True;3
1621267293000;11628372;154.219;154.239;154.229;0;T;True;3
1621267294000;11628373;154.219;154.239;154.229;0;T;True;3
1621267295000;11628374;154.219;154.239;154.229;0;T;True;3
1621267296000;11628377;154.217;154.237;154.227;2;T;True;3
1621267297000;11628378;154.217;154.237;154.227;0;T;True;3
1621267298000;11628379;154.217;154.237;154.227;0;T;True;3
1621267299000;11628380;154.217;154.237;154.227;0;T;True;3
1621267300000;11628381;154.217;154.237;154.227;0;T;True;3
1621267301000;11628382;154.217;154.237;154.227;0;T;True;3
1621267302000;11628383;154.217;154.237;154.227;0;T;True;3
1621267303000;11628384;154.217;154.237;154.227;0;T;True;3
1621267304000;11628386;154.215;154.235;154.225;1;T;True;3
1621267305000;11628388;154.217;154.237;154.227;1;T;True;3
1621267306000;11628389;154.217;154.237;154.227;0;T;True;3
1621267307000;11628390;154.217;154.237;154.227;0;T;True;3
1621267308000;11628394;154.223;154.243;154.233;3;T;True;3
1621267309000;11628397;154.224;154.244;154.234;2;T;True;3
1621267310000;11628398;154.224;154.244;154.234;0;T;True;3
1621267311000;11628400;154.225;154.245;154.235;1;T;True;3
1621267312000;11628403;154.224;154.244;154.234;2;T;True;3
1621267313000;11628404;154.224;154.244;154.234;0;T;True;3
1621267314000;11628405;154.224;154.244;154.234;0;T;True;3
1621267315000;11628406;154.224;154.244;154.234;0;T;True;3
1621267316000;11628407;154.224;154.244;154.234;0;T;True;3
1621267317000;11628408;154.224;154.244;154.234;0;T;True;3
1621267318000;11628411;154.226;154.246;154.236;2;T;True;3
1621267319000;11628413;154.229;154.249;154.239;1;T;True;3
1621267320000;11628415;154.231;154.251;154.241;1;T;True;3
1621267321000;11628417;154.232;154.252;154.242;1;T;True;3
1621267322000;11628421;154.232;154.252;154.242;3;T;True;3
1621267323000;11628426;154.241;154.261;154.251;4;T;True;3
1621267324000;11628427;154.241;154.261;154.251;0;T;True;3
1621267325000;11628428;154.241;154.261;154.251;0;T;True;3
1621267326000;11628429;154.241;154.261;154.251;0;T;True;3
1621267327000;11628430;154.241;154.261;154.251;0;T;True;3
1621267328000;11628431;154.241;154.261;154.251;0;T;True;3
1621267329000;11628432;154.241;154.261;154.251;0;T;True;3
1621267330000;11628433;154.241;154.261;154.251;0;T;True;3
1621267331000;11628435;154.243;154.263;154.253;1;T;True;3
1621267332000;11628436;154.243;154.263;154.253;0;T;True;3
1621267333000;11628437;154.243;154.263;154.253;0;T;True;3
1621267334000;11628438;154.243;154.263;154.253;0;T;True;3
1621267335000;11628439;154.243;154.263;154.253;0;T;True;3
1621267336000;11628440;154.243;154.263;154.253;0;T;True;3
1621267337000;11628441;154.243;154.263;154.253;0;T;True;3
1621267338000;11628444;154.243;154.263;154.253;2;T;True;3
1621267339000;11628445;154.243;154.263;154.253;0;T;True;3
1621267340000;11628446;154.243;154.263;154.253;0;T;True;3
1621267341000;11628448;154.244;154.264;154.254;1;T;True;3
1621267342000;11628449;154.244;154.264;154.254;0;T;True;3
1621267343000;11628450;154.244;154.264;154.254;0;T;True;3
1621267344000;11628454;154.249;154.269;154.259;3;T;True;3
1621267345000;11628455;154.249;154.269;154.259;0;T;True;3
1621267346000;11628458;154.249;154.269;154.259;2;T;True;3
1621267347000;11628460;154.247;154.267;154.257;1;T;True;3
1621267348000;11628464;154.245;154.265;154.255;3;T;True;3
1621267349000;11628465;154.245;154.265;154.255;0;T;True;3
1621267350000;11628466;154.245;154.265;154.255;0;T;True;3
1621267351000;11628469;154.246;154.266;154.256;2;T;True;3
1621267352000;11628470;154.246;154.266;154.256;0;T;True;3
1621267353000;11628473;154.243;154.263;154.253;2;T;True;3
1621267354000;11628474;154.243;154.263;154.253;0;T;True;3
1621267355000;11628475;154.243;154.263;154.253;0;T;True;3
1621267356000;11628476;154.243;154.263;154.253;0;T;True;3
1621267357000;11628477;154.243;154.263;154.253;0;T;True;3
1621267358000;11628480;154.243;154.263;154.253;2;T;True;3
1621267359000;11628482;154.242;154.262;154.252;1;T;True;3
1621267360000;11628486;154.239;154.259;154.249;3;T;True;3
1621267361000;11628490;154.24;154.26;154.25;3;T;True;3
1621267362000;11628493;154.238;154.258;154.248;2;T;True;3
1621267363000;11628494;154.238;154.258;154.248;0;T;True;3
1621267364000;11628498;154.234;154.254;154.244;3;T;True;3
1621267365000;11628499;154.234;154.254;154.244;0;T;True;3
1621267366000;11628500;154.234;154.254;154.244;0;T;True;3
1621267367000;11628501;154.234;154.254;154.244;0;T;True;3
1621267368000;11628502;154.234;154.254;154.244;0;T;True;3
1621267369000;11628504;154.235;154.255;154.245;1;T;True;3
1621267370000;11628508;154.237;154.257;154.247;3;T;True;3
1621267371000;11628509;154.237;154.257;154.247;0;T;True;3
1621267372000;11628511;154.236;154.256;154.246;1;T;True;3
1621267373000;11628512;154.236;154.256;154.246;0;T;True;3
1621267374000;11628515;154.233;154.253;154.243;2;T;True;3
1621267375000;11628516;154.233;154.253;154.243;0;T;True;3
1621267376000;11628517;154.233;154.253;154.243;0;T;True;3
1621267377000;11628518;154.233;154.253;154.243;0;T;True;3
1621267378000;11628519;154.233;154.253;154.243;0;T;True;3
1621267379000;11628521;154.232;154.252;154.242;1;T;True;3
1621267380000;11628522;154.232;154.252;154.242;0;T;True;3
1621267381000;11628526;154.233;154.253;154.243;3;T;True;3
1621267382000;11628527;154.233;154.253;154.243;0;T;True;3
1621267383000;11628528;154.233;154.253;154.243;0;T;True;3
1621267384000;11628529;154.233;154.253;154.243;0;T;True;3
1621267385000;11628530;154.233;154.253;154.243;0;T;True;3
1621267386000;11628531;154.233;154.253;154.243;0;T;True;3
1621267387000;11628532;154.233;154.253;154.243;0;T;True;3
1621267388000;11628533;154.233;154.253;154.243;0;T;True;3
1621267389000;11628534;154.233;154.253;154.243;0;T;True;3
1621267390000;11628535;154.233;154.253;154.243;0;T;True;3
1621267391000;11628538;154.233;154.253;154.243;2;T;True;3
1621267392000;11628539;154.233;154.253;154.243;0;T;True;3
1621267393000;11628541;154.234;154.254;154.244;1;T;True;3
1621267394000;11628544;154.231;154.251;154.241;2;T;True;3
1621267395000;11628545;154.231;154.251;154.241;0;T;True;3
1621267396000;11628546;154.231;154.251;154.241;0;T;True;3
1621267397000;11628548;154.232;154.252;154.242;1;T;True;3
1621267398000;11628549;154.232;154.252;154.242;0;T;True;3
1621267399000;11628550;154.232;154.252;154.242;0;T;True;3
1621267400000;11628551;154.232;154.252;154.242;0;T;True;3
1621267401000;11628552;154.232;154.252;154.242;0;T;True;3
1621267402000;11628553;154.232;154.252;154.242;0;T;True;3
1621267403000;11628554;154.232;154.252;154.242;0;T;True;3
1621267404000;11628555;154.232;154.252;154.242;0;T;True;3
1621267405000;11628557;154.233;154.253;154.243;1;T;True;3
1621267406000;11628558;154.233;154.253;154.243;0;T;True;3
1621267407000;11628559;154.233;154.253;154.243;0;T;True;3
1621267408000;11628561;154.232;154.252;154.242;1;T;True;3
1621267409000;11628563;154.233;154.253;154.243;1;T;True;3
1621267410000;11628565;154.232;154.252;154.242;1;T;True;3
1621267411000;11628567;154.233;154.253;154.243;1;T;True;3
1621267412000;11628569;154.231;154.251;154.241;1;T;True;3
1621267413000;11628570;154.231;154.251;154.241;0;T;True;3
1621267414000;11628571;154.231;154.251;154.241;0;T;True;3
1621267415000;11628572;154.231;154.251;154.241;0;T;True;3
1621267416000;11628574;154.23;154.25;154.24;1;T;True;3
1621267417000;11628576;154.229;154.249;154.239;1;T;True;3
1621267418000;11628578;154.23;154.25;154.24;1;T;True;3
1621267419000;11628579;154.23;154.25;154.24;0;T;True;3
1621267420000;11628580;154.23;154.25;154.24;0;T;True;3
1621267421000;11628581;154.23;154.25;154.24;0;T;True;3
1621267422000;11628583;154.229;154.249;154.239;1;T;True;3
1621267423000;11628584;154.229;154.249;154.239;0;T;True;3
1621267424000;11628585;154.229;154.249;154.239;0;T;True;3
1621267425000;11628586;154.229;154.249;154.239;0;T;True;3
1621267426000;11628588;154.231;154.251;154.241;1;T;True;3
1621267427000;11628589;154.231;154.251;154.241;0;T;True;3
1621267428000;11628590;154.231;154.251;154.241;0;T;True;3
1621267429000;11628591;154.231;154.251;154.241;0;T;True;3
1621267430000;11628592;154.231;154.251;154.241;0;T;True;3
1621267431000;11628593;154.231;154.251;154.241;0;T;True;3
1621267432000;11628594;154.231;154.251;154.241;0;T;True;3
1621267433000;11628595;154.231;154.251;154.241;0;T;True;3
1621267434000;11628596;154.231;154.251;154.241;0;T;True;3
1621267435000;11628598;154.23;154.25;154.24;1;T;True;3
1621267436000;11628603;154.219;154.239;154.229;4;T;True;3
1621267437000;11628604;154.219;154.239;154.229;0;T;True;3
1621267438000;11628605;154.219;154.239;154.229;0;T;True;3
1621267439000;11628606;154.219;154.239;154.229;0;T;True;3
1621267440000;11628607;154.219;154.239;154.229;0;T;True;3
1621267441000;11628608;154.219;154.239;154.229;0;T;True;3
1621267442000;11628609;154.219;154.239;154.229;0;T;True;3
1621267443000;11628610;154.219;154.239;154.229;0;T;True;3
1621267444000;11628612;154.225;154.245;154.235;1;T;True;3
1621267445000;11628613;154.225;154.245;154.235;0;T;True;3
1621267446000;11628614;154.225;154.245;154.235;0;T;True;3
1621267447000;11628615;154.225;154.245;154.235;0;T;True;3
1621267448000;11628616;154.225;154.245;154.235;0;T;True;3
1621267449000;11628618;154.226;154.246;154.236;1;T;True;3
1621267450000;11628620;154.225;154.245;154.235;1;T;True;3
1621267451000;11628621;154.225;154.245;154.235;0;T;True;3
1621267452000;11628622;154.225;154.245;154.235;0;T;True;3
1621267453000;11628626;154.223;154.243;154.233;3;T;True;3
1621267454000;11628627;154.223;154.243;154.233;0;T;True;3
1621267455000;11628628;154.223;154.243;154.233;0;T;True;3
1621267456000;11628630;154.225;154.245;154.235;1;T;True;3
1621267457000;11628631;154.225;154.245;154.235;0;T;True;3
1621267458000;11628633;154.224;154.244;154.234;1;T;True;3
1621267459000;11628634;154.224;154.244;154.234;0;T;True;3
1621267460000;11628638;154.227;154.247;154.237;3;T;True;3
1621267461000;11628640;154.229;154.249;154.239;1;T;True;3
1621267462000;11628642;154.23;154.25;154.24;1;T;True;3
1621267463000;11628644;154.229;154.249;154.239;1;T;True;3
1621267464000;11628645;154.229;154.249;154.239;0;T;True;3
1621267465000;11628646;154.229;154.249;154.239;0;T;True;3
1621267466000;11628647;154.229;154.249;154.239;0;T;True;3
1621267467000;11628649;154.23;154.25;154.24;1;T;True;3
1621267468000;11628650;154.23;154.25;154.24;0;T;True;3
1621267469000;11628651;154.23;154.25;154.24;0;T;True;3
1621267470000;11628652;154.23;154.25;154.24;0;T;True;3
1621267471000;11628653;154.23;154.25;154.24;0;T;True;3
1621267472000;11628654;154.23;154.25;154.24;0;T;True;3
1621267473000;11628655;154.23;154.25;154.24;0;T;True;3
1621267474000;11628656;154.23;154.25;154.24;0;T;True;3
1621267475000;11628657;154.23;154.25;154.24;0;T;True;3
1621267476000;11628658;154.23;154.25;154.24;0;T;True;3
1621267477000;11628659;154.23;154.25;154.24;0;T;True;3
1621267478000;11628660;154.23;154.25;154.24;0;T;True;3
1621267479000;11628661;154.23;154.25;154.24;0;T;True;3
1621267480000;11628662;154.23;154.25;154.24;0;T;True;3
1621267481000;11628663;154.23;154.25;154.24;0;T;True;3
1621267482000;11628666;154.23;154.25;154.24;2;T;True;3
1621267483000;11628667;154.23;154.25;154.24;0;T;True;3
1621267484000;11628668;154.23;154.25;154.24;0;T;True;3
1621267485000;11628670;154.231;154.251;154.241;1;T;True;3
1621267486000;11628671;154.231;154.251;154.241;0;T;True;3
1621267487000;11628672;154.231;154.251;154.241;0;T;True;3
1621267488000;11628673;154.231;154.251;154.241;0;T;True;3
1621267489000;11628674;154.231;154.251;154.241;0;T;True;3
1621267490000;11628675;154.231;154.251;154.241;0;T;True;3
1621267491000;11628676;154.231;154.251;154.241;0;T;True;3
1621267492000;11628677;154.231;154.251;154.241;0;T;True;3
1621267493000;11628678;154.231;154.251;154.241;0;T;True;3
1621267494000;11628680;154.232;154.252;154.242;1;T;True;3
1621267495000;11628681;154.232;154.252;154.242;0;T;True;3
1621267496000;11628682;154.232;154.252;154.242;0;T;True;3
1621267497000;11628684;154.231;154.251;154.241;1;T;True;3
1621267498000;11628685;154.231;154.251;154.241;0;T;True;3
1621267499000;11628686;154.231;154.251;154.241;0;T;True;3
1621267500000;11628687;154.231;154.251;154.241;0;T;True;3
1621267501000;11628688;154.231;154.251;154.241;0;T;True;3
1621267502000;11628690;154.233;154.253;154.243;1;T;True;3
1621267503000;11628691;154.233;154.253;154.243;0;T;True;3
1621267504000;11628692;154.233;154.253;154.243;0;T;True;3
1621267505000;11628697;154.225;154.245;154.235;4;T;True;3
1621267506000;11628699;154.223;154.243;154.233;1;T;True;3
1621267507000;11628700;154.223;154.243;154.233;0;T;True;3
1621267508000;11628702;154.224;154.244;154.234;1;T;True;3
1621267509000;11628703;154.224;154.244;154.234;0;T;True;3
1621267510000;11628704;154.224;154.244;154.234;0;T;True;3
1621267511000;11628705;154.224;154.244;154.234;0;T;True;3
1621267512000;11628706;154.224;154.244;154.234;0;T;True;3
1621267513000;11628707;154.224;154.244;154.234;0;T;True;3
1621267514000;11628710;154.229;154.249;154.239;2;T;True;3
1621267515000;11628712;154.231;154.251;154.241;1;T;True;3
1621267516000;11628713;154.231;154.251;154.241;0;T;True;3
1621267517000;11628714;154.231;154.251;154.241;0;T;True;3
1621267518000;11628715;154.231;154.251;154.241;0;T;True;3
1621267519000;11628716;154.231;154.251;154.241;0;T;True;3
1621267520000;11628717;154.231;154.251;154.241;0;T;True;3
1621267521000;11628719;154.234;154.254;154.244;1;T;True;3
1621267522000;11628721;154.233;154.253;154.243;1;T;True;3
1621267523000;11628722;154.233;154.253;154.243;0;T;True;3
1621267524000;11628723;154.233;154.253;154.243;0;T;True;3
1621267525000;11628725;154.239;154.259;154.249;1;T;True;3
1621267526000;11628726;154.239;154.259;154.249;0;T;True;3
1621267527000;11628728;154.24;154.26;154.25;1;T;True;3
1621267528000;11628729;154.24;154.26;154.25;0;T;True;3
1621267529000;11628731;154.241;154.261;154.251;1;T;True;3
1621267530000;11628733;154.24;154.26;154.25;1;T;True;3
1621267531000;11628735;154.241;154.261;154.251;1;T;True;3
1621267532000;11628736;154.241;154.261;154.251;0;T;True;3
1621267533000;11628737;154.241;154.261;154.251;0;T;True;3
1621267534000;11628739;154.242;154.262;154.252;1;T;True;3
1621267535000;11628741;154.241;154.261;154.251;1;T;True;3
1621267536000;11628742;154.241;154.261;154.251;0;T;True;3
1621267537000;11628743;154.241;154.261;154.251;0;T;True;3
1621267538000;11628744;154.241;154.261;154.251;0;T;True;3
1621267539000;11628745;154.241;154.261;154.251;0;T;True;3
1621267540000;11628747;154.237;154.257;154.247;1;T;True;3
1621267541000;11628748;154.237;154.257;154.247;0;T;True;3
1621267542000;11628749;154.237;154.257;154.247;0;T;True;3
1621267543000;11628750;154.237;154.257;154.247;0;T;True;3
1621267544000;11628751;154.237;154.257;154.247;0;T;True;3
1621267545000;11628752;154.237;154.257;154.247;0;T;True;3
1621267546000;11628753;154.237;154.257;154.247;0;T;True;3
1621267547000;11628754;154.237;154.257;154.247;0;T;True;3
1621267548000;11628755;154.237;154.257;154.247;0;T;True;3
1621267549000;11628756;154.237;154.257;154.247;0;T;True;3
1621267550000;11628757;154.237;154.257;154.247;0;T;True;3
1621267551000;11628758;154.237;154.257;154.247;0;T;True;3
1621267552000;11628759;154.237;154.257;154.247;0;T;True;3
1621267553000;11628760;154.237;154.257;154.247;0;T;True;3
1621267554000;11628761;154.237;154.257;154.247;0;T;True;3
1621267555000;11628762;154.237;154.257;154.247;0;T;True;3
1621267556000;11628763;154.237;154.257;154.247;0;T;True;3
1621267557000;11628764;154.237;154.257;154.247;0;T;True;3
1621267558000;11628765;154.237;154.257;154.247;0;T;True;3
1621267559000;11628770;154.237;154.257;154.247;4;T;True;3
1621267560000;11628771;154.237;154.257;154.247;0;T;True;3
1621267561000;11628772;154.237;154.257;154.247;0;T;True;3
1621267562000;11628773;154.237;154.257;154.247;0;T;True;3
1621267563000;11628774;154.237;154.257;154.247;0;T;True;3
1621267564000;11628775;154.237;154.257;154.247;0;T;True;3
1621267565000;11628776;154.237;154.257;154.247;0;T;True;3
1621267566000;11628777;154.237;154.257;154.247;0;T;True;3
1621267567000;11628778;154.237;154.257;154.247;0;T;True;3
1621267568000;11628779;154.237;154.257;154.247;0;T;True;3
1621267569000;11628780;154.237;154.257;154.247;0;T;True;3
1621267570000;11628781;154.237;154.257;154.247;0;T;True;3
1621267571000;11628782;154.237;154.257;154.247;0;T;True;3
1621267572000;11628783;154.237;154.257;154.247;0;T;True;3
1621267573000;11628784;154.237;154.257;154.247;0;T;True;3
1621267574000;11628785;154.237;154.257;154.247;0;T;True;3
1621267575000;11628786;154.237;154.257;154.247;0;T;True;3
1621267576000;11628787;154.237;154.257;154.247;0;T;True;3
1621267577000;11628788;154.237;154.257;154.247;0;T;True;3
1621267578000;11628789;154.237;154.257;154.247;0;T;True;3
1621267579000;11628790;154.237;154.257;154.247;0;T;True;3
1621267580000;11628791;154.237;154.257;154.247;0;T;True;3
1621267581000;11628792;154.237;154.257;154.247;0;T;True;3
1621267582000;11628794;154.236;154.256;154.246;1;T;True;3
1621267583000;11628795;154.236;154.256;154.246;0;T;True;3
1621267584000;11628796;154.236;154.256;154.246;0;T;True;3
1621267585000;11628797;154.236;154.256;154.246;0;T;True;3
1621267586000;11628798;154.236;154.256;154.246;0;T;True;3
1621267587000;11628799;154.236;154.256;154.246;0;T;True;3
1621267588000;11628803;154.233;154.253;154.243;3;T;True;3
1621267589000;11628804;154.233;154.253;154.243;0;T;True;3
1621267590000;11628806;154.232;154.252;154.242;1;T;True;3
1621267591000;11628808;154.231;154.251;154.241;1;T;True;3
1621267592000;11628809;154.231;154.251;154.241;0;T;True;3
1621267593000;11628811;154.228;154.248;154.238;1;T;True;3
1621267594000;11628813;154.227;154.247;154.237;1;T;True;3
1621267595000;11628814;154.227;154.247;154.237;0;T;True;3
1621267596000;11628815;154.227;154.247;154.237;0;T;True;3
1621267597000;11628816;154.227;154.247;154.237;0;T;True;3
1621267598000;11628817;154.227;154.247;154.237;0;T;True;3
1621267599000;11628818;154.227;154.247;154.237;0;T;True;3
1621267600000;11628819;154.227;154.247;154.237;0;T;True;3
1621267601000;11628823;154.232;154.252;154.242;3;T;True;3
1621267602000;11628826;154.234;154.254;154.244;2;T;True;3
1621267603000;11628827;154.234;154.254;154.244;0;T;True;3
1621267604000;11628828;154.234;154.254;154.244;0;T;True;3
1621267605000;11628829;154.234;154.254;154.244;0;T;True;3
1621267606000;11628831;154.233;154.253;154.243;1;T;True;3
1621267607000;11628832;154.233;154.253;154.243;0;T;True;3
1621267608000;11628833;154.233;154.253;154.243;0;T;True;3
1621267609000;11628835;154.232;154.252;154.242;1;T;True;3
1621267610000;11628836;154.232;154.252;154.242;0;T;True;3
1621267611000;11628837;154.232;154.252;154.242;0;T;True;3
1621267612000;11628838;154.232;154.252;154.242;0;T;True;3
1621267613000;11628839;154.232;154.252;154.242;0;T;True;3
1621267614000;11628840;154.232;154.252;154.242;0;T;True;3
1621267615000;11628841;154.232;154.252;154.242;0;T;True;3
1621267616000;11628842;154.232;154.252;154.242;0;T;True;3
1621267617000;11628844;154.233;154.253;154.243;1;T;True;3
1621267618000;11628845;154.233;154.253;154.243;0;T;True;3
1621267619000;11628846;154.233;154.253;154.243;0;T;True;3
1621267620000;11628847;154.233;154.253;154.243;0;T;True;3
1621267621000;11628850;154.233;154.253;154.243;2;T;True;3
1621267622000;11628854;154.236;154.256;154.246;3;T;True;3
1621267623000;11628855;154.236;154.256;154.246;0;T;True;3
1621267624000;11628856;154.236;154.256;154.246;0;T;True;3
1621267625000;11628858;154.238;154.258;154.248;1;T;True;3
1621267626000;11628859;154.238;154.258;154.248;0;T;True;3
1621267627000;11628860;154.238;154.258;154.248;0;T;True;3
1621267628000;11628861;154.238;154.258;154.248;0;T;True;3
1621267629000;11628863;154.236;154.256;154.246;1;T;True;3
1621267630000;11628865;154.235;154.255;154.245;1;T;True;3
1621267631000;11628866;154.235;154.255;154.245;0;T;True;3
1621267632000;11628867;154.235;154.255;154.245;0;T;True;3
1621267633000;11628868;154.235;154.255;154.245;0;T;True;3
1621267634000;11628869;154.235;154.255;154.245;0;T;True;3
1621267635000;11628870;154.235;154.255;154.245;0;T;True;3
1621267636000;11628871;154.235;154.255;154.245;0;T;True;3
1621267637000;11628872;154.235;154.255;154.245;0;T;True;3
1621267638000;11628873;154.235;154.255;154.245;0;T;True;3
1621267639000;11628874;154.235;154.255;154.245;0;T;True;3
1621267640000;11628875;154.235;154.255;154.245;0;T;True;3
1621267641000;11628876;154.235;154.255;154.245;0;T;True;3
1621267642000;11628877;154.235;154.255;154.245;0;T;True;3
1621267643000;11628878;154.235;154.255;154.245;0;T;True;3
1621267644000;11628879;154.235;154.255;154.245;0;T;True;3
1621267645000;11628880;154.235;154.255;154.245;0;T;True;3
1621267646000;11628883;154.235;154.255;154.245;2;T;True;3
1621267647000;11628884;154.235;154.255;154.245;0;T;True;3
1621267648000;11628885;154.235;154.255;154.245;0;T;True;3
1621267649000;11628887;154.234;154.254;154.244;1;T;True;3
1621267650000;11628889;154.231;154.251;154.241;1;T;True;3
1621267651000;11628890;154.231;154.251;154.241;0;T;True;3
1621267652000;11628891;154.231;154.251;154.241;0;T;True;3
1621267653000;11628894;154.229;154.249;154.239;2;T;True;3
1621267654000;11628895;154.229;154.249;154.239;0;T;True;3
1621267655000;11628896;154.229;154.249;154.239;0;T;True;3
1621267656000;11628897;154.229;154.249;154.239;0;T;True;3
1621267657000;11628898;154.229;154.249;154.239;0;T;True;3
1621267658000;11628899;154.229;154.249;154.239;0;T;True;3
1621267659000;11628900;154.229;154.249;154.239;0;T;True;3
1621267660000;11628902;154.23;154.25;154.24;1;T;True;3
1621267661000;11628903;154.23;154.25;154.24;0;T;True;3
1621267662000;11628904;154.23;154.25;154.24;0;T;True;3
1621267663000;11628905;154.23;154.25;154.24;0;T;True;3
1621267664000;11628906;154.23;154.25;154.24;0;T;True;3
1621267665000;11628907;154.23;154.25;154.24;0;T;True;3
1621267666000;11628908;154.23;154.25;154.24;0;T;True;3
1621267667000;11628909;154.23;154.25;154.24;0;T;True;3
1621267668000;11628910;154.23;154.25;154.24;0;T;True;3
1621267669000;11628913;154.227;154.247;154.237;2;T;True;3
1621267670000;11628914;154.227;154.247;154.237;0;T;True;3
1621267671000;11628915;154.227;154.247;154.237;0;T;True;3
1621267672000;11628916;154.227;154.247;154.237;0;T;True;3
1621267673000;11628917;154.227;154.247;154.237;0;T;True;3
1621267674000;11628919;154.226;154.246;154.236;1;T;True;3
1621267675000;11628920;154.226;154.246;154.236;0;T;True;3
1621267676000;11628921;154.226;154.246;154.236;0;T;True;3
1621267677000;11628922;154.226;154.246;154.236;0;T;True;3
1621267678000;11628923;154.226;154.246;154.236;0;T;True;3
1621267679000;11628924;154.226;154.246;154.236;0;T;True;3
1621267680000;11628925;154.226;154.246;154.236;0;T;True;3
1621267681000;11628928;154.23;154.25;154.24;2;T;True;3
1621267682000;11628929;154.23;154.25;154.24;0;T;True;3
1621267683000;11628930;154.23;154.25;154.24;0;T;True;3
1621267684000;11628931;154.23;154.25;154.24;0;T;True;3
1621267685000;11628932;154.23;154.25;154.24;0;T;True;3
1621267686000;11628934;154.231;154.251;154.241;1;T;True;3
1621267687000;11628935;154.231;154.251;154.241;0;T;True;3
1621267688000;11628938;154.229;154.249;154.239;2;T;True;3
1621267689000;11628939;154.229;154.249;154.239;0;T;True;3
1621267690000;11628940;154.229;154.249;154.239;0;T;True;3
1621267691000;11628941;154.229;154.249;154.239;0;T;True;3
1621267692000;11628942;154.229;154.249;154.239;0;T;True;3
1621267693000;11628943;154.229;154.249;154.239;0;T;True;3
1621267694000;11628948;154.228;154.248;154.238;4;T;True;3
1621267695000;11628951;154.23;154.25;154.24;2;T;True;3
1621267696000;11628952;154.23;154.25;154.24;0;T;True;3
1621267697000;11628953;154.23;154.25;154.24;0;T;True;3
1621267698000;11628954;154.23;154.25;154.24;0;T;True;3
1621267699000;11628955;154.23;154.25;154.24;0;T;True;3
1621267700000;11628956;154.23;154.25;154.24;0;T;True;3
1621267701000;11628957;154.23;154.25;154.24;0;T;True;3
1621267702000;11628958;154.23;154.25;154.24;0;T;True;3
1621267703000;11628959;154.23;154.25;154.24;0;T;True;3
1621267704000;11628960;154.23;154.25;154.24;0;T;True;3
1621267705000;11628961;154.23;154.25;154.24;0;T;True;3
1621267706000;11628963;154.232;154.252;154.242;1;T;True;3
1621267707000;11628964;154.232;154.252;154.242;0;T;True;3
1621267708000;11628966;154.233;154.253;154.243;1;T;True;3
1621267709000;11628967;154.233;154.253;154.243;0;T;True;3
1621267710000;11628968;154.233;154.253;154.243;0;T;True;3
1621267711000;11628970;154.236;154.256;154.246;1;T;True;3
1621267712000;11628971;154.236;154.256;154.246;0;T;True;3
1621267713000;11628974;154.233;154.253;154.243;2;T;True;3
1621267714000;11628975;154.233;154.253;154.243;0;T;True;3
1621267715000;11628976;154.233;154.253;154.243;0;T;True;3
1621267716000;11628977;154.233;154.253;154.243;0;T;True;3
1621267717000;11628978;154.233;154.253;154.243;0;T;True;3
1621267718000;11628979;154.233;154.253;154.243;0;T;True;3
1621267719000;11628980;154.233;154.253;154.243;0;T;True;3
1621267720000;11628981;154.233;154.253;154.243;0;T;True;3
1621267721000;11628982;154.233;154.253;154.243;0;T;True;3
1621267722000;11628983;154.233;154.253;154.243;0;T;True;3
1621267723000;11628984;154.233;154.253;154.243;0;T;True;3
1621267724000;11628985;154.233;154.253;154.243;0;T;True;3
1621267725000;11628986;154.233;154.253;154.243;0;T;True;3
1621267726000;11628989;154.229;154.249;154.239;2;T;True;3
1621267727000;11628990;154.229;154.249;154.239;0;T;True;3
1621267728000;11628991;154.229;154.249;154.239;0;T;True;3
1621267729000;11628993;154.231;154.251;154.241;1;T;True;3
1621267730000;11628994;154.231;154.251;154.241;0;T;True;3
1621267731000;11628995;154.231;154.251;154.241;0;T;True;3
1621267732000;11628997;154.23;154.25;154.24;1;T;True;3
1621267733000;11628999;154.229;154.249;154.239;1;T;True;3
1621267734000;11629000;154.229;154.249;154.239;0;T;True;3
1621267735000;11629001;154.229;154.249;154.239;0;T;True;3
1621267736000;11629002;154.229;154.249;154.239;0;T;True;3
1621267737000;11629003;154.229;154.249;154.239;0;T;True;3
1621267738000;11629004;154.229;154.249;154.239;0;T;True;3
1621267739000;11629005;154.229;154.249;154.239;0;T;True;3
1621267740000;11629006;154.229;154.249;154.239;0;T;True;3
1621267741000;11629008;154.23;154.25;154.24;1;T;True;3
1621267742000;11629011;154.23;154.25;154.24;2;T;True;3
1621267743000;11629012;154.23;154.25;154.24;0;T;True;3
1621267744000;11629014;154.229;154.249;154.239;1;T;True;3
1621267745000;11629016;154.23;154.25;154.24;1;T;True;3
1621267746000;11629020;154.23;154.25;154.24;3;T;True;3
1621267747000;11629022;154.229;154.249;154.239;1;T;True;3
1621267748000;11629024;154.23;154.25;154.24;1;T;True;3
1621267749000;11629025;154.23;154.25;154.24;0;T;True;3
1621267750000;11629026;154.23;154.25;154.24;0;T;True;3
1621267751000;11629027;154.23;154.25;154.24;0;T;True;3
1621267752000;11629028;154.23;154.25;154.24;0;T;True;3
1621267753000;11629032;154.235;154.255;154.245;3;T;True;3
1621267754000;11629033;154.235;154.255;154.245;0;T;True;3
1621267755000;11629037;154.235;154.255;154.245;3;T;True;3
1621267756000;11629041;154.233;154.253;154.243;3;T;True;3
1621267757000;11629047;154.237;154.257;154.247;5;T;True;3
1621267758000;11629048;154.237;154.257;154.247;0;T;True;3
1621267759000;11629049;154.237;154.257;154.247;0;T;True;3
1621267760000;11629052;154.231;154.251;154.241;2;T;True;3
1621267761000;11629054;154.233;154.253;154.243;1;T;True;3
1621267762000;11629059;154.225;154.245;154.235;4;T;True;3
1621267763000;11629062;154.228;154.248;154.238;2;T;True;3
1621267764000;11629065;154.228;154.248;154.238;2;T;True;3
1621267765000;11629067;154.229;154.249;154.239;1;T;True;3
1621267766000;11629068;154.229;154.249;154.239;0;T;True;3
1621267767000;11629069;154.229;154.249;154.239;0;T;True;3
1621267768000;11629070;154.229;154.249;154.239;0;T;True;3
1621267769000;11629071;154.229;154.249;154.239;0;T;True;3
1621267770000;11629072;154.229;154.249;154.239;0;T;True;3
1621267771000;11629073;154.229;154.249;154.239;0;T;True;3
1621267772000;11629076;154.227;154.247;154.237;2;T;True;3
1621267773000;11629081;154.217;154.237;154.227;4;T;True;3
1621267774000;11629082;154.217;154.237;154.227;0;T;True;3
1621267775000;11629083;154.217;154.237;154.227;0;T;True;3
1621267776000;11629084;154.217;154.237;154.227;0;T;True;3
1621267777000;11629088;154.212;154.232;154.222;3;T;True;3
1621267778000;11629092;154.205;154.225;154.215;3;T;True;3
1621267779000;11629094;154.207;154.227;154.217;1;T;True;3
1621267780000;11629095;154.207;154.227;154.217;0;T;True;3
1621267781000;11629097;154.209;154.229;154.219;1;T;True;3
1621267782000;11629098;154.209;154.229;154.219;0;T;True;3
1621267783000;11629100;154.208;154.228;154.218;1;T;True;3
1621267784000;11629102;154.207;154.227;154.217;1;T;True;3
1621267785000;11629103;154.207;154.227;154.217;0;T;True;3
1621267786000;11629104;154.207;154.227;154.217;0;T;True;3
1621267787000;11629105;154.207;154.227;154.217;0;T;True;3
1621267788000;11629108;154.201;154.221;154.211;2;T;True;3
1621267789000;11629109;154.201;154.221;154.211;0;T;True;3
1621267790000;11629110;154.201;154.221;154.211;0;T;True;3
1621267791000;11629111;154.201;154.221;154.211;0;T;True;3
1621267792000;11629112;154.201;154.221;154.211;0;T;True;3
1621267793000;11629115;154.203;154.223;154.213;2;T;True;3
1621267794000;11629119;154.209;154.229;154.219;3;T;True;3
1621267795000;11629121;154.208;154.228;154.218;1;T;True;3
1621267796000;11629122;154.208;154.228;154.218;0;T;True;3
1621267797000;11629123;154.208;154.228;154.218;0;T;True;3
1621267798000;11629125;154.211;154.231;154.221;1;T;True;3
1621267799000;11629126;154.211;154.231;154.221;0;T;True;3
1621267800000;11629127;154.211;154.231;154.221;0;T;True;3
1621267801000;11629131;154.215;154.235;154.225;3;T;True;3
1621267802000;11629132;154.215;154.235;154.225;0;T;True;3
1621267803000;11629135;154.21;154.23;154.22;2;T;True;3
1621267804000;11629143;154.209;154.229;154.219;7;T;True;3
1621267805000;11629144;154.209;154.229;154.219;0;T;True;3
1621267806000;11629145;154.209;154.229;154.219;0;T;True;3
1621267807000;11629147;154.207;154.227;154.217;1;T;True;3
1621267808000;11629149;154.205;154.225;154.215;1;T;True;3
1621267809000;11629151;154.204;154.224;154.214;1;T;True;3
1621267810000;11629152;154.204;154.224;154.214;0;T;True;3
1621267811000;11629153;154.204;154.224;154.214;0;T;True;3
1621267812000;11629155;154.205;154.225;154.215;1;T;True;3
1621267813000;11629156;154.205;154.225;154.215;0;T;True;3
1621267814000;11629158;154.206;154.226;154.216;1;T;True;3
1621267815000;11629159;154.206;154.226;154.216;0;T;True;3
1621267816000;11629160;154.206;154.226;154.216;0;T;True;3
1621267817000;11629161;154.206;154.226;154.216;0;T;True;3
1621267818000;11629163;154.207;154.227;154.217;1;T;True;3
1621267819000;11629164;154.207;154.227;154.217;0;T;True;3
1621267820000;11629166;154.208;154.228;154.218;1;T;True;3
1621267821000;11629168;154.209;154.229;154.219;1;T;True;3
1621267822000;11629169;154.209;154.229;154.219;0;T;True;3
1621267823000;11629170;154.209;154.229;154.219;0;T;True;3
1621267824000;11629171;154.209;154.229;154.219;0;T;True;3
1621267825000;11629172;154.209;154.229;154.219;0;T;True;3
1621267826000;11629173;154.209;154.229;154.219;0;T;True;3
1621267827000;11629174;154.209;154.229;154.219;0;T;True;3
1621267828000;11629175;154.209;154.229;154.219;0;T;True;3
1621267829000;11629176;154.209;154.229;154.219;0;T;True;3
1621267830000;11629177;154.209;154.229;154.219;0;T;True;3
1621267831000;11629179;154.208;154.228;154.218;1;T;True;3
1621267832000;11629181;154.206;154.226;154.216;1;T;True;3
1621267833000;11629182;154.206;154.226;154.216;0;T;True;3
1621267834000;11629183;154.206;154.226;154.216;0;T;True;3
1621267835000;11629185;154.207;154.227;154.217;1;T;True;3
1621267836000;11629186;154.207;154.227;154.217;0;T;True;3
1621267837000;11629188;154.209;154.229;154.219;1;T;True;3
1621267838000;11629189;154.209;154.229;154.219;0;T;True;3
1621267839000;11629190;154.209;154.229;154.219;0;T;True;3
1621267840000;11629193;154.209;154.229;154.219;2;T;True;3
1621267841000;11629194;154.209;154.229;154.219;0;T;True;3
1621267842000;11629195;154.209;154.229;154.219;0;T;True;3
1621267843000;11629196;154.209;154.229;154.219;0;T;True;3
1621267844000;11629199;154.215;154.235;154.225;2;T;True;3
1621267845000;11629200;154.215;154.235;154.225;0;T;True;3
1621267846000;11629203;154.217;154.237;154.227;2;T;True;3
1621267847000;11629205;154.213;154.233;154.223;1;T;True;3
1621267848000;11629209;154.211;154.231;154.221;3;T;True;3
1621267849000;11629210;154.211;154.231;154.221;0;T;True;3
1621267850000;11629211;154.211;154.231;154.221;0;T;True;3
1621267851000;11629217;154.207;154.227;154.217;5;T;True;3
1621267852000;11629218;154.207;154.227;154.217;0;T;True;3
1621267853000;11629219;154.207;154.227;154.217;0;T;True;3
1621267854000;11629220;154.207;154.227;154.217;0;T;True;3
1621267855000;11629221;154.207;154.227;154.217;0;T;True;3
1621267856000;11629222;154.207;154.227;154.217;0;T;True;3
1621267857000;11629223;154.207;154.227;154.217;0;T;True;3
1621267858000;11629224;154.207;154.227;154.217;0;T;True;3
1621267859000;11629225;154.207;154.227;154.217;0;T;True;3
1621267860000;11629229;154.21;154.23;154.22;3;T;True;3
1621267861000;11629231;154.209;154.229;154.219;1;T;True;3
1621267862000;11629232;154.209;154.229;154.219;0;T;True;3
1621267863000;11629233;154.209;154.229;154.219;0;T;True;3
1621267864000;11629234;154.209;154.229;154.219;0;T;True;3
1621267865000;11629235;154.209;154.229;154.219;0;T;True;3
1621267866000;11629236;154.209;154.229;154.219;0;T;True;3
1621267867000;11629237;154.209;154.229;154.219;0;T;True;3
1621267868000;11629238;154.209;154.229;154.219;0;T;True;3
1621267869000;11629242;154.211;154.231;154.221;3;T;True;3
1621267870000;11629244;154.212;154.232;154.222;1;T;True;3
1621267871000;11629245;154.212;154.232;154.222;0;T;True;3
1621267872000;11629246;154.212;154.232;154.222;0;T;True;3
1621267873000;11629247;154.212;154.232;154.222;0;T;True;3
1621267874000;11629252;154.219;154.239;154.229;4;T;True;3
1621267875000;11629254;154.22;154.24;154.23;1;T;True;3
1621267876000;11629255;154.22;154.24;154.23;0;T;True;3
1621267877000;11629257;154.221;154.241;154.231;1;T;True;3
1621267878000;11629258;154.221;154.241;154.231;0;T;True;3
1621267879000;11629259;154.221;154.241;154.231;0;T;True;3
1621267880000;11629262;154.217;154.237;154.227;2;T;True;3
1621267881000;11629264;154.215;154.235;154.225;1;T;True;3
1621267882000;11629265;154.215;154.235;154.225;0;T;True;3
1621267883000;11629266;154.215;154.235;154.225;0;T;True;3
1621267884000;11629268;154.213;154.233;154.223;1;T;True;3
1621267885000;11629269;154.213;154.233;154.223;0;T;True;3
1621267886000;11629270;154.213;154.233;154.223;0;T;True;3
1621267887000;11629271;154.213;154.233;154.223;0;T;True;3
1621267888000;11629273;154.209;154.229;154.219;1;T;True;3
1621267889000;11629275;154.208;154.228;154.218;1;T;True;3
1621267890000;11629276;154.208;154.228;154.218;0;T;True;3
1621267891000;11629277;154.208;154.228;154.218;0;T;True;3
1621267892000;11629278;154.208;154.228;154.218;0;T;True;3
1621267893000;11629279;154.208;154.228;154.218;0;T;True;3
1621267894000;11629280;154.208;154.228;154.218;0;T;True;3
1621267895000;11629284;154.211;154.231;154.221;3;T;True;3
1621267896000;11629285;154.211;154.231;154.221;0;T;True;3
1621267897000;11629286;154.211;154.231;154.221;0;T;True;3
1621267898000;11629287;154.211;154.231;154.221;0;T;True;3
1621267899000;11629288;154.211;154.231;154.221;0;T;True;3
1621267900000;11629289;154.211;154.231;154.221;0;T;True;3
1621267901000;11629291;154.209;154.229;154.219;1;T;True;3
1621267902000;11629292;154.209;154.229;154.219;0;T;True;3
1621267903000;11629295;154.209;154.229;154.219;2;T;True;3
1621267904000;11629296;154.209;154.229;154.219;0;T;True;3
1621267905000;11629298;154.208;154.228;154.218;1;T;True;3
1621267906000;11629299;154.208;154.228;154.218;0;T;True;3
1621267907000;11629300;154.208;154.228;154.218;0;T;True;3
1621267908000;11629301;154.208;154.228;154.218;0;T;True;3
1621267909000;11629302;154.208;154.228;154.218;0;T;True;3
1621267910000;11629303;154.208;154.228;154.218;0;T;True;3
1621267911000;11629307;154.209;154.229;154.219;3;T;True;3
1621267912000;11629308;154.209;154.229;154.219;0;T;True;3
1621267913000;11629311;154.211;154.231;154.221;2;T;True;3
1621267914000;11629312;154.211;154.231;154.221;0;T;True;3
1621267915000;11629313;154.211;154.231;154.221;0;T;True;3
1621267916000;11629315;154.213;154.233;154.223;1;T;True;3
1621267917000;11629316;154.213;154.233;154.223;0;T;True;3
1621267918000;11629317;154.213;154.233;154.223;0;T;True;3
1621267919000;11629318;154.213;154.233;154.223;0;T;True;3
1621267920000;11629319;154.213;154.233;154.223;0;T;True;3
1621267921000;11629320;154.213;154.233;154.223;0;T;True;3
1621267922000;11629321;154.213;154.233;154.223;0;T;True;3
1621267923000;11629323;154.211;154.231;154.221;1;T;True;3
1621267924000;11629324;154.211;154.231;154.221;0;T;True;3
1621267925000;11629325;154.211;154.231;154.221;0;T;True;3
1621267926000;11629326;154.211;154.231;154.221;0;T;True;3
1621267927000;11629327;154.211;154.231;154.221;0;T;True;3
1621267928000;11629328;154.211;154.231;154.221;0;T;True;3
1621267929000;11629329;154.211;154.231;154.221;0;T;True;3
1621267930000;11629330;154.211;154.231;154.221;0;T;True;3
1621267931000;11629331;154.211;154.231;154.221;0;T;True;3
1621267932000;11629333;154.212;154.232;154.222;1;T;True;3
1621267933000;11629337;154.216;154.236;154.226;3;T;True;3
1621267934000;11629340;154.213;154.233;154.223;2;T;True;3
1621267935000;11629342;154.211;154.231;154.221;1;T;True;3
1621267936000;11629344;154.213;154.233;154.223;1;T;True;3
1621267937000;11629345;154.213;154.233;154.223;0;T;True;3
1621267938000;11629346;154.213;154.233;154.223;0;T;True;3
1621267939000;11629347;154.213;154.233;154.223;0;T;True;3
1621267940000;11629348;154.213;154.233;154.223;0;T;True;3
1621267941000;11629352;154.211;154.231;154.221;3;T;True;3
1621267942000;11629353;154.211;154.231;154.221;0;T;True;3
1621267943000;11629355;154.212;154.232;154.222;1;T;True;3
1621267944000;11629356;154.212;154.232;154.222;0;T;True;3
1621267945000;11629358;154.213;154.233;154.223;1;T;True;3
1621267946000;11629359;154.213;154.233;154.223;0;T;True;3
1621267947000;11629360;154.213;154.233;154.223;0;T;True;3
1621267948000;11629361;154.213;154.233;154.223;0;T;True;3
1621267949000;11629363;154.215;154.235;154.225;1;T;True;3
1621267950000;11629364;154.215;154.235;154.225;0;T;True;3
1621267951000;11629365;154.215;154.235;154.225;0;T;True;3
1621267952000;11629370;154.215;154.235;154.225;4;T;True;3
1621267953000;11629374;154.218;154.238;154.228;3;T;True;3
1621267954000;11629376;154.216;154.236;154.226;1;T;True;3
1621267955000;11629378;154.215;154.235;154.225;1;T;True;3
1621267956000;11629380;154.22;154.24;154.23;1;T;True;3
1621267957000;11629382;154.221;154.241;154.231;1;T;True;3
1621267958000;11629383;154.221;154.241;154.231;0;T;True;3
1621267959000;11629385;154.223;154.243;154.233;1;T;True;3
1621267960000;11629387;154.224;154.244;154.234;1;T;True;3
1621267961000;11629388;154.224;154.244;154.234;0;T;True;3
1621267962000;11629390;154.223;154.243;154.233;1;T;True;3
1621267963000;11629391;154.223;154.243;154.233;0;T;True;3
1621267964000;11629392;154.223;154.243;154.233;0;T;True;3
1621267965000;11629393;154.223;154.243;154.233;0;T;True;3
1621267966000;11629395;154.225;154.245;154.235;1;T;True;3
1621267967000;11629396;154.225;154.245;154.235;0;T;True;3
1621267968000;11629397;154.225;154.245;154.235;0;T;True;3
1621267969000;11629401;154.225;154.245;154.235;3;T;True;3
1621267970000;11629402;154.225;154.245;154.235;0;T;True;3
1621267971000;11629403;154.225;154.245;154.235;0;T;True;3
1621267972000;11629407;154.231;154.251;154.241;3;T;True;3
1621267973000;11629409;154.233;154.253;154.243;1;T;True;3
1621267974000;11629411;154.235;154.255;154.245;1;T;True;3
1621267975000;11629412;154.235;154.255;154.245;0;T;True;3
1621267976000;11629413;154.235;154.255;154.245;0;T;True;3
1621267977000;11629414;154.235;154.255;154.245;0;T;True;3
1621267978000;11629415;154.235;154.255;154.245;0;T;True;3
1621267979000;11629416;154.235;154.255;154.245;0;T;True;3
1621267980000;11629417;154.235;154.255;154.245;0;T;True;3
1621267981000;11629420;154.235;154.255;154.245;2;T;True;3
1621267982000;11629422;154.233;154.253;154.243;1;T;True;3
1621267983000;11629423;154.233;154.253;154.243;0;T;True;3
1621267984000;11629424;154.233;154.253;154.243;0;T;True;3
1621267985000;11629425;154.233;154.253;154.243;0;T;True;3
1621267986000;11629427;154.231;154.251;154.241;1;T;True;3
1621267987000;11629428;154.231;154.251;154.241;0;T;True;3
1621267988000;11629430;154.227;154.247;154.237;1;T;True;3
1621267989000;11629431;154.227;154.247;154.237;0;T;True;3
1621267990000;11629432;154.227;154.247;154.237;0;T;True;3
1621267991000;11629434;154.229;154.249;154.239;1;T;True;3
1621267992000;11629436;154.231;154.251;154.241;1;T;True;3
1621267993000;11629438;154.233;154.253;154.243;1;T;True;3
1621267994000;11629439;154.233;154.253;154.243;0;T;True;3
1621267995000;11629440;154.233;154.253;154.243;0;T;True;3
1621267996000;11629441;154.233;154.253;154.243;0;T;True;3
1621267997000;11629443;154.234;154.254;154.244;1;T;True;3
1621267998000;11629444;154.234;154.254;154.244;0;T;True;3
1621267999000;11629445;154.234;154.254;154.244;0;T;True;3
1621268000000;11629446;154.234;154.254;154.244;0;T;True;3
1621268001000;11629447;154.234;154.254;154.244;0;T;True;3
1621268002000;11629448;154.234;154.254;154.244;0;T;True;3
1621268003000;11629449;154.234;154.254;154.244;0;T;True;3
1621268004000;11629450;154.234;154.254;154.244;0;T;True;3
1621268005000;11629451;154.234;154.254;154.244;0;T;True;3
1621268006000;11629452;154.234;154.254;154.244;0;T;True;3
1621268007000;11629453;154.234;154.254;154.244;0;T;True;3
1621268008000;11629456;154.228;154.248;154.238;2;T;True;3
1621268009000;11629457;154.228;154.248;154.238;0;T;True;3
1621268010000;11629458;154.228;154.248;154.238;0;T;True;3
1621268011000;11629460;154.227;154.247;154.237;1;T;True;3
1621268012000;11629461;154.227;154.247;154.237;0;T;True;3
1621268013000;11629463;154.229;154.249;154.239;1;T;True;3
1621268014000;11629464;154.229;154.249;154.239;0;T;True;3
1621268015000;11629465;154.229;154.249;154.239;0;T;True;3
1621268016000;11629466;154.229;154.249;154.239;0;T;True;3
1621268017000;11629467;154.229;154.249;154.239;0;T;True;3
1621268018000;11629468;154.229;154.249;154.239;0;T;True;3
1621268019000;11629470;154.228;154.248;154.238;1;T;True;3
1621268020000;11629473;154.233;154.253;154.243;2;T;True;3
1621268021000;11629477;154.241;154.261;154.251;3;T;True;3
1621268022000;11629478;154.241;154.261;154.251;0;T;True;3
1621268023000;11629479;154.241;154.261;154.251;0;T;True;3
1621268024000;11629481;154.237;154.257;154.247;1;T;True;3
1621268025000;11629484;154.241;154.261;154.251;2;T;True;3
1621268026000;11629485;154.241;154.261;154.251;0;T;True;3
1621268027000;11629487;154.24;154.26;154.25;1;T;True;3
1621268028000;11629488;154.24;154.26;154.25;0;T;True;3
1621268029000;11629489;154.24;154.26;154.25;0;T;True;3
1621268030000;11629490;154.24;154.26;154.25;0;T;True;3
1621268031000;11629491;154.24;154.26;154.25;0;T;True;3
1621268032000;11629493;154.238;154.258;154.248;1;T;True;3
1621268033000;11629494;154.238;154.258;154.248;0;T;True;3
1621268034000;11629495;154.238;154.258;154.248;0;T;True;3
1621268035000;11629496;154.238;154.258;154.248;0;T;True;3
1621268036000;11629498;154.242;154.262;154.252;1;T;True;3
1621268037000;11629499;154.242;154.262;154.252;0;T;True;3
1621268038000;11629500;154.242;154.262;154.252;0;T;True;3
1621268039000;11629501;154.242;154.262;154.252;0;T;True;3
1621268040000;11629502;154.242;154.262;154.252;0;T;True;3
1621268041000;11629503;154.242;154.262;154.252;0;T;True;3
1621268042000;11629505;154.241;154.261;154.251;1;T;True;3
1621268043000;11629507;154.24;154.26;154.25;1;T;True;3
1621268044000;11629510;154.236;154.256;154.246;2;T;True;3
1621268045000;11629513;154.239;154.259;154.249;2;T;True;3
1621268046000;11629515;154.238;154.258;154.248;1;T;True;3
1621268047000;11629517;154.237;154.257;154.247;1;T;True;3
1621268048000;11629520;154.234;154.254;154.244;2;T;True;3
1621268049000;11629521;154.234;154.254;154.244;0;T;True;3
1621268050000;11629522;154.234;154.254;154.244;0;T;True;3
1621268051000;11629524;154.233;154.253;154.243;1;T;True;3
1621268052000;11629525;154.233;154.253;154.243;0;T;True;3
1621268053000;11629526;154.233;154.253;154.243;0;T;True;3
1621268054000;11629527;154.233;154.253;154.243;0;T;True;3
1621268055000;11629528;154.233;154.253;154.243;0;T;True;3
1621268056000;11629529;154.233;154.253;154.243;0;T;True;3
1621268057000;11629530;154.233;154.253;154.243;0;T;True;3
1621268058000;11629533;154.231;154.251;154.241;2;T;True;3
1621268059000;11629534;154.231;154.251;154.241;0;T;True;3
1621268060000;11629535;154.231;154.251;154.241;0;T;True;3
1621268061000;11629536;154.231;154.251;154.241;0;T;True;3
1621268062000;11629537;154.231;154.251;154.241;0;T;True;3
1621268063000;11629539;154.23;154.25;154.24;1;T;True;3
1621268064000;11629540;154.23;154.25;154.24;0;T;True;3
1621268065000;11629541;154.23;154.25;154.24;0;T;True;3
1621268066000;11629542;154.23;154.25;154.24;0;T;True;3
1621268067000;11629544;154.231;154.251;154.241;1;T;True;3
1621268068000;11629545;154.231;154.251;154.241;0;T;True;3
1621268069000;11629548;154.238;154.258;154.248;2;T;True;3
1621268070000;11629550;154.239;154.259;154.249;1;T;True;3
1621268071000;11629551;154.239;154.259;154.249;0;T;True;3
1621268072000;11629552;154.239;154.259;154.249;0;T;True;3
1621268073000;11629553;154.239;154.259;154.249;0;T;True;3
1621268074000;11629555;154.237;154.257;154.247;1;T;True;3
1621268075000;11629557;154.236;154.256;154.246;1;T;True;3
1621268076000;11629558;154.236;154.256;154.246;0;T;True;3
1621268077000;11629559;154.236;154.256;154.246;0;T;True;3
1621268078000;11629563;154.24;154.26;154.25;3;T;True;3
1621268079000;11629564;154.24;154.26;154.25;0;T;True;3
1621268080000;11629565;154.24;154.26;154.25;0;T;True;3
1621268081000;11629566;154.24;154.26;154.25;0;T;True;3
1621268082000;11629567;154.24;154.26;154.25;0;T;True;3
1621268083000;11629569;154.239;154.259;154.249;1;T;True;3
1621268084000;11629570;154.239;154.259;154.249;0;T;True;3
1621268085000;11629571;154.239;154.259;154.249;0;T;True;3
1621268086000;11629574;154.237;154.257;154.247;2;T;True;3
1621268087000;11629576;154.235;154.255;154.245;1;T;True;3
1621268088000;11629578;154.234;154.254;154.244;1;T;True;3
1621268089000;11629582;154.239;154.259;154.249;3;T;True;3
1621268090000;11629583;154.239;154.259;154.249;0;T;True;3
1621268091000;11629584;154.239;154.259;154.249;0;T;True;3
1621268092000;11629585;154.239;154.259;154.249;0;T;True;3
1621268093000;11629586;154.239;154.259;154.249;0;T;True;3
1621268094000;11629589;154.241;154.261;154.251;2;T;True;3
1621268095000;11629590;154.241;154.261;154.251;0;T;True;3
1621268096000;11629591;154.241;154.261;154.251;0;T;True;3
1621268097000;11629593;154.24;154.26;154.25;1;T;True;3
1621268098000;11629594;154.24;154.26;154.25;0;T;True;3
1621268099000;11629595;154.24;154.26;154.25;0;T;True;3
1621268100000;11629597;154.239;154.259;154.249;1;T;True;3
1621268101000;11629599;154.24;154.26;154.25;1;T;True;3
1621268102000;11629604;154.233;154.253;154.243;4;T;True;3
1621268103000;11629605;154.233;154.253;154.243;0;T;True;3
1621268104000;11629611;154.232;154.252;154.242;5;T;True;3
1621268105000;11629617;154.233;154.253;154.243;5;T;True;3
1621268106000;11629619;154.236;154.256;154.246;1;T;True;3
1621268107000;11629620;154.236;154.256;154.246;0;T;True;3
1621268108000;11629622;154.238;154.258;154.248;1;T;True;3
1621268109000;11629624;154.239;154.259;154.249;1;T;True;3
1621268110000;11629626;154.238;154.258;154.248;1;T;True;3
1621268111000;11629631;154.241;154.261;154.251;4;T;True;3
1621268112000;11629632;154.241;154.261;154.251;0;T;True;3
1621268113000;11629634;154.24;154.26;154.25;1;T;True;3
1621268114000;11629637;154.233;154.253;154.243;2;T;True;3
1621268115000;11629641;154.241;154.261;154.251;3;T;True;3
1621268116000;11629643;154.239;154.259;154.249;1;T;True;3
1621268117000;11629644;154.239;154.259;154.249;0;T;True;3
1621268118000;11629645;154.239;154.259;154.249;0;T;True;3
1621268119000;11629646;154.239;154.259;154.249;0;T;True;3
1621268120000;11629648;154.24;154.26;154.25;1;T;True;3
1621268121000;11629649;154.24;154.26;154.25;0;T;True;3
1621268122000;11629650;154.24;154.26;154.25;0;T;True;3
1621268123000;11629652;154.241;154.261;154.251;1;T;True;3
1621268124000;11629653;154.241;154.261;154.251;0;T;True;3
1621268125000;11629654;154.241;154.261;154.251;0;T;True;3
1621268126000;11629655;154.241;154.261;154.251;0;T;True;3
1621268127000;11629656;154.241;154.261;154.251;0;T;True;3
1621268128000;11629657;154.241;154.261;154.251;0;T;True;3
1621268129000;11629659;154.24;154.26;154.25;1;T;True;3
1621268130000;11629660;154.24;154.26;154.25;0;T;True;3
1621268131000;11629661;154.24;154.26;154.25;0;T;True;3
1621268132000;11629662;154.24;154.26;154.25;0;T;True;3
1621268133000;11629663;154.24;154.26;154.25;0;T;True;3
1621268134000;11629664;154.24;154.26;154.25;0;T;True;3
1621268135000;11629665;154.24;154.26;154.25;0;T;True;3
1621268136000;11629667;154.239;154.259;154.249;1;T;True;3
1621268137000;11629668;154.239;154.259;154.249;0;T;True;3
1621268138000;11629669;154.239;154.259;154.249;0;T;True;3
1621268139000;11629670;154.239;154.259;154.249;0;T;True;3
1621268140000;11629671;154.239;154.259;154.249;0;T;True;3
1621268141000;11629672;154.239;154.259;154.249;0;T;True;3
1621268142000;11629673;154.239;154.259;154.249;0;T;True;3
1621268143000;11629674;154.239;154.259;154.249;0;T;True;3
1621268144000;11629675;154.239;154.259;154.249;0;T;True;3
1621268145000;11629676;154.239;154.259;154.249;0;T;True;3
1621268146000;11629681;154.245;154.265;154.255;4;T;True;3
1621268147000;11629683;154.243;154.263;154.253;1;T;True;3
1621268148000;11629685;154.242;154.262;154.252;1;T;True;3
1621268149000;11629686;154.242;154.262;154.252;0;T;True;3
1621268150000;11629687;154.242;154.262;154.252;0;T;True;3
1621268151000;11629690;154.243;154.263;154.253;2;T;True;3
1621268152000;11629693;154.239;154.259;154.249;2;T;True;3
1621268153000;11629695;154.241;154.261;154.251;1;T;True;3
1621268154000;11629697;154.243;154.263;154.253;1;T;True;3
1621268155000;11629698;154.243;154.263;154.253;0;T;True;3
1621268156000;11629699;154.243;154.263;154.253;0;T;True;3
1621268157000;11629701;154.24;154.26;154.25;1;T;True;3
1621268158000;11629703;154.241;154.261;154.251;1;T;True;3
1621268159000;11629704;154.241;154.261;154.251;0;T;True;3
1621268160000;11629705;154.241;154.261;154.251;0;T;True;3
1621268161000;11629706;154.241;154.261;154.251;0;T;True;3
1621268162000;11629707;154.241;154.261;154.251;0;T;True;3
1621268163000;11629708;154.241;154.261;154.251;0;T;True;3
1621268164000;11629709;154.241;154.261;154.251;0;T;True;3
1621268165000;11629710;154.241;154.261;154.251;0;T;True;3
1621268166000;11629712;154.243;154.263;154.253;1;T;True;3
1621268167000;11629714;154.244;154.264;154.254;1;T;True;3
1621268168000;11629715;154.244;154.264;154.254;0;T;True;3
1621268169000;11629716;154.244;154.264;154.254;0;T;True;3
1621268170000;11629717;154.244;154.264;154.254;0;T;True;3
1621268171000;11629718;154.244;154.264;154.254;0;T;True;3
1621268172000;11629719;154.244;154.264;154.254;0;T;True;3
1621268173000;11629720;154.244;154.264;154.254;0;T;True;3
1621268174000;11629721;154.244;154.264;154.254;0;T;True;3
1621268175000;11629722;154.244;154.264;154.254;0;T;True;3
1621268176000;11629723;154.244;154.264;154.254;0;T;True;3
1621268177000;11629726;154.249;154.269;154.259;2;T;True;3
1621268178000;11629727;154.249;154.269;154.259;0;T;True;3
1621268179000;11629728;154.249;154.269;154.259;0;T;True;3
1621268180000;11629729;154.249;154.269;154.259;0;T;True;3
1621268181000;11629730;154.249;154.269;154.259;0;T;True;3
1621268182000;11629731;154.249;154.269;154.259;0;T;True;3
1621268183000;11629732;154.249;154.269;154.259;0;T;True;3
1621268184000;11629733;154.249;154.269;154.259;0;T;True;3
1621268185000;11629734;154.249;154.269;154.259;0;T;True;3
1621268186000;11629737;154.249;154.269;154.259;2;T;True;3
1621268187000;11629738;154.249;154.269;154.259;0;T;True;3
1621268188000;11629739;154.249;154.269;154.259;0;T;True;3
1621268189000;11629740;154.249;154.269;154.259;0;T;True;3
1621268190000;11629741;154.249;154.269;154.259;0;T;True;3
1621268191000;11629742;154.249;154.269;154.259;0;T;True;3
1621268192000;11629743;154.249;154.269;154.259;0;T;True;3
1621268193000;11629745;154.25;154.27;154.26;1;T;True;3
1621268194000;11629747;154.251;154.271;154.261;1;T;True;3
1621268195000;11629748;154.251;154.271;154.261;0;T;True;3
1621268196000;11629749;154.251;154.271;154.261;0;T;True;3
1621268197000;11629750;154.251;154.271;154.261;0;T;True;3
1621268198000;11629751;154.251;154.271;154.261;0;T;True;3
1621268199000;11629752;154.251;154.271;154.261;0;T;True;3
1621268200000;11629756;154.253;154.273;154.263;3;T;True;3
1621268201000;11629757;154.253;154.273;154.263;0;T;True;3
1621268202000;11629758;154.253;154.273;154.263;0;T;True;3
1621268203000;11629759;154.253;154.273;154.263;0;T;True;3
1621268204000;11629760;154.253;154.273;154.263;0;T;True;3
1621268205000;11629761;154.253;154.273;154.263;0;T;True;3
1621268206000;11629763;154.255;154.275;154.265;1;T;True;3
1621268207000;11629764;154.255;154.275;154.265;0;T;True;3
1621268208000;11629765;154.255;154.275;154.265;0;T;True;3
1621268209000;11629766;154.255;154.275;154.265;0;T;True;3
1621268210000;11629767;154.255;154.275;154.265;0;T;True;3
1621268211000;11629770;154.263;154.283;154.273;2;T;True;3
1621268212000;11629771;154.263;154.283;154.273;0;T;True;3
1621268213000;11629772;154.263;154.283;154.273;0;T;True;3
1621268214000;11629774;154.264;154.284;154.274;1;T;True;3
1621268215000;11629775;154.264;154.284;154.274;0;T;True;3
1621268216000;11629776;154.264;154.284;154.274;0;T;True;3
1621268217000;11629777;154.264;154.284;154.274;0;T;True;3
1621268218000;11629778;154.264;154.284;154.274;0;T;True;3
1621268219000;11629779;154.264;154.284;154.274;0;T;True;3
1621268220000;11629780;154.264;154.284;154.274;0;T;True;3
1621268221000;11629781;154.264;154.284;154.274;0;T;True;3
1621268222000;11629783;154.265;154.285;154.275;1;T;True;3
1621268223000;11629786;154.265;154.285;154.275;2;T;True;3
1621268224000;11629787;154.265;154.285;154.275;0;T;True;3
1621268225000;11629788;154.265;154.285;154.275;0;T;True;3
1621268226000;11629789;154.265;154.285;154.275;0;T;True;3
1621268227000;11629790;154.265;154.285;154.275;0;T;True;3
1621268228000;11629791;154.265;154.285;154.275;0;T;True;3
1621268229000;11629792;154.265;154.285;154.275;0;T;True;3
1621268230000;11629793;154.265;154.285;154.275;0;T;True;3
1621268231000;11629794;154.265;154.285;154.275;0;T;True;3
1621268232000;11629795;154.265;154.285;154.275;0;T;True;3
1621268233000;11629796;154.265;154.285;154.275;0;T;True;3
1621268234000;11629797;154.265;154.285;154.275;0;T;True;3
1621268235000;11629798;154.265;154.285;154.275;0;T;True;3
1621268236000;11629799;154.265;154.285;154.275;0;T;True;3
1621268237000;11629800;154.265;154.285;154.275;0;T;True;3
1621268238000;11629801;154.265;154.285;154.275;0;T;True;3
1621268239000;11629802;154.265;154.285;154.275;0;T;True;3
1621268240000;11629803;154.265;154.285;154.275;0;T;True;3
1621268241000;11629805;154.264;154.284;154.274;1;T;True;3
1621268242000;11629806;154.264;154.284;154.274;0;T;True;3
1621268243000;11629808;154.263;154.283;154.273;1;T;True;3
1621268244000;11629809;154.263;154.283;154.273;0;T;True;3
1621268245000;11629810;154.263;154.283;154.273;0;T;True;3
1621268246000;11629811;154.263;154.283;154.273;0;T;True;3
1621268247000;11629812;154.263;154.283;154.273;0;T;True;3
1621268248000;11629813;154.263;154.283;154.273;0;T;True;3
1621268249000;11629814;154.263;154.283;154.273;0;T;True;3
1621268250000;11629815;154.263;154.283;154.273;0;T;True;3
1621268251000;11629816;154.263;154.283;154.273;0;T;True;3
1621268252000;11629818;154.262;154.282;154.272;1;T;True;3
1621268253000;11629819;154.262;154.282;154.272;0;T;True;3
1621268254000;11629820;154.262;154.282;154.272;0;T;True;3
1621268255000;11629821;154.262;154.282;154.272;0;T;True;3
1621268256000;11629822;154.262;154.282;154.272;0;T;True;3
1621268257000;11629823;154.262;154.282;154.272;0;T;True;3
1621268258000;11629824;154.262;154.282;154.272;0;T;True;3
1621268259000;11629825;154.262;154.282;154.272;0;T;True;3
1621268260000;11629829;154.265;154.285;154.275;3;T;True;3
1621268261000;11629832;154.269;154.289;154.279;2;T;True;3
1621268262000;11629833;154.269;154.289;154.279;0;T;True;3
1621268263000;11629834;154.269;154.289;154.279;0;T;True;3
1621268264000;11629837;154.269;154.289;154.279;2;T;True;3
1621268265000;11629838;154.269;154.289;154.279;0;T;True;3
1621268266000;11629840;154.27;154.29;154.28;1;T;True;3
1621268267000;11629841;154.27;154.29;154.28;0;T;True;3
1621268268000;11629842;154.27;154.29;154.28;0;T;True;3
1621268269000;11629843;154.27;154.29;154.28;0;T;True;3
1621268270000;11629844;154.27;154.29;154.28;0;T;True;3
1621268271000;11629845;154.27;154.29;154.28;0;T;True;3
1621268272000;11629846;154.27;154.29;154.28;0;T;True;3
1621268273000;11629848;154.269;154.289;154.279;1;T;True;3
1621268274000;11629850;154.267;154.287;154.277;1;T;True;3
1621268275000;11629851;154.267;154.287;154.277;0;T;True;3
1621268276000;11629852;154.267;154.287;154.277;0;T;True;3
1621268277000;11629853;154.267;154.287;154.277;0;T;True;3
1621268278000;11629854;154.267;154.287;154.277;0;T;True;3
1621268279000;11629855;154.267;154.287;154.277;0;T;True;3
1621268280000;11629856;154.267;154.287;154.277;0;T;True;3
1621268281000;11629857;154.267;154.287;154.277;0;T;True;3
1621268282000;11629858;154.267;154.287;154.277;0;T;True;3
1621268283000;11629859;154.267;154.287;154.277;0;T;True;3
1621268284000;11629860;154.267;154.287;154.277;0;T;True;3
1621268285000;11629862;154.269;154.289;154.279;1;T;True;3
1621268286000;11629864;154.271;154.291;154.281;1;T;True;3
1621268287000;11629865;154.271;154.291;154.281;0;T;True;3
1621268288000;11629866;154.271;154.291;154.281;0;T;True;3
1621268289000;11629867;154.271;154.291;154.281;0;T;True;3
1621268290000;11629868;154.271;154.291;154.281;0;T;True;3
1621268291000;11629869;154.271;154.291;154.281;0;T;True;3
1621268292000;11629871;154.269;154.289;154.279;1;T;True;3
1621268293000;11629872;154.269;154.289;154.279;0;T;True;3
1621268294000;11629873;154.269;154.289;154.279;0;T;True;3
1621268295000;11629874;154.269;154.289;154.279;0;T;True;3
1621268296000;11629877;154.273;154.293;154.283;2;T;True;3
1621268297000;11629879;154.271;154.291;154.281;1;T;True;3
1621268298000;11629880;154.271;154.291;154.281;0;T;True;3
1621268299000;11629883;154.275;154.295;154.285;2;T;True;3
1621268300000;11629884;154.275;154.295;154.285;0;T;True;3
1621268301000;11629885;154.275;154.295;154.285;0;T;True;3
1621268302000;11629886;154.275;154.295;154.285;0;T;True;3
1621268303000;11629888;154.276;154.296;154.286;1;T;True;3
1621268304000;11629889;154.276;154.296;154.286;0;T;True;3
1621268305000;11629890;154.276;154.296;154.286;0;T;True;3
1621268306000;11629891;154.276;154.296;154.286;0;T;True;3
1621268307000;11629892;154.276;154.296;154.286;0;T;True;3
1621268308000;11629893;154.276;154.296;154.286;0;T;True;3
1621268309000;11629894;154.276;154.296;154.286;0;T;True;3
1621268310000;11629895;154.276;154.296;154.286;0;T;True;3
1621268311000;11629896;154.276;154.296;154.286;0;T;True;3
1621268312000;11629897;154.276;154.296;154.286;0;T;True;3
1621268313000;11629899;154.275;154.295;154.285;1;T;True;3
1621268314000;11629900;154.275;154.295;154.285;0;T;True;3
1621268315000;11629901;154.275;154.295;154.285;0;T;True;3
1621268316000;11629902;154.275;154.295;154.285;0;T;True;3
1621268317000;11629904;154.274;154.294;154.284;1;T;True;3
1621268318000;11629905;154.274;154.294;154.284;0;T;True;3
1621268319000;11629906;154.274;154.294;154.284;0;T;True;3
1621268320000;11629907;154.274;154.294;154.284;0;T;True;3
1621268321000;11629908;154.274;154.294;154.284;0;T;True;3
1621268322000;11629909;154.274;154.294;154.284;0;T;True;3
1621268323000;11629910;154.274;154.294;154.284;0;T;True;3
1621268324000;11629911;154.274;154.294;154.284;0;T;True;3
1621268325000;11629912;154.274;154.294;154.284;0;T;True;3
1621268326000;11629913;154.274;154.294;154.284;0;T;True;3
1621268327000;11629914;154.274;154.294;154.284;0;T;True;3
1621268328000;11629915;154.274;154.294;154.284;0;T;True;3
1621268329000;11629916;154.274;154.294;154.284;0;T;True;3
1621268330000;11629917;154.274;154.294;154.284;0;T;True;3
1621268331000;11629918;154.274;154.294;154.284;0;T;True;3
1621268332000;11629919;154.274;154.294;154.284;0;T;True;3
1621268333000;11629920;154.274;154.294;154.284;0;T;True;3
1621268334000;11629921;154.274;154.294;154.284;0;T;True;3
1621268335000;11629922;154.274;154.294;154.284;0;T;True;3
1621268336000;11629924;154.275;154.295;154.285;1;T;True;3
1621268337000;11629925;154.275;154.295;154.285;0;T;True;3
1621268338000;11629926;154.275;154.295;154.285;0;T;True;3
1621268339000;11629927;154.275;154.295;154.285;0;T;True;3
1621268340000;11629930;154.273;154.293;154.283;2;T;True;3
1621268341000;11629931;154.273;154.293;154.283;0;T;True;3
1621268342000;11629932;154.273;154.293;154.283;0;T;True;3
1621268343000;11629933;154.273;154.293;154.283;0;T;True;3
1621268344000;11629935;154.274;154.294;154.284;1;T;True;3
1621268345000;11629938;154.271;154.291;154.281;2;T;True;3
1621268346000;11629939;154.271;154.291;154.281;0;T;True;3
1621268347000;11629940;154.271;154.291;154.281;0;T;True;3
1621268348000;11629941;154.271;154.291;154.281;0;T;True;3
1621268349000;11629943;154.269;154.289;154.279;1;T;True;3
1621268350000;11629945;154.267;154.287;154.277;1;T;True;3
1621268351000;11629946;154.267;154.287;154.277;0;T;True;3
1621268352000;11629948;154.266;154.286;154.276;1;T;True;3
1621268353000;11629950;154.267;154.287;154.277;1;T;True;3
1621268354000;11629952;154.266;154.286;154.276;1;T;True;3
1621268355000;11629953;154.266;154.286;154.276;0;T;True;3
1621268356000;11629954;154.266;154.286;154.276;0;T;True;3
1621268357000;11629956;154.267;154.287;154.277;1;T;True;3
1621268358000;11629957;154.267;154.287;154.277;0;T;True;3
1621268359000;11629958;154.267;154.287;154.277;0;T;True;3
1621268360000;11629963;154.259;154.279;154.269;4;T;True;3
1621268361000;11629964;154.259;154.279;154.269;0;T;True;3
1621268362000;11629965;154.259;154.279;154.269;0;T;True;3
1621268363000;11629966;154.259;154.279;154.269;0;T;True;3
1621268364000;11629967;154.259;154.279;154.269;0;T;True;3
1621268365000;11629968;154.259;154.279;154.269;0;T;True;3
1621268366000;11629969;154.259;154.279;154.269;0;T;True;3
1621268367000;11629970;154.259;154.279;154.269;0;T;True;3
1621268368000;11629972;154.257;154.277;154.267;1;T;True;3
1621268369000;11629973;154.257;154.277;154.267;0;T;True;3
1621268370000;11629974;154.257;154.277;154.267;0;T;True;3
1621268371000;11629975;154.257;154.277;154.267;0;T;True;3
1621268372000;11629976;154.257;154.277;154.267;0;T;True;3
1621268373000;11629977;154.257;154.277;154.267;0;T;True;3
1621268374000;11629978;154.257;154.277;154.267;0;T;True;3
1621268375000;11629980;154.255;154.275;154.265;1;T;True;3
1621268376000;11629981;154.255;154.275;154.265;0;T;True;3
1621268377000;11629984;154.249;154.269;154.259;2;T;True;3
1621268378000;11629986;154.251;154.271;154.261;1;T;True;3
1621268379000;11629987;154.251;154.271;154.261;0;T;True;3
1621268380000;11629988;154.251;154.271;154.261;0;T;True;3
1621268381000;11629989;154.251;154.271;154.261;0;T;True;3
1621268382000;11629990;154.251;154.271;154.261;0;T;True;3
1621268383000;11629991;154.251;154.271;154.261;0;T;True;3
1621268384000;11629992;154.251;154.271;154.261;0;T;True;3
1621268385000;11629995;154.245;154.265;154.255;2;T;True;3
1621268386000;11629996;154.245;154.265;154.255;0;T;True;3
1621268387000;11629997;154.245;154.265;154.255;0;T;True;3
1621268388000;11629998;154.245;154.265;154.255;0;T;True;3
1621268389000;11630000;154.247;154.267;154.257;1;T;True;3
1621268390000;11630001;154.247;154.267;154.257;0;T;True;3
1621268391000;11630002;154.247;154.267;154.257;0;T;True;3
1621268392000;11630003;154.247;154.267;154.257;0;T;True;3
1621268393000;11630004;154.247;154.267;154.257;0;T;True;3
1621268394000;11630005;154.247;154.267;154.257;0;T;True;3
1621268395000;11630006;154.247;154.267;154.257;0;T;True;3
1621268396000;11630007;154.247;154.267;154.257;0;T;True;3
1621268397000;11630008;154.247;154.267;154.257;0;T;True;3
1621268398000;11630011;154.253;154.273;154.263;2;T;True;3
1621268399000;11630012;154.253;154.273;154.263;0;T;True;3
1621268400000;11630013;154.253;154.273;154.263;0;T;True;3
1621268401000;11630014;154.253;154.273;154.263;0;T;True;3
1621268402000;11630016;154.252;154.272;154.262;1;T;True;3
1621268403000;11630018;154.251;154.271;154.261;1;T;True;3
1621268404000;11630019;154.251;154.271;154.261;0;T;True;3
1621268405000;11630022;154.247;154.267;154.257;2;T;True;3
1621268406000;11630023;154.247;154.267;154.257;0;T;True;3
1621268407000;11630024;154.247;154.267;154.257;0;T;True;3
1621268408000;11630028;154.251;154.271;154.261;3;T;True;3
1621268409000;11630030;154.25;154.27;154.26;1;T;True;3
1621268410000;11630032;154.251;154.271;154.261;1;T;True;3
1621268411000;11630033;154.251;154.271;154.261;0;T;True;3
1621268412000;11630034;154.251;154.271;154.261;0;T;True;3
1621268413000;11630035;154.251;154.271;154.261;0;T;True;3
1621268414000;11630036;154.251;154.271;154.261;0;T;True;3
1621268415000;11630037;154.251;154.271;154.261;0;T;True;3
1621268416000;11630039;154.252;154.272;154.262;1;T;True;3
1621268417000;11630041;154.251;154.271;154.261;1;T;True;3
1621268418000;11630043;154.25;154.27;154.26;1;T;True;3
1621268419000;11630044;154.25;154.27;154.26;0;T;True;3
1621268420000;11630045;154.25;154.27;154.26;0;T;True;3
1621268421000;11630046;154.25;154.27;154.26;0;T;True;3
1621268422000;11630047;154.25;154.27;154.26;0;T;True;3
1621268423000;11630048;154.25;154.27;154.26;0;T;True;3
1621268424000;11630049;154.25;154.27;154.26;0;T;True;3
1621268425000;11630050;154.25;154.27;154.26;0;T;True;3
1621268426000;11630051;154.25;154.27;154.26;0;T;True;3
1621268427000;11630052;154.25;154.27;154.26;0;T;True;3
1621268428000;11630053;154.25;154.27;154.26;0;T;True;3
1621268429000;11630054;154.25;154.27;154.26;0;T;True;3
1621268430000;11630055;154.25;154.27;154.26;0;T;True;3
1621268431000;11630056;154.25;154.27;154.26;0;T;True;3
1621268432000;11630058;154.248;154.268;154.258;1;T;True;3
1621268433000;11630059;154.248;154.268;154.258;0;T;True;3
1621268434000;11630060;154.248;154.268;154.258;0;T;True;3
1621268435000;11630061;154.248;154.268;154.258;0;T;True;3
1621268436000;11630062;154.248;154.268;154.258;0;T;True;3
1621268437000;11630063;154.248;154.268;154.258;0;T;True;3
1621268438000;11630064;154.248;154.268;154.258;0;T;True;3
1621268439000;11630065;154.248;154.268;154.258;0;T;True;3
1621268440000;11630066;154.248;154.268;154.258;0;T;True;3
1621268441000;11630067;154.248;154.268;154.258;0;T;True;3
1621268442000;11630068;154.248;154.268;154.258;0;T;True;3
1621268443000;11630069;154.248;154.268;154.258;0;T;True;3
1621268444000;11630070;154.248;154.268;154.258;0;T;True;3
1621268445000;11630071;154.248;154.268;154.258;0;T;True;3
1621268446000;11630072;154.248;154.268;154.258;0;T;True;3
1621268447000;11630073;154.248;154.268;154.258;0;T;True;3
1621268448000;11630074;154.248;154.268;154.258;0;T;True;3
1621268449000;11630075;154.248;154.268;154.258;0;T;True;3
1621268450000;11630076;154.248;154.268;154.258;0;T;True;3
1621268451000;11630077;154.248;154.268;154.258;0;T;True;3
1621268452000;11630079;154.25;154.27;154.26;1;T;True;3
1621268453000;11630080;154.25;154.27;154.26;0;T;True;3
1621268454000;11630081;154.25;154.27;154.26;0;T;True;3
1621268455000;11630083;154.248;154.268;154.258;1;T;True;3
1621268456000;11630084;154.248;154.268;154.258;0;T;True;3
1621268457000;11630085;154.248;154.268;154.258;0;T;True;3
1621268458000;11630086;154.248;154.268;154.258;0;T;True;3
1621268459000;11630087;154.248;154.268;154.258;0;T;True;3
1621268460000;11630088;154.248;154.268;154.258;0;T;True;3
1621268461000;11630089;154.248;154.268;154.258;0;T;True;3
1621268462000;11630090;154.248;154.268;154.258;0;T;True;3
1621268463000;11630092;154.247;154.267;154.257;1;T;True;3
1621268464000;11630093;154.247;154.267;154.257;0;T;True;3
1621268465000;11630094;154.247;154.267;154.257;0;T;True;3
1621268466000;11630095;154.247;154.267;154.257;0;T;True;3
1621268467000;11630096;154.247;154.267;154.257;0;T;True;3
1621268468000;11630097;154.247;154.267;154.257;0;T;True;3
1621268469000;11630098;154.247;154.267;154.257;0;T;True;3
1621268470000;11630099;154.247;154.267;154.257;0;T;True;3
1621268471000;11630100;154.247;154.267;154.257;0;T;True;3
1621268472000;11630102;154.246;154.266;154.256;1;T;True;3
1621268473000;11630103;154.246;154.266;154.256;0;T;True;3
1621268474000;11630104;154.246;154.266;154.256;0;T;True;3
1621268475000;11630105;154.246;154.266;154.256;0;T;True;3
1621268476000;11630106;154.246;154.266;154.256;0;T;True;3
1621268477000;11630107;154.246;154.266;154.256;0;T;True;3
1621268478000;11630109;154.245;154.265;154.255;1;T;True;3
1621268479000;11630110;154.245;154.265;154.255;0;T;True;3
1621268480000;11630111;154.245;154.265;154.255;0;T;True;3
1621268481000;11630112;154.245;154.265;154.255;0;T;True;3
1621268482000;11630114;154.241;154.261;154.251;1;T;True;3
1621268483000;11630115;154.241;154.261;154.251;0;T;True;3
1621268484000;11630116;154.241;154.261;154.251;0;T;True;3
1621268485000;11630120;154.244;154.264;154.254;3;T;True;3
1621268486000;11630121;154.244;154.264;154.254;0;T;True;3
1621268487000;11630122;154.244;154.264;154.254;0;T;True;3
1621268488000;11630123;154.244;154.264;154.254;0;T;True;3
1621268489000;11630124;154.244;154.264;154.254;0;T;True;3
1621268490000;11630125;154.244;154.264;154.254;0;T;True;3
1621268491000;11630126;154.244;154.264;154.254;0;T;True;3
1621268492000;11630127;154.244;154.264;154.254;0;T;True;3
1621268493000;11630128;154.244;154.264;154.254;0;T;True;3
1621268494000;11630129;154.244;154.264;154.254;0;T;True;3
1621268495000;11630130;154.244;154.264;154.254;0;T;True;3
1621268496000;11630131;154.244;154.264;154.254;0;T;True;3
1621268497000;11630135;154.231;154.251;154.241;3;T;True;3
1621268498000;11630136;154.231;154.251;154.241;0;T;True;3
1621268499000;11630137;154.231;154.251;154.241;0;T;True;3
1621268500000;11630138;154.231;154.251;154.241;0;T;True;3
1621268501000;11630139;154.231;154.251;154.241;0;T;True;3
1621268502000;11630140;154.231;154.251;154.241;0;T;True;3
1621268503000;11630141;154.231;154.251;154.241;0;T;True;3
1621268504000;11630143;154.232;154.252;154.242;1;T;True;3
1621268505000;11630144;154.232;154.252;154.242;0;T;True;3
1621268506000;11630145;154.232;154.252;154.242;0;T;True;3
1621268507000;11630146;154.232;154.252;154.242;0;T;True;3
1621268508000;11630147;154.232;154.252;154.242;0;T;True;3
1621268509000;11630148;154.232;154.252;154.242;0;T;True;3
1621268510000;11630149;154.232;154.252;154.242;0;T;True;3
1621268511000;11630151;154.231;154.251;154.241;1;T;True;3
1621268512000;11630152;154.231;154.251;154.241;0;T;True;3
1621268513000;11630153;154.231;154.251;154.241;0;T;True;3
1621268514000;11630154;154.231;154.251;154.241;0;T;True;3
1621268515000;11630155;154.231;154.251;154.241;0;T;True;3
1621268516000;11630156;154.231;154.251;154.241;0;T;True;3
1621268517000;11630157;154.231;154.251;154.241;0;T;True;3
1621268518000;11630158;154.231;154.251;154.241;0;T;True;3
1621268519000;11630159;154.231;154.251;154.241;0;T;True;3
1621268520000;11630160;154.231;154.251;154.241;0;T;True;3
1621268521000;11630161;154.231;154.251;154.241;0;T;True;3
1621268522000;11630162;154.231;154.251;154.241;0;T;True;3
1621268523000;11630164;154.229;154.249;154.239;1;T;True;3
1621268524000;11630165;154.229;154.249;154.239;0;T;True;3
1621268525000;11630166;154.229;154.249;154.239;0;T;True;3
1621268526000;11630167;154.229;154.249;154.239;0;T;True;3
1621268527000;11630168;154.229;154.249;154.239;0;T;True;3
1621268528000;11630169;154.229;154.249;154.239;0;T;True;3
1621268529000;11630170;154.229;154.249;154.239;0;T;True;3
1621268530000;11630171;154.229;154.249;154.239;0;T;True;3
1621268531000;11630172;154.229;154.249;154.239;0;T;True;3
1621268532000;11630173;154.229;154.249;154.239;0;T;True;3
1621268533000;11630174;154.229;154.249;154.239;0;T;True;3
1621268534000;11630176;154.228;154.248;154.238;1;T;True;3
1621268535000;11630177;154.228;154.248;154.238;0;T;True;3
1621268536000;11630178;154.228;154.248;154.238;0;T;True;3
1621268537000;11630179;154.228;154.248;154.238;0;T;True;3
1621268538000;11630180;154.228;154.248;154.238;0;T;True;3
1621268539000;11630181;154.228;154.248;154.238;0;T;True;3
1621268540000;11630182;154.228;154.248;154.238;0;T;True;3
1621268541000;11630183;154.228;154.248;154.238;0;T;True;3
1621268542000;11630184;154.228;154.248;154.238;0;T;True;3
1621268543000;11630186;154.229;154.249;154.239;1;T;True;3
1621268544000;11630187;154.229;154.249;154.239;0;T;True;3
1621268545000;11630188;154.229;154.249;154.239;0;T;True;3
1621268546000;11630189;154.229;154.249;154.239;0;T;True;3
1621268547000;11630190;154.229;154.249;154.239;0;T;True;3
1621268548000;11630191;154.229;154.249;154.239;0;T;True;3
1621268549000;11630194;154.226;154.246;154.236;2;T;True;3
1621268550000;11630196;154.225;154.245;154.235;1;T;True;3
1621268551000;11630197;154.225;154.245;154.235;0;T;True;3
1621268552000;11630199;154.226;154.246;154.236;1;T;True;3
1621268553000;11630200;154.226;154.246;154.236;0;T;True;3
1621268554000;11630201;154.226;154.246;154.236;0;T;True;3
1621268555000;11630202;154.226;154.246;154.236;0;T;True;3
1621268556000;11630204;154.227;154.247;154.237;1;T;True;3
1621268557000;11630205;154.227;154.247;154.237;0;T;True;3
1621268558000;11630206;154.227;154.247;154.237;0;T;True;3
1621268559000;11630207;154.227;154.247;154.237;0;T;True;3
1621268560000;11630208;154.227;154.247;154.237;0;T;True;3
1621268561000;11630210;154.226;154.246;154.236;1;T;True;3
1621268562000;11630211;154.226;154.246;154.236;0;T;True;3
1621268563000;11630212;154.226;154.246;154.236;0;T;True;3
1621268564000;11630213;154.226;154.246;154.236;0;T;True;3
1621268565000;11630214;154.226;154.246;154.236;0;T;True;3
1621268566000;11630215;154.226;154.246;154.236;0;T;True;3
1621268567000;11630216;154.226;154.246;154.236;0;T;True;3
1621268568000;11630217;154.226;154.246;154.236;0;T;True;3
1621268569000;11630218;154.226;154.246;154.236;0;T;True;3
1621268570000;11630219;154.226;154.246;154.236;0;T;True;3
1621268571000;11630220;154.226;154.246;154.236;0;T;True;3
1621268572000;11630221;154.226;154.246;154.236;0;T;True;3
1621268573000;11630222;154.226;154.246;154.236;0;T;True;3
1621268574000;11630223;154.226;154.246;154.236;0;T;True;3
1621268575000;11630224;154.226;154.246;154.236;0;T;True;3
1621268576000;11630225;154.226;154.246;154.236;0;T;True;3
1621268577000;11630226;154.226;154.246;154.236;0;T;True;3
1621268578000;11630227;154.226;154.246;154.236;0;T;True;3
1621268579000;11630228;154.226;154.246;154.236;0;T;True;3
1621268580000;11630229;154.226;154.246;154.236;0;T;True;3
1621268581000;11630230;154.226;154.246;154.236;0;T;True;3
1621268582000;11630231;154.226;154.246;154.236;0;T;True;3
1621268583000;11630232;154.226;154.246;154.236;0;T;True;3
1621268584000;11630235;154.226;154.246;154.236;2;T;True;3
1621268585000;11630236;154.226;154.246;154.236;0;T;True;3
1621268586000;11630237;154.226;154.246;154.236;0;T;True;3
1621268587000;11630240;154.223;154.243;154.233;2;T;True;3
1621268588000;11630242;154.222;154.242;154.232;1;T;True;3
1621268589000;11630244;154.221;154.241;154.231;1;T;True;3
1621268590000;11630248;154.219;154.239;154.229;3;T;True;3
1621268591000;11630250;154.221;154.241;154.231;1;T;True;3
1621268592000;11630252;154.223;154.243;154.233;1;T;True;3
1621268593000;11630255;154.223;154.243;154.233;2;T;True;3
1621268594000;11630256;154.223;154.243;154.233;0;T;True;3
1621268595000;11630257;154.223;154.243;154.233;0;T;True;3
1621268596000;11630258;154.223;154.243;154.233;0;T;True;3
1621268597000;11630259;154.223;154.243;154.233;0;T;True;3
1621268598000;11630260;154.223;154.243;154.233;0;T;True;3
1621268599000;11630262;154.225;154.245;154.235;1;T;True;3
1621268600000;11630263;154.225;154.245;154.235;0;T;True;3
1621268601000;11630265;154.224;154.244;154.234;1;T;True;3
1621268602000;11630266;154.224;154.244;154.234;0;T;True;3
1621268603000;11630267;154.224;154.244;154.234;0;T;True;3
1621268604000;11630268;154.224;154.244;154.234;0;T;True;3
1621268605000;11630270;154.225;154.245;154.235;1;T;True;3
1621268606000;11630271;154.225;154.245;154.235;0;T;True;3
1621268607000;11630272;154.225;154.245;154.235;0;T;True;3
1621268608000;11630273;154.225;154.245;154.235;0;T;True;3
1621268609000;11630274;154.225;154.245;154.235;0;T;True;3
1621268610000;11630275;154.225;154.245;154.235;0;T;True;3
1621268611000;11630276;154.225;154.245;154.235;0;T;True;3
1621268612000;11630277;154.225;154.245;154.235;0;T;True;3
1621268613000;11630278;154.225;154.245;154.235;0;T;True;3
1621268614000;11630279;154.225;154.245;154.235;0;T;True;3
1621268615000;11630280;154.225;154.245;154.235;0;T;True;3
1621268616000;11630281;154.225;154.245;154.235;0;T;True;3
1621268617000;11630282;154.225;154.245;154.235;0;T;True;3
1621268618000;11630284;154.223;154.243;154.233;1;T;True;3
1621268619000;11630285;154.223;154.243;154.233;0;T;True;3
1621268620000;11630286;154.223;154.243;154.233;0;T;True;3
1621268621000;11630288;154.219;154.239;154.229;1;T;True;3
1621268622000;11630289;154.219;154.239;154.229;0;T;True;3
1621268623000;11630290;154.219;154.239;154.229;0;T;True;3
1621268624000;11630291;154.219;154.239;154.229;0;T;True;3
1621268625000;11630292;154.219;154.239;154.229;0;T;True;3
1621268626000;11630293;154.219;154.239;154.229;0;T;True;3
1621268627000;11630294;154.219;154.239;154.229;0;T;True;3
1621268628000;11630295;154.219;154.239;154.229;0;T;True;3
1621268629000;11630296;154.219;154.239;154.229;0;T;True;3
1621268630000;11630297;154.219;154.239;154.229;0;T;True;3
1621268631000;11630298;154.219;154.239;154.229;0;T;True;3
1621268632000;11630299;154.219;154.239;154.229;0;T;True;3
1621268633000;11630300;154.219;154.239;154.229;0;T;True;3
1621268634000;11630301;154.219;154.239;154.229;0;T;True;3
1621268635000;11630302;154.219;154.239;154.229;0;T;True;3
1621268636000;11630303;154.219;154.239;154.229;0;T;True;3
1621268637000;11630304;154.219;154.239;154.229;0;T;True;3
1621268638000;11630306;154.217;154.237;154.227;1;T;True;3
1621268639000;11630307;154.217;154.237;154.227;0;T;True;3
1621268640000;11630308;154.217;154.237;154.227;0;T;True;3
1621268641000;11630309;154.217;154.237;154.227;0;T;True;3
1621268642000;11630310;154.217;154.237;154.227;0;T;True;3
1621268643000;11630311;154.217;154.237;154.227;0;T;True;3
1621268644000;11630312;154.217;154.237;154.227;0;T;True;3
1621268645000;11630313;154.217;154.237;154.227;0;T;True;3
1621268646000;11630314;154.217;154.237;154.227;0;T;True;3
1621268647000;11630315;154.217;154.237;154.227;0;T;True;3
1621268648000;11630316;154.217;154.237;154.227;0;T;True;3
1621268649000;11630317;154.217;154.237;154.227;0;T;True;3
1621268650000;11630318;154.217;154.237;154.227;0;T;True;3
1621268651000;11630319;154.217;154.237;154.227;0;T;True;3
1621268652000;11630320;154.217;154.237;154.227;0;T;True;3
1621268653000;11630321;154.217;154.237;154.227;0;T;True;3
1621268654000;11630322;154.217;154.237;154.227;0;T;True;3
1621268655000;11630323;154.217;154.237;154.227;0;T;True;3
1621268656000;11630324;154.217;154.237;154.227;0;T;True;3
1621268657000;11630325;154.217;154.237;154.227;0;T;True;3
1621268658000;11630326;154.217;154.237;154.227;0;T;True;3
1621268659000;11630327;154.217;154.237;154.227;0;T;True;3
1621268660000;11630328;154.217;154.237;154.227;0;T;True;3
1621268661000;11630329;154.217;154.237;154.227;0;T;True;3
1621268662000;11630330;154.217;154.237;154.227;0;T;True;3
1621268663000;11630331;154.217;154.237;154.227;0;T;True;3
1621268664000;11630332;154.217;154.237;154.227;0;T;True;3
1621268665000;11630333;154.217;154.237;154.227;0;T;True;3
1621268666000;11630337;154.223;154.243;154.233;3;T;True;3
1621268667000;11630338;154.223;154.243;154.233;0;T;True;3
1621268668000;11630339;154.223;154.243;154.233;0;T;True;3
1621268669000;11630340;154.223;154.243;154.233;0;T;True;3
1621268670000;11630341;154.223;154.243;154.233;0;T;True;3
1621268671000;11630342;154.223;154.243;154.233;0;T;True;3
1621268672000;11630343;154.223;154.243;154.233;0;T;True;3
1621268673000;11630344;154.223;154.243;154.233;0;T;True;3
1621268674000;11630345;154.223;154.243;154.233;0;T;True;3
1621268675000;11630346;154.223;154.243;154.233;0;T;True;3
1621268676000;11630348;154.224;154.244;154.234;1;T;True;3
1621268677000;11630350;154.225;154.245;154.235;1;T;True;3
1621268678000;11630351;154.225;154.245;154.235;0;T;True;3
1621268679000;11630352;154.225;154.245;154.235;0;T;True;3
1621268680000;11630353;154.225;154.245;154.235;0;T;True;3
1621268681000;11630354;154.225;154.245;154.235;0;T;True;3
1621268682000;11630356;154.224;154.244;154.234;1;T;True;3
1621268683000;11630357;154.224;154.244;154.234;0;T;True;3
1621268684000;11630358;154.224;154.244;154.234;0;T;True;3
1621268685000;11630359;154.224;154.244;154.234;0;T;True;3
1621268686000;11630360;154.224;154.244;154.234;0;T;True;3
1621268687000;11630361;154.224;154.244;154.234;0;T;True;3
1621268688000;11630363;154.221;154.241;154.231;1;T;True;3
1621268689000;11630364;154.221;154.241;154.231;0;T;True;3
1621268690000;11630365;154.221;154.241;154.231;0;T;True;3
1621268691000;11630366;154.221;154.241;154.231;0;T;True;3
1621268692000;11630367;154.221;154.241;154.231;0;T;True;3
1621268693000;11630368;154.221;154.241;154.231;0;T;True;3
1621268694000;11630369;154.221;154.241;154.231;0;T;True;3
1621268695000;11630370;154.221;154.241;154.231;0;T;True;3
1621268696000;11630371;154.221;154.241;154.231;0;T;True;3
1621268697000;11630372;154.221;154.241;154.231;0;T;True;3
1621268698000;11630373;154.221;154.241;154.231;0;T;True;3
1621268699000;11630374;154.221;154.241;154.231;0;T;True;3
1621268700000;11630375;154.221;154.241;154.231;0;T;True;3
1621268701000;11630376;154.221;154.241;154.231;0;T;True;3
1621268702000;11630377;154.221;154.241;154.231;0;T;True;3
1621268703000;11630378;154.221;154.241;154.231;0;T;True;3
1621268704000;11630379;154.221;154.241;154.231;0;T;True;3
1621268705000;11630380;154.221;154.241;154.231;0;T;True;3
1621268706000;11630381;154.221;154.241;154.231;0;T;True;3
1621268707000;11630382;154.221;154.241;154.231;0;T;True;3
1621268708000;11630383;154.221;154.241;154.231;0;T;True;3
1621268709000;11630384;154.221;154.241;154.231;0;T;True;3
1621268710000;11630385;154.221;154.241;154.231;0;T;True;3
1621268711000;11630386;154.221;154.241;154.231;0;T;True;3
1621268712000;11630387;154.221;154.241;154.231;0;T;True;3
1621268713000;11630388;154.221;154.241;154.231;0;T;True;3
1621268714000;11630389;154.221;154.241;154.231;0;T;True;3
1621268715000;11630390;154.221;154.241;154.231;0;T;True;3
1621268716000;11630391;154.221;154.241;154.231;0;T;True;3
1621268717000;11630392;154.221;154.241;154.231;0;T;True;3
1621268718000;11630393;154.221;154.241;154.231;0;T;True;3
1621268719000;11630394;154.221;154.241;154.231;0;T;True;3
1621268720000;11630395;154.221;154.241;154.231;0;T;True;3
1621268721000;11630396;154.221;154.241;154.231;0;T;True;3
1621268722000;11630397;154.221;154.241;154.231;0;T;True;3
1621268723000;11630398;154.221;154.241;154.231;0;T;True;3
1621268724000;11630399;154.221;154.241;154.231;0;T;True;3
1621268725000;11630400;154.221;154.241;154.231;0;T;True;3
1621268726000;11630401;154.221;154.241;154.231;0;T;True;3
1621268727000;11630402;154.221;154.241;154.231;0;T;True;3
1621268728000;11630403;154.221;154.241;154.231;0;T;True;3
1621268729000;11630406;154.228;154.248;154.238;2;T;True;3
1621268730000;11630407;154.228;154.248;154.238;0;T;True;3
1621268731000;11630408;154.228;154.248;154.238;0;T;True;3
1621268732000;11630411;154.226;154.246;154.236;2;T;True;3
1621268733000;11630412;154.226;154.246;154.236;0;T;True;3
1621268734000;11630413;154.226;154.246;154.236;0;T;True;3
1621268735000;11630414;154.226;154.246;154.236;0;T;True;3
1621268736000;11630415;154.226;154.246;154.236;0;T;True;3
1621268737000;11630416;154.226;154.246;154.236;0;T;True;3
1621268738000;11630417;154.226;154.246;154.236;0;T;True;3
1621268739000;11630418;154.226;154.246;154.236;0;T;True;3
1621268740000;11630419;154.226;154.246;154.236;0;T;True;3
1621268741000;11630420;154.226;154.246;154.236;0;T;True;3
1621268742000;11630421;154.226;154.246;154.236;0;T;True;3
1621268743000;11630422;154.226;154.246;154.236;0;T;True;3
1621268744000;11630423;154.226;154.246;154.236;0;T;True;3
1621268745000;11630424;154.226;154.246;154.236;0;T;True;3
1621268746000;11630425;154.226;154.246;154.236;0;T;True;3
1621268747000;11630426;154.226;154.246;154.236;0;T;True;3
1621268748000;11630427;154.226;154.246;154.236;0;T;True;3
1621268749000;11630428;154.226;154.246;154.236;0;T;True;3
1621268750000;11630429;154.226;154.246;154.236;0;T;True;3
1621268751000;11630431;154.223;154.243;154.233;1;T;True;3
1621268752000;11630433;154.222;154.242;154.232;1;T;True;3
1621268753000;11630434;154.222;154.242;154.232;0;T;True;3
1621268754000;11630435;154.222;154.242;154.232;0;T;True;3
1621268755000;11630436;154.222;154.242;154.232;0;T;True;3
1621268756000;11630437;154.222;154.242;154.232;0;T;True;3
1621268757000;11630439;154.223;154.243;154.233;1;T;True;3
1621268758000;11630440;154.223;154.243;154.233;0;T;True;3
1621268759000;11630441;154.223;154.243;154.233;0;T;True;3
1621268760000;11630442;154.223;154.243;154.233;0;T;True;3
1621268761000;11630443;154.223;154.243;154.233;0;T;True;3
1621268762000;11630444;154.223;154.243;154.233;0;T;True;3
1621268763000;11630445;154.223;154.243;154.233;0;T;True;3
1621268764000;11630447;154.221;154.241;154.231;1;T;True;3
1621268765000;11630448;154.221;154.241;154.231;0;T;True;3
1621268766000;11630451;154.225;154.245;154.235;2;T;True;3
1621268767000;11630452;154.225;154.245;154.235;0;T;True;3
1621268768000;11630453;154.225;154.245;154.235;0;T;True;3
1621268769000;11630454;154.225;154.245;154.235;0;T;True;3
1621268770000;11630455;154.225;154.245;154.235;0;T;True;3
1621268771000;11630456;154.225;154.245;154.235;0;T;True;3
1621268772000;11630457;154.225;154.245;154.235;0;T;True;3
1621268773000;11630458;154.225;154.245;154.235;0;T;True;3
1621268774000;11630459;154.225;154.245;154.235;0;T;True;3
1621268775000;11630460;154.225;154.245;154.235;0;T;True;3
1621268776000;11630461;154.225;154.245;154.235;0;T;True;3
1621268777000;11630462;154.225;154.245;154.235;0;T;True;3
1621268778000;11630463;154.225;154.245;154.235;0;T;True;3
1621268779000;11630464;154.225;154.245;154.235;0;T;True;3
1621268780000;11630465;154.225;154.245;154.235;0;T;True;3
1621268781000;11630466;154.225;154.245;154.235;0;T;True;3
1621268782000;11630467;154.225;154.245;154.235;0;T;True;3
1621268783000;11630468;154.225;154.245;154.235;0;T;True;3
1621268784000;11630469;154.225;154.245;154.235;0;T;True;3
1621268785000;11630470;154.225;154.245;154.235;0;T;True;3
1621268786000;11630473;154.222;154.242;154.232;2;T;True;3
1621268787000;11630476;154.219;154.239;154.229;2;T;True;3
1621268788000;11630482;154.213;154.233;154.223;5;T;True;3
1621268789000;11630483;154.213;154.233;154.223;0;T;True;3
1621268790000;11630484;154.213;154.233;154.223;0;T;True;3
1621268791000;11630485;154.213;154.233;154.223;0;T;True;3
