ts;n;bid;ask;value;volume;phase;round;active_id
1621256262000;11606459;153.96;153.98;153.97;0;T;True;3
1621256263000;11606461;153.959;153.979;153.969;1;T;True;3
1621256264000;11606462;153.959;153.979;153.969;0;T;True;3
1621256265000;11606463;153.959;153.979;153.969;0;T;True;3
1621256266000;11606464;153.959;153.979;153.969;0;T;True;3
1621256267000;11606465;153.959;153.979;153.969;0;T;True;3
1621256268000;11606467;153.958;153.978;153.968;1;T;True;3
1621256269000;11606474;153.943;153.963;153.953;6;T;True;3
1621256270000;11606477;153.941;153.961;153.951;2;T;True;3
1621256271000;11606478;153.941;153.961;153.951;0;T;True;3
1621256272000;11606479;153.941;153.961;153.951;0;T;True;3
1621256273000;11606482;153.943;153.963;153.953;2;T;True;3
1621256274000;11606484;153.944;153.964;153.954;1;T;True;3
1621256275000;11606485;153.944;153.964;153.954;0;T;True;3
1621256276000;11606488;153.949;153.969;153.959;2;T;True;3
1621256277000;11606493;153.952;153.972;153.962;4;T;True;3
1621256278000;11606498;153.955;153.975;153.965;4;T;True;3
1621256279000;11606501;153.952;153.972;153.962;2;T;True;3
1621256280000;11606504;153.952;153.972;153.962;2;T;True;3
1621256281000;11606506;153.949;153.969;153.959;1;T;True;3
1621256282000;11606507;153.949;153.969;153.959;0;T;True;3
1621256283000;11606509;153.945;153.965;153.955;1;T;True;3
1621256284000;11606511;153.946;153.966;153.956;1;T;True;3
1621256285000;11606513;153.945;153.965;153.955;1;T;True;3
1621256286000;11606517;153.947;153.967;153.957;3;T;True;3
1621256287000;11606518;153.947;153.967;153.957;0;T;True;3
1621256288000;11606523;153.939;153.959;153.949;4;T;True;3
1621256289000;11606526;153.937;153.957;153.947;2;T;True;3
1621256290000;11606527;153.937;153.957;153.947;0;T;True;3
1621256291000;11606528;153.937;153.957;153.947;0;T;True;3
1621256292000;11606530;153.938;153.958;153.948;1;T;True;3
1621256293000;11606533;153.945;153.965;153.955;2;T;True;3
1621256294000;11606535;153.943;153.963;153.953;1;T;True;3
1621256295000;11606536;153.943;153.963;153.953;0;T;True;3
1621256296000;11606537;153.943;153.963;153.953;0;T;True;3
1621256297000;11606540;153.939;153.959;153.949;2;T;True;3
1621256298000;11606541;153.939;153.959;153.949;0;T;True;3
1621256299000;11606544;153.935;153.955;153.945;2;T;True;3
1621256300000;11606545;153.935;153.955;153.945;0;T;True;3
1621256301000;11606546;153.935;153.955;153.945;0;T;True;3
1621256302000;11606547;153.935;153.955;153.945;0;T;True;3
1621256303000;11606548;153.935;153.955;153.945;0;T;True;3
1621256304000;11606552;153.931;153.951;153.941;3;T;True;3
1621256305000;11606553;153.931;153.951;153.941;0;T;True;3
1621256306000;11606554;153.931;153.951;153.941;0;T;True;3
1621256307000;11606555;153.931;153.951;153.941;0;T;True;3
1621256308000;11606556;153.931;153.951;153.941;0;T;True;3
1621256309000;11606558;153.932;153.952;153.942;1;T;True;3
1621256310000;11606560;153.935;153.955;153.945;1;T;True;3
1621256311000;11606563;153.938;153.958;153.948;2;T;True;3
1621256312000;11606564;153.938;153.958;153.948;0;T;True;3
1621256313000;11606565;153.938;153.958;153.948;0;T;True;3
1621256314000;11606567;153.939;153.959;153.949;1;T;True;3
1621256315000;11606569;153.938;153.958;153.948;1;T;True;3
1621256316000;11606572;153.938;153.958;153.948;2;T;True;3
1621256317000;11606576;153.942;153.962;153.952;3;T;True;3
1621256318000;11606578;153.943;153.963;153.953;1;T;True;3
1621256319000;11606579;153.943;153.963;153.953;0;T;True;3
1621256320000;11606581;153.944;153.964;153.954;1;T;True;3
1621256321000;11606583;153.945;153.965;153.955;1;T;True;3
1621256322000;11606585;153.947;153.967;153.957;1;T;True;3
1621256323000;11606587;153.945;153.965;153.955;1;T;True;3
1621256324000;11606588;153.945;153.965;153.955;0;T;True;3
1621256325000;11606592;153.945;153.965;153.955;3;T;True;3
1621256326000;11606593;153.945;153.965;153.955;0;T;True;3
1621256327000;11606595;153.946;153.966;153.956;1;T;True;3
1621256328000;11606597;153.945;153.965;153.955;1;T;True;3
1621256329000;11606598;153.945;153.965;153.955;0;T;True;3
1621256330000;11606599;153.945;153.965;153.955;0;T;True;3
1621256331000;11606605;153.94;153.96;153.95;5;T;True;3
1621256332000;11606607;153.939;153.959;153.949;1;T;True;3
1621256333000;11606610;153.935;153.955;153.945;2;T;True;3
1621256334000;11606611;153.935;153.955;153.945;0;T;True;3
1621256335000;11606614;153.935;153.955;153.945;2;T;True;3
1621256336000;11606615;153.935;153.955;153.945;0;T;True;3
1621256337000;11606617;153.933;153.953;153.943;1;T;True;3
1621256338000;11606618;153.933;153.953;153.943;0;T;True;3
1621256339000;11606624;153.931;153.951;153.941;5;T;True;3
1621256340000;11606625;153.931;153.951;153.941;0;T;True;3
1621256341000;11606627;153.933;153.953;153.943;1;T;True;3
1621256342000;11606629;153.935;153.955;153.945;1;T;True;3
1621256343000;11606630;153.935;153.955;153.945;0;T;True;3
1621256344000;11606632;153.936;153.956;153.946;1;T;True;3
1621256345000;11606634;153.935;153.955;153.945;1;T;True;3
1621256346000;11606635;153.935;153.955;153.945;0;T;True;3
1621256347000;11606636;153.935;153.955;153.945;0;T;True;3
1621256348000;11606637;153.935;153.955;153.945;0;T;True;3
1621256349000;11606640;153.933;153.953;153.943;2;T;True;3
1621256350000;11606642;153.934;153.954;153.944;1;T;True;3
1621256351000;11606643;153.934;153.954;153.944;0;T;True;3
1621256352000;11606649;153.94;153.96;153.95;5;T;True;3
1621256353000;11606651;153.943;153.963;153.953;1;T;True;3
1621256354000;11606654;153.935;153.955;153.945;2;T;True;3
1621256355000;11606657;153.935;153.955;153.945;2;T;True;3
1621256356000;11606658;153.935;153.955;153.945;0;T;True;3
1621256357000;11606659;153.935;153.955;153.945;0;T;True;3
1621256358000;11606661;153.933;153.953;153.943;1;T;True;3
1621256359000;11606662;153.933;153.953;153.943;0;T;True;3
1621256360000;11606663;153.933;153.953;153.943;0;T;True;3
1621256361000;11606664;153.933;153.953;153.943;0;T;True;3
1621256362000;11606665;153.933;153.953;153.943;0;T;True;3
1621256363000;11606667;153.935;153.955;153.945;1;T;True;3
1621256364000;11606668;153.935;153.955;153.945;0;T;True;3
1621256365000;11606669;153.935;153.955;153.945;0;T;True;3
1621256366000;11606672;153.937;153.957;153.947;2;T;True;3
1621256367000;11606674;153.935;153.955;153.945;1;T;True;3
1621256368000;11606676;153.93;153.95;153.94;1;T;True;3
1621256369000;11606678;153.929;153.949;153.939;1;T;True;3
1621256370000;11606680;153.93;153.95;153.94;1;T;True;3
1621256371000;11606681;153.93;153.95;153.94;0;T;True;3
1621256372000;11606682;153.93;153.95;153.94;0;T;True;3
1621256373000;11606684;153.929;153.949;153.939;1;T;True;3
1621256374000;11606692;153.945;153.965;153.955;7;T;True;3
1621256375000;11606694;153.947;153.967;153.957;1;T;True;3
1621256376000;11606695;153.947;153.967;153.957;0;T;True;3
1621256377000;11606697;153.946;153.966;153.956;1;T;True;3
1621256378000;11606698;153.946;153.966;153.956;0;T;True;3
1621256379000;11606699;153.946;153.966;153.956;0;T;True;3
1621256380000;11606701;153.945;153.965;153.955;1;T;True;3
1621256381000;11606702;153.945;153.965;153.955;0;T;True;3
1621256382000;11606703;153.945;153.965;153.955;0;T;True;3
1621256383000;11606704;153.945;153.965;153.955;0;T;True;3
1621256384000;11606708;153.949;153.969;153.959;3;T;True;3
1621256385000;11606710;153.953;153.973;153.963;1;T;True;3
1621256386000;11606712;153.951;153.971;153.961;1;T;True;3
1621256387000;11606713;153.951;153.971;153.961;0;T;True;3
1621256388000;11606714;153.951;153.971;153.961;0;T;True;3
1621256389000;11606717;153.945;153.965;153.955;2;T;True;3
1621256390000;11606719;153.95;153.97;153.96;1;T;True;3
1621256391000;11606723;153.949;153.969;153.959;3;T;True;3
1621256392000;11606725;153.945;153.965;153.955;1;T;True;3
1621256393000;11606726;153.945;153.965;153.955;0;T;True;3
1621256394000;11606728;153.944;153.964;153.954;1;T;True;3
1621256395000;11606731;153.942;153.962;153.952;2;T;True;3
1621256396000;11606732;153.942;153.962;153.952;0;T;True;3
1621256397000;11606733;153.942;153.962;153.952;0;T;True;3
1621256398000;11606740;153.945;153.965;153.955;6;T;True;3
1621256399000;11606744;153.943;153.963;153.953;3;T;True;3
1621256400000;11606747;153.941;153.961;153.951;2;T;True;3
1621256401000;11606752;153.951;153.971;153.961;4;T;True;3
1621256402000;11606758;153.95;153.97;153.96;5;T;True;3
1621256403000;11606763;153.945;153.965;153.955;4;T;True;3
1621256404000;11606765;153.947;153.967;153.957;1;T;True;3
1621256405000;11606772;153.945;153.965;153.955;6;T;True;3
1621256406000;11606776;153.945;153.965;153.955;3;T;True;3
1621256407000;11606780;153.946;153.966;153.956;3;T;True;3
1621256408000;11606781;153.946;153.966;153.956;0;T;True;3
1621256409000;11606783;153.947;153.967;153.957;1;T;True;3
1621256410000;11606789;153.943;153.963;153.953;5;T;True;3
1621256411000;11606791;153.945;153.965;153.955;1;T;True;3
1621256412000;11606794;153.945;153.965;153.955;2;T;True;3
1621256413000;11606798;153.951;153.971;153.961;3;T;True;3
1621256414000;11606800;153.953;153.973;153.963;1;T;True;3
1621256415000;11606801;153.953;153.973;153.963;0;T;True;3
1621256416000;11606802;153.953;153.973;153.963;0;T;True;3
1621256417000;11606804;153.949;153.969;153.959;1;T;True;3
1621256418000;11606809;153.946;153.966;153.956;4;T;True;3
1621256419000;11606810;153.946;153.966;153.956;0;T;True;3
1621256420000;11606812;153.945;153.965;153.955;1;T;True;3
1621256421000;11606816;153.943;153.963;153.953;3;T;True;3
1621256422000;11606818;153.942;153.962;153.952;1;T;True;3
1621256423000;11606820;153.941;153.961;153.951;1;T;True;3
1621256424000;11606822;153.94;153.96;153.95;1;T;True;3
1621256425000;11606823;153.94;153.96;153.95;0;T;True;3
1621256426000;11606829;153.931;153.951;153.941;5;T;True;3
1621256427000;11606831;153.93;153.95;153.94;1;T;True;3
1621256428000;11606833;153.931;153.951;153.941;1;T;True;3
1621256429000;11606835;153.929;153.949;153.939;1;T;True;3
1621256430000;11606837;153.928;153.948;153.938;1;T;True;3
1621256431000;11606838;153.928;153.948;153.938;0;T;True;3
1621256432000;11606839;153.928;153.948;153.938;0;T;True;3
1621256433000;11606840;153.928;153.948;153.938;0;T;True;3
1621256434000;11606841;153.928;153.948;153.938;0;T;True;3
1621256435000;11606844;153.925;153.945;153.935;2;T;True;3
1621256436000;11606845;153.925;153.945;153.935;0;T;True;3
1621256437000;11606849;153.928;153.948;153.938;3;T;True;3
1621256438000;11606850;153.928;153.948;153.938;0;T;True;3
1621256439000;11606854;153.921;153.941;153.931;3;T;True;3
1621256440000;11606856;153.914;153.934;153.924;1;T;True;3
1621256441000;11606857;153.914;153.934;153.924;0;T;True;3
1621256442000;11606858;153.914;153.934;153.924;0;T;True;3
1621256443000;11606859;153.914;153.934;153.924;0;T;True;3
1621256444000;11606861;153.913;153.933;153.923;1;T;True;3
1621256445000;11606862;153.913;153.933;153.923;0;T;True;3
1621256446000;11606863;153.913;153.933;153.923;0;T;True;3
1621256447000;11606864;153.913;153.933;153.923;0;T;True;3
1621256448000;11606868;153.919;153.939;153.929;3;T;True;3
1621256449000;11606869;153.919;153.939;153.929;0;T;True;3
1621256450000;11606870;153.919;153.939;153.929;0;T;True;3
1621256451000;11606873;153.919;153.939;153.929;2;T;True;3
1621256452000;11606874;153.919;153.939;153.929;0;T;True;3
1621256453000;11606877;153.915;153.935;153.925;2;T;True;3
1621256454000;11606880;153.917;153.937;153.927;2;T;True;3
1621256455000;11606883;153.921;153.941;153.931;2;T;True;3
1621256456000;11606888;153.92;153.94;153.93;4;T;True;3
1621256457000;11606890;153.921;153.941;153.931;1;T;True;3
1621256458000;11606891;153.921;153.941;153.931;0;T;True;3
1621256459000;11606892;153.921;153.941;153.931;0;T;True;3
1621256460000;11606894;153.923;153.943;153.933;1;T;True;3
1621256461000;11606896;153.925;153.945;153.935;1;T;True;3
1621256462000;11606898;153.927;153.947;153.937;1;T;True;3
1621256463000;11606900;153.929;153.949;153.939;1;T;True;3
1621256464000;11606903;153.931;153.951;153.941;2;T;True;3
1621256465000;11606906;153.931;153.951;153.941;2;T;True;3
1621256466000;11606908;153.929;153.949;153.939;1;T;True;3
1621256467000;11606914;153.931;153.951;153.941;5;T;True;3
1621256468000;11606915;153.931;153.951;153.941;0;T;True;3
1621256469000;11606916;153.931;153.951;153.941;0;T;True;3
1621256470000;11606920;153.935;153.955;153.945;3;T;True;3
1621256471000;11606921;153.935;153.955;153.945;0;T;True;3
1621256472000;11606922;153.935;153.955;153.945;0;T;True;3
1621256473000;11606927;153.941;153.961;153.951;4;T;True;3
1621256474000;11606934;153.933;153.953;153.943;6;T;True;3
1621256475000;11606937;153.933;153.953;153.943;2;T;True;3
1621256476000;11606942;153.943;153.963;153.953;4;T;True;3
1621256477000;11606943;153.943;153.963;153.953;0;T;True;3
1621256478000;11606944;153.943;153.963;153.953;0;T;True;3
1621256479000;11606946;153.944;153.964;153.954;1;T;True;3
1621256480000;11606950;153.941;153.961;153.951;3;T;True;3
1621256481000;11606954;153.939;153.959;153.949;3;T;True;3
1621256482000;11606957;153.939;153.959;153.949;2;T;True;3
1621256483000;11606958;153.939;153.959;153.949;0;T;True;3
1621256484000;11606959;153.939;153.959;153.949;0;T;True;3
1621256485000;11606960;153.939;153.959;153.949;0;T;True;3
1621256486000;11606961;153.939;153.959;153.949;0;T;True;3
1621256487000;11606963;153.937;153.957;153.947;1;T;True;3
1621256488000;11606965;153.939;153.959;153.949;1;T;True;3
1621256489000;11606967;153.937;153.957;153.947;1;T;True;3
1621256490000;11606970;153.938;153.958;153.948;2;T;True;3
1621256491000;11606971;153.938;153.958;153.948;0;T;True;3
1621256492000;11606973;153.937;153.957;153.947;1;T;True;3
1621256493000;11606977;153.929;153.949;153.939;3;T;True;3
1621256494000;11606979;153.931;153.951;153.941;1;T;True;3
1621256495000;11606981;153.934;153.954;153.944;1;T;True;3
1621256496000;11606982;153.934;153.954;153.944;0;T;True;3
1621256497000;11606983;153.934;153.954;153.944;0;T;True;3
1621256498000;11606984;153.934;153.954;153.944;0;T;True;3
1621256499000;11606985;153.934;153.954;153.944;0;T;True;3
1621256500000;11606986;153.934;153.954;153.944;0;T;True;3
1621256501000;11606987;153.934;153.954;153.944;0;T;True;3
1621256502000;11606990;153.939;153.959;153.949;2;T;True;3
1621256503000;11606993;153.939;153.959;153.949;2;T;True;3
1621256504000;11606995;153.935;153.955;153.945;1;T;True;3
1621256505000;11606996;153.935;153.955;153.945;0;T;True;3
1621256506000;11606998;153.933;153.953;153.943;1;T;True;3
1621256507000;11607000;153.932;153.952;153.942;1;T;True;3
1621256508000;11607001;153.932;153.952;153.942;0;T;True;3
1621256509000;11607003;153.931;153.951;153.941;1;T;True;3
1621256510000;11607005;153.935;153.955;153.945;1;T;True;3
1621256511000;11607006;153.935;153.955;153.945;0;T;True;3
1621256512000;11607007;153.935;153.955;153.945;0;T;True;3
1621256513000;11607008;153.935;153.955;153.945;0;T;True;3
1621256514000;11607011;153.935;153.955;153.945;2;T;True;3
1621256515000;11607015;153.925;153.945;153.935;3;T;True;3
1621256516000;11607016;153.925;153.945;153.935;0;T;True;3
1621256517000;11607019;153.926;153.946;153.936;2;T;True;3
1621256518000;11607020;153.926;153.946;153.936;0;T;True;3
1621256519000;11607021;153.926;153.946;153.936;0;T;True;3
1621256520000;11607023;153.923;153.943;153.933;1;T;True;3
1621256521000;11607026;153.919;153.939;153.929;2;T;True;3
1621256522000;11607027;153.919;153.939;153.929;0;T;True;3
1621256523000;11607029;153.92;153.94;153.93;1;T;True;3
1621256524000;11607031;153.921;153.941;153.931;1;T;True;3
1621256525000;11607032;153.921;153.941;153.931;0;T;True;3
1621256526000;11607035;153.923;153.943;153.933;2;T;True;3
1621256527000;11607037;153.924;153.944;153.934;1;T;True;3
1621256528000;11607039;153.923;153.943;153.933;1;T;True;3
1621256529000;11607044;153.927;153.947;153.937;4;T;True;3
1621256530000;11607045;153.927;153.947;153.937;0;T;True;3
1621256531000;11607047;153.925;153.945;153.935;1;T;True;3
1621256532000;11607054;153.928;153.948;153.938;6;T;True;3
1621256533000;11607056;153.927;153.947;153.937;1;T;True;3
1621256534000;11607058;153.929;153.949;153.939;1;T;True;3
1621256535000;11607063;153.939;153.959;153.949;4;T;True;3
1621256536000;11607065;153.937;153.957;153.947;1;T;True;3
1621256537000;11607068;153.941;153.961;153.951;2;T;True;3
1621256538000;11607069;153.941;153.961;153.951;0;T;True;3
1621256539000;11607070;153.941;153.961;153.951;0;T;True;3
1621256540000;11607073;153.943;153.963;153.953;2;T;True;3
1621256541000;11607076;153.943;153.963;153.953;2;T;True;3
1621256542000;11607080;153.947;153.967;153.957;3;T;True;3
1621256543000;11607083;153.949;153.969;153.959;2;T;True;3
1621256544000;11607085;153.948;153.968;153.958;1;T;True;3
1621256545000;11607087;153.949;153.969;153.959;1;T;True;3
1621256546000;11607089;153.943;153.963;153.953;1;T;True;3
1621256547000;11607093;153.941;153.961;153.951;3;T;True;3
1621256548000;11607094;153.941;153.961;153.951;0;T;True;3
1621256549000;11607095;153.941;153.961;153.951;0;T;True;3
1621256550000;11607096;153.941;153.961;153.951;0;T;True;3
1621256551000;11607101;153.941;153.961;153.951;4;T;True;3
1621256552000;11607104;153.944;153.964;153.954;2;T;True;3
1621256553000;11607110;153.939;153.959;153.949;5;T;True;3
1621256554000;11607112;153.937;153.957;153.947;1;T;True;3
1621256555000;11607113;153.937;153.957;153.947;0;T;True;3
1621256556000;11607114;153.937;153.957;153.947;0;T;True;3
1621256557000;11607115;153.937;153.957;153.947;0;T;True;3
1621256558000;11607117;153.939;153.959;153.949;1;T;True;3
1621256559000;11607118;153.939;153.959;153.949;0;T;True;3
1621256560000;11607119;153.939;153.959;153.949;0;T;True;3
1621256561000;11607121;153.941;153.961;153.951;1;T;True;3
1621256562000;11607122;153.941;153.961;153.951;0;T;True;3
1621256563000;11607123;153.941;153.961;153.951;0;T;True;3
1621256564000;11607124;153.941;153.961;153.951;0;T;True;3
1621256565000;11607125;153.941;153.961;153.951;0;T;True;3
1621256566000;11607126;153.941;153.961;153.951;0;T;True;3
1621256567000;11607127;153.941;153.961;153.951;0;T;True;3
1621256568000;11607129;153.938;153.958;153.948;1;T;True;3
1621256569000;11607130;153.938;153.958;153.948;0;T;True;3
1621256570000;11607131;153.938;153.958;153.948;0;T;True;3
1621256571000;11607133;153.937;153.957;153.947;1;T;True;3
1621256572000;11607135;153.936;153.956;153.946;1;T;True;3
1621256573000;11607136;153.936;153.956;153.946;0;T;True;3
1621256574000;11607138;153.935;153.955;153.945;1;T;True;3
1621256575000;11607139;153.935;153.955;153.945;0;T;True;3
1621256576000;11607140;153.935;153.955;153.945;0;T;True;3
1621256577000;11607145;153.941;153.961;153.951;4;T;True;3
1621256578000;11607146;153.941;153.961;153.951;0;T;True;3
1621256579000;11607148;153.943;153.963;153.953;1;T;True;3
1621256580000;11607149;153.943;153.963;153.953;0;T;True;3
1621256581000;11607150;153.943;153.963;153.953;0;T;True;3
1621256582000;11607151;153.943;153.963;153.953;0;T;True;3
1621256583000;11607153;153.947;153.967;153.957;1;T;True;3
1621256584000;11607154;153.947;153.967;153.957;0;T;True;3
1621256585000;11607155;153.947;153.967;153.957;0;T;True;3
1621256586000;11607157;153.951;153.971;153.961;1;T;True;3
1621256587000;11607159;153.952;153.972;153.962;1;T;True;3
1621256588000;11607160;153.952;153.972;153.962;0;T;True;3
1621256589000;11607161;153.952;153.972;153.962;0;T;True;3
1621256590000;11607162;153.952;153.972;153.962;0;T;True;3
1621256591000;11607163;153.952;153.972;153.962;0;T;True;3
1621256592000;11607164;153.952;153.972;153.962;0;T;True;3
1621256593000;11607165;153.952;153.972;153.962;0;T;True;3
1621256594000;11607167;153.951;153.971;153.961;1;T;True;3
1621256595000;11607168;153.951;153.971;153.961;0;T;True;3
1621256596000;11607169;153.951;153.971;153.961;0;T;True;3
1621256597000;11607170;153.951;153.971;153.961;0;T;True;3
1621256598000;11607173;153.945;153.965;153.955;2;T;True;3
1621256599000;11607174;153.945;153.965;153.955;0;T;True;3
1621256600000;11607175;153.945;153.965;153.955;0;T;True;3
1621256601000;11607177;153.943;153.963;153.953;1;T;True;3
1621256602000;11607178;153.943;153.963;153.953;0;T;True;3
1621256603000;11607179;153.943;153.963;153.953;0;T;True;3
1621256604000;11607180;153.943;153.963;153.953;0;T;True;3
1621256605000;11607181;153.943;153.963;153.953;0;T;True;3
1621256606000;11607183;153.947;153.967;153.957;1;T;True;3
1621256607000;11607184;153.947;153.967;153.957;0;T;True;3
1621256608000;11607186;153.945;153.965;153.955;1;T;True;3
1621256609000;11607187;153.945;153.965;153.955;0;T;True;3
1621256610000;11607190;153.941;153.961;153.951;2;T;True;3
1621256611000;11607195;153.949;153.969;153.959;4;T;True;3
1621256612000;11607197;153.947;153.967;153.957;1;T;True;3
1621256613000;11607202;153.949;153.969;153.959;4;T;True;3
1621256614000;11607205;153.949;153.969;153.959;2;T;True;3
1621256615000;11607206;153.949;153.969;153.959;0;T;True;3
1621256616000;11607207;153.949;153.969;153.959;0;T;True;3
1621256617000;11607209;153.947;153.967;153.957;1;T;True;3
1621256618000;11607210;153.947;153.967;153.957;0;T;True;3
1621256619000;11607213;153.947;153.967;153.957;2;T;True;3
1621256620000;11607215;153.948;153.968;153.958;1;T;True;3
1621256621000;11607216;153.948;153.968;153.958;0;T;True;3
1621256622000;11607217;153.948;153.968;153.958;0;T;True;3
1621256623000;11607220;153.949;153.969;153.959;2;T;True;3
1621256624000;11607221;153.949;153.969;153.959;0;T;True;3
1621256625000;11607222;153.949;153.969;153.959;0;T;True;3
1621256626000;11607223;153.949;153.969;153.959;0;T;True;3
1621256627000;11607225;153.95;153.97;153.96;1;T;True;3
1621256628000;11607226;153.95;153.97;153.96;0;T;True;3
1621256629000;11607228;153.951;153.971;153.961;1;T;True;3
1621256630000;11607230;153.95;153.97;153.96;1;T;True;3
1621256631000;11607233;153.951;153.971;153.961;2;T;True;3
1621256632000;11607234;153.951;153.971;153.961;0;T;True;3
1621256633000;11607236;153.952;153.972;153.962;1;T;True;3
1621256634000;11607238;153.955;153.975;153.965;1;T;True;3
1621256635000;11607239;153.955;153.975;153.965;0;T;True;3
1621256636000;11607241;153.959;153.979;153.969;1;T;True;3
1621256637000;11607242;153.959;153.979;153.969;0;T;True;3
1621256638000;11607243;153.959;153.979;153.969;0;T;True;3
1621256639000;11607245;153.958;153.978;153.968;1;T;True;3
1621256640000;11607247;153.959;153.979;153.969;1;T;True;3
1621256641000;11607250;153.957;153.977;153.967;2;T;True;3
1621256642000;11607253;153.955;153.975;153.965;2;T;True;3
1621256643000;11607256;153.959;153.979;153.969;2;T;True;3
1621256644000;11607258;153.957;153.977;153.967;1;T;True;3
1621256645000;11607260;153.955;153.975;153.965;1;T;True;3
1621256646000;11607262;153.957;153.977;153.967;1;T;True;3
1621256647000;11607263;153.957;153.977;153.967;0;T;True;3
1621256648000;11607265;153.959;153.979;153.969;1;T;True;3
1621256649000;11607267;153.963;153.983;153.973;1;T;True;3
1621256650000;11607269;153.965;153.985;153.975;1;T;True;3
1621256651000;11607273;153.968;153.988;153.978;3;T;True;3
1621256652000;11607275;153.969;153.989;153.979;1;T;True;3
1621256653000;11607276;153.969;153.989;153.979;0;T;True;3
1621256654000;11607280;153.974;153.994;153.984;3;T;True;3
1621256655000;11607283;153.977;153.997;153.987;2;T;True;3
1621256656000;11607286;153.972;153.992;153.982;2;T;True;3
1621256657000;11607288;153.971;153.991;153.981;1;T;True;3
1621256658000;11607289;153.971;153.991;153.981;0;T;True;3
1621256659000;11607292;153.974;153.994;153.984;2;T;True;3
1621256660000;11607295;153.976;153.996;153.986;2;T;True;3
1621256661000;11607299;153.979;153.999;153.989;3;T;True;3
1621256662000;11607302;153.982;154.002;153.992;2;T;True;3
1621256663000;11607303;153.982;154.002;153.992;0;T;True;3
1621256664000;11607306;153.981;154.001;153.991;2;T;True;3
1621256665000;11607307;153.981;154.001;153.991;0;T;True;3
1621256666000;11607311;153.983;154.003;153.993;3;T;True;3
1621256667000;11607313;153.982;154.002;153.992;1;T;True;3
1621256668000;11607314;153.982;154.002;153.992;0;T;True;3
1621256669000;11607315;153.982;154.002;153.992;0;T;True;3
1621256670000;11607318;153.977;153.997;153.987;2;T;True;3
1621256671000;11607322;153.979;153.999;153.989;3;T;True;3
1621256672000;11607324;153.977;153.997;153.987;1;T;True;3
1621256673000;11607325;153.977;153.997;153.987;0;T;True;3
1621256674000;11607327;153.978;153.998;153.988;1;T;True;3
1621256675000;11607329;153.979;153.999;153.989;1;T;True;3
1621256676000;11607330;153.979;153.999;153.989;0;T;True;3
1621256677000;11607333;153.976;153.996;153.986;2;T;True;3
1621256678000;11607338;153.982;154.002;153.992;4;T;True;3
1621256679000;11607340;153.981;154.001;153.991;1;T;True;3
1621256680000;11607342;153.979;153.999;153.989;1;T;True;3
1621256681000;11607344;153.981;154.001;153.991;1;T;True;3
1621256682000;11607346;153.982;154.002;153.992;1;T;True;3
1621256683000;11607347;153.982;154.002;153.992;0;T;True;3
1621256684000;11607348;153.982;154.002;153.992;0;T;True;3
1621256685000;11607349;153.982;154.002;153.992;0;T;True;3
1621256686000;11607350;153.982;154.002;153.992;0;T;True;3
1621256687000;11607354;153.983;154.003;153.993;3;T;True;3
1621256688000;11607356;153.985;154.005;153.995;1;T;True;3
1621256689000;11607357;153.985;154.005;153.995;0;T;True;3
1621256690000;11607358;153.985;154.005;153.995;0;T;True;3
1621256691000;11607361;153.983;154.003;153.993;2;T;True;3
1621256692000;11607362;153.983;154.003;153.993;0;T;True;3
1621256693000;11607367;153.983;154.003;153.993;4;T;True;3
1621256694000;11607368;153.983;154.003;153.993;0;T;True;3
1621256695000;11607370;153.982;154.002;153.992;1;T;True;3
1621256696000;11607372;153.981;154.001;153.991;1;T;True;3
1621256697000;11607373;153.981;154.001;153.991;0;T;True;3
1621256698000;11607374;153.981;154.001;153.991;0;T;True;3
1621256699000;11607375;153.981;154.001;153.991;0;T;True;3
1621256700000;11607377;153.978;153.998;153.988;1;T;True;3
1621256701000;11607379;153.977;153.997;153.987;1;T;True;3
1621256702000;11607380;153.977;153.997;153.987;0;T;True;3
1621256703000;11607381;153.977;153.997;153.987;0;T;True;3
1621256704000;11607382;153.977;153.997;153.987;0;T;True;3
1621256705000;11607383;153.977;153.997;153.987;0;T;True;3
1621256706000;11607385;153.976;153.996;153.986;1;T;True;3
1621256707000;11607387;153.977;153.997;153.987;1;T;True;3
1621256708000;11607388;153.977;153.997;153.987;0;T;True;3
1621256709000;11607389;153.977;153.997;153.987;0;T;True;3
1621256710000;11607391;153.979;153.999;153.989;1;T;True;3
1621256711000;11607392;153.979;153.999;153.989;0;T;True;3
1621256712000;11607393;153.979;153.999;153.989;0;T;True;3
1621256713000;11607394;153.979;153.999;153.989;0;T;True;3
1621256714000;11607395;153.979;153.999;153.989;0;T;True;3
1621256715000;11607401;153.997;154.017;154.007;5;T;True;3
1621256716000;11607402;153.997;154.017;154.007;0;T;True;3
1621256717000;11607403;153.997;154.017;154.007;0;T;True;3
1621256718000;11607406;154.001;154.021;154.011;2;T;True;3
1621256719000;11607411;153.995;154.015;154.005;4;T;True;3
1621256720000;11607414;153.989;154.009;153.999;2;T;True;3
1621256721000;11607418;153.992;154.012;154.002;3;T;True;3
1621256722000;11607420;153.991;154.011;154.001;1;T;True;3
1621256723000;11607421;153.991;154.011;154.001;0;T;True;3
1621256724000;11607423;153.988;154.008;153.998;1;T;True;3
1621256725000;11607425;153.987;154.007;153.997;1;T;True;3
1621256726000;11607426;153.987;154.007;153.997;0;T;True;3
1621256727000;11607428;153.983;154.003;153.993;1;T;True;3
1621256728000;11607429;153.983;154.003;153.993;0;T;True;3
1621256729000;11607431;153.985;154.005;153.995;1;T;True;3
1621256730000;11607432;153.985;154.005;153.995;0;T;True;3
1621256731000;11607435;153.985;154.005;153.995;2;T;True;3
1621256732000;11607439;153.981;154.001;153.991;3;T;True;3
1621256733000;11607441;153.98;154.0;153.99;1;T;True;3
1621256734000;11607442;153.98;154.0;153.99;0;T;True;3
1621256735000;11607444;153.981;154.001;153.991;1;T;True;3
1621256736000;11607446;153.983;154.003;153.993;1;T;True;3
1621256737000;11607450;153.983;154.003;153.993;3;T;True;3
1621256738000;11607452;153.981;154.001;153.991;1;T;True;3
1621256739000;11607454;153.979;153.999;153.989;1;T;True;3
1621256740000;11607455;153.979;153.999;153.989;0;T;True;3
1621256741000;11607456;153.979;153.999;153.989;0;T;True;3
1621256742000;11607461;153.99;154.01;154.0;4;T;True;3
1621256743000;11607463;153.991;154.011;154.001;1;T;True;3
1621256744000;11607464;153.991;154.011;154.001;0;T;True;3
1621256745000;11607465;153.991;154.011;154.001;0;T;True;3
1621256746000;11607466;153.991;154.011;154.001;0;T;True;3
1621256747000;11607467;153.991;154.011;154.001;0;T;True;3
1621256748000;11607468;153.991;154.011;154.001;0;T;True;3
1621256749000;11607469;153.991;154.011;154.001;0;T;True;3
1621256750000;11607471;153.995;154.015;154.005;1;T;True;3
1621256751000;11607472;153.995;154.015;154.005;0;T;True;3
1621256752000;11607473;153.995;154.015;154.005;0;T;True;3
1621256753000;11607477;153.985;154.005;153.995;3;T;True;3
1621256754000;11607478;153.985;154.005;153.995;0;T;True;3
1621256755000;11607480;153.981;154.001;153.991;1;T;True;3
1621256756000;11607482;153.982;154.002;153.992;1;T;True;3
1621256757000;11607483;153.982;154.002;153.992;0;T;True;3
1621256758000;11607484;153.982;154.002;153.992;0;T;True;3
1621256759000;11607485;153.982;154.002;153.992;0;T;True;3
1621256760000;11607486;153.982;154.002;153.992;0;T;True;3
1621256761000;11607492;153.976;153.996;153.986;5;T;True;3
1621256762000;11607494;153.977;153.997;153.987;1;T;True;3
1621256763000;11607496;153.975;153.995;153.985;1;T;True;3
1621256764000;11607497;153.975;153.995;153.985;0;T;True;3
1621256765000;11607498;153.975;153.995;153.985;0;T;True;3
1621256766000;11607499;153.975;153.995;153.985;0;T;True;3
1621256767000;11607500;153.975;153.995;153.985;0;T;True;3
1621256768000;11607501;153.975;153.995;153.985;0;T;True;3
1621256769000;11607502;153.975;153.995;153.985;0;T;True;3
1621256770000;11607505;153.975;153.995;153.985;2;T;True;3
1621256771000;11607506;153.975;153.995;153.985;0;T;True;3
1621256772000;11607507;153.975;153.995;153.985;0;T;True;3
1621256773000;11607508;153.975;153.995;153.985;0;T;True;3
1621256774000;11607509;153.975;153.995;153.985;0;T;True;3
1621256775000;11607510;153.975;153.995;153.985;0;T;True;3
1621256776000;11607511;153.975;153.995;153.985;0;T;True;3
1621256777000;11607512;153.975;153.995;153.985;0;T;True;3
1621256778000;11607513;153.975;153.995;153.985;0;T;True;3
1621256779000;11607514;153.975;153.995;153.985;0;T;True;3
1621256780000;11607515;153.975;153.995;153.985;0;T;True;3
1621256781000;11607516;153.975;153.995;153.985;0;T;True;3
1621256782000;11607518;153.979;153.999;153.989;1;T;True;3
1621256783000;11607519;153.979;153.999;153.989;0;T;True;3
1621256784000;11607522;153.981;154.001;153.991;2;T;True;3
1621256785000;11607524;153.983;154.003;153.993;1;T;True;3
1621256786000;11607525;153.983;154.003;153.993;0;T;True;3
1621256787000;11607526;153.983;154.003;153.993;0;T;True;3
1621256788000;11607529;153.989;154.009;153.999;2;T;True;3
1621256789000;11607530;153.989;154.009;153.999;0;T;True;3
1621256790000;11607531;153.989;154.009;153.999;0;T;True;3
1621256791000;11607532;153.989;154.009;153.999;0;T;True;3
1621256792000;11607534;153.985;154.005;153.995;1;T;True;3
1621256793000;11607535;153.985;154.005;153.995;0;T;True;3
1621256794000;11607536;153.985;154.005;153.995;0;T;True;3
1621256795000;11607537;153.985;154.005;153.995;0;T;True;3
1621256796000;11607538;153.985;154.005;153.995;0;T;True;3
1621256797000;11607540;153.987;154.007;153.997;1;T;True;3
1621256798000;11607541;153.987;154.007;153.997;0;T;True;3
1621256799000;11607543;153.985;154.005;153.995;1;T;True;3
1621256800000;11607544;153.985;154.005;153.995;0;T;True;3
1621256801000;11607546;153.986;154.006;153.996;1;T;True;3
1621256802000;11607547;153.986;154.006;153.996;0;T;True;3
1621256803000;11607548;153.986;154.006;153.996;0;T;True;3
1621256804000;11607552;153.99;154.01;154.0;3;T;True;3
1621256805000;11607554;153.991;154.011;154.001;1;T;True;3
1621256806000;11607556;153.99;154.01;154.0;1;T;True;3
1621256807000;11607557;153.99;154.01;154.0;0;T;True;3
1621256808000;11607559;153.991;154.011;154.001;1;T;True;3
1621256809000;11607561;153.994;154.014;154.004;1;T;True;3
1621256810000;11607565;154.0;154.02;154.01;3;T;True;3
1621256811000;11607567;154.001;154.021;154.011;1;T;True;3
1621256812000;11607570;154.007;154.027;154.017;2;T;True;3
1621256813000;11607571;154.007;154.027;154.017;0;T;True;3
1621256814000;11607572;154.007;154.027;154.017;0;T;True;3
1621256815000;11607573;154.007;154.027;154.017;0;T;True;3
1621256816000;11607575;154.009;154.029;154.019;1;T;True;3
1621256817000;11607577;154.01;154.03;154.02;1;T;True;3
1621256818000;11607579;154.017;154.037;154.027;1;T;True;3
1621256819000;11607580;154.017;154.037;154.027;0;T;True;3
1621256820000;11607582;154.018;154.038;154.028;1;T;True;3
1621256821000;11607587;154.023;154.043;154.033;4;T;True;3
1621256822000;11607588;154.023;154.043;154.033;0;T;True;3
1621256823000;11607589;154.023;154.043;154.033;0;T;True;3
1621256824000;11607592;154.024;154.044;154.034;2;T;True;3
1621256825000;11607594;154.025;154.045;154.035;1;T;True;3
1621256826000;11607596;154.026;154.046;154.036;1;T;True;3
1621256827000;11607597;154.026;154.046;154.036;0;T;True;3
1621256828000;11607598;154.026;154.046;154.036;0;T;True;3
1621256829000;11607603;154.018;154.038;154.028;4;T;True;3
1621256830000;11607605;154.015;154.035;154.025;1;T;True;3
1621256831000;11607607;154.017;154.037;154.027;1;T;True;3
1621256832000;11607608;154.017;154.037;154.027;0;T;True;3
1621256833000;11607609;154.017;154.037;154.027;0;T;True;3
1621256834000;11607610;154.017;154.037;154.027;0;T;True;3
1621256835000;11607616;154.015;154.035;154.025;5;T;True;3
1621256836000;11607617;154.015;154.035;154.025;0;T;True;3
1621256837000;11607618;154.015;154.035;154.025;0;T;True;3
1621256838000;11607619;154.015;154.035;154.025;0;T;True;3
1621256839000;11607621;154.013;154.033;154.023;1;T;True;3
1621256840000;11607623;154.015;154.035;154.025;1;T;True;3
1621256841000;11607626;154.022;154.042;154.032;2;T;True;3
1621256842000;11607628;154.023;154.043;154.033;1;T;True;3
1621256843000;11607629;154.023;154.043;154.033;0;T;True;3
1621256844000;11607632;154.024;154.044;154.034;2;T;True;3
1621256845000;11607634;154.027;154.047;154.037;1;T;True;3
1621256846000;11607638;154.029;154.049;154.039;3;T;True;3
1621256847000;11607639;154.029;154.049;154.039;0;T;True;3
1621256848000;11607641;154.028;154.048;154.038;1;T;True;3
1621256849000;11607644;154.032;154.052;154.042;2;T;True;3
1621256850000;11607645;154.032;154.052;154.042;0;T;True;3
1621256851000;11607646;154.032;154.052;154.042;0;T;True;3
1621256852000;11607648;154.036;154.056;154.046;1;T;True;3
1621256853000;11607653;154.041;154.061;154.051;4;T;True;3
1621256854000;11607654;154.041;154.061;154.051;0;T;True;3
1621256855000;11607655;154.041;154.061;154.051;0;T;True;3
1621256856000;11607656;154.041;154.061;154.051;0;T;True;3
1621256857000;11607657;154.041;154.061;154.051;0;T;True;3
1621256858000;11607662;154.047;154.067;154.057;4;T;True;3
1621256859000;11607665;154.047;154.067;154.057;2;T;True;3
1621256860000;11607666;154.047;154.067;154.057;0;T;True;3
1621256861000;11607668;154.048;154.068;154.058;1;T;True;3
1621256862000;11607669;154.048;154.068;154.058;0;T;True;3
1621256863000;11607670;154.048;154.068;154.058;0;T;True;3
1621256864000;11607676;154.053;154.073;154.063;5;T;True;3
1621256865000;11607677;154.053;154.073;154.063;0;T;True;3
1621256866000;11607678;154.053;154.073;154.063;0;T;True;3
1621256867000;11607681;154.048;154.068;154.058;2;T;True;3
1621256868000;11607684;154.051;154.071;154.061;2;T;True;3
1621256869000;11607685;154.051;154.071;154.061;0;T;True;3
1621256870000;11607689;154.051;154.071;154.061;3;T;True;3
1621256871000;11607690;154.051;154.071;154.061;0;T;True;3
1621256872000;11607691;154.051;154.071;154.061;0;T;True;3
1621256873000;11607692;154.051;154.071;154.061;0;T;True;3
1621256874000;11607694;154.054;154.074;154.064;1;T;True;3
1621256875000;11607695;154.054;154.074;154.064;0;T;True;3
1621256876000;11607697;154.053;154.073;154.063;1;T;True;3
1621256877000;11607698;154.053;154.073;154.063;0;T;True;3
1621256878000;11607699;154.053;154.073;154.063;0;T;True;3
1621256879000;11607701;154.055;154.075;154.065;1;T;True;3
1621256880000;11607702;154.055;154.075;154.065;0;T;True;3
1621256881000;11607703;154.055;154.075;154.065;0;T;True;3
1621256882000;11607705;154.057;154.077;154.067;1;T;True;3
1621256883000;11607707;154.055;154.075;154.065;1;T;True;3
1621256884000;11607708;154.055;154.075;154.065;0;T;True;3
1621256885000;11607710;154.056;154.076;154.066;1;T;True;3
1621256886000;11607713;154.052;154.072;154.062;2;T;True;3
1621256887000;11607715;154.053;154.073;154.063;1;T;True;3
1621256888000;11607716;154.053;154.073;154.063;0;T;True;3
1621256889000;11607717;154.053;154.073;154.063;0;T;True;3
1621256890000;11607718;154.053;154.073;154.063;0;T;True;3
1621256891000;11607719;154.053;154.073;154.063;0;T;True;3
1621256892000;11607720;154.053;154.073;154.063;0;T;True;3
1621256893000;11607721;154.053;154.073;154.063;0;T;True;3
1621256894000;11607723;154.055;154.075;154.065;1;T;True;3
1621256895000;11607724;154.055;154.075;154.065;0;T;True;3
1621256896000;11607725;154.055;154.075;154.065;0;T;True;3
1621256897000;11607726;154.055;154.075;154.065;0;T;True;3
1621256898000;11607728;154.053;154.073;154.063;1;T;True;3
1621256899000;11607730;154.052;154.072;154.062;1;T;True;3
1621256900000;11607731;154.052;154.072;154.062;0;T;True;3
1621256901000;11607732;154.052;154.072;154.062;0;T;True;3
1621256902000;11607733;154.052;154.072;154.062;0;T;True;3
1621256903000;11607735;154.054;154.074;154.064;1;T;True;3
1621256904000;11607736;154.054;154.074;154.064;0;T;True;3
1621256905000;11607739;154.049;154.069;154.059;2;T;True;3
1621256906000;11607747;154.061;154.081;154.071;7;T;True;3
1621256907000;11607751;154.053;154.073;154.063;3;T;True;3
1621256908000;11607752;154.053;154.073;154.063;0;T;True;3
1621256909000;11607755;154.057;154.077;154.067;2;T;True;3
1621256910000;11607756;154.057;154.077;154.067;0;T;True;3
1621256911000;11607758;154.059;154.079;154.069;1;T;True;3
1621256912000;11607761;154.061;154.081;154.071;2;T;True;3
1621256913000;11607763;154.062;154.082;154.072;1;T;True;3
1621256914000;11607767;154.065;154.085;154.075;3;T;True;3
1621256915000;11607768;154.065;154.085;154.075;0;T;True;3
1621256916000;11607770;154.067;154.087;154.077;1;T;True;3
1621256917000;11607771;154.067;154.087;154.077;0;T;True;3
1621256918000;11607773;154.065;154.085;154.075;1;T;True;3
1621256919000;11607774;154.065;154.085;154.075;0;T;True;3
1621256920000;11607775;154.065;154.085;154.075;0;T;True;3
1621256921000;11607779;154.068;154.088;154.078;3;T;True;3
1621256922000;11607783;154.063;154.083;154.073;3;T;True;3
1621256923000;11607788;154.068;154.088;154.078;4;T;True;3
1621256924000;11607793;154.067;154.087;154.077;4;T;True;3
1621256925000;11607794;154.067;154.087;154.077;0;T;True;3
1621256926000;11607796;154.068;154.088;154.078;1;T;True;3
1621256927000;11607799;154.068;154.088;154.078;2;T;True;3
1621256928000;11607800;154.068;154.088;154.078;0;T;True;3
1621256929000;11607801;154.068;154.088;154.078;0;T;True;3
1621256930000;11607803;154.07;154.09;154.08;1;T;True;3
1621256931000;11607804;154.07;154.09;154.08;0;T;True;3
1621256932000;11607805;154.07;154.09;154.08;0;T;True;3
1621256933000;11607806;154.07;154.09;154.08;0;T;True;3
1621256934000;11607811;154.076;154.096;154.086;4;T;True;3
1621256935000;11607813;154.077;154.097;154.087;1;T;True;3
1621256936000;11607814;154.077;154.097;154.087;0;T;True;3
1621256937000;11607817;154.079;154.099;154.089;2;T;True;3
1621256938000;11607820;154.081;154.101;154.091;2;T;True;3
1621256939000;11607821;154.081;154.101;154.091;0;T;True;3
1621256940000;11607822;154.081;154.101;154.091;0;T;True;3
1621256941000;11607825;154.081;154.101;154.091;2;T;True;3
1621256942000;11607826;154.081;154.101;154.091;0;T;True;3
1621256943000;11607828;154.082;154.102;154.092;1;T;True;3
1621256944000;11607830;154.08;154.1;154.09;1;T;True;3
1621256945000;11607831;154.08;154.1;154.09;0;T;True;3
1621256946000;11607832;154.08;154.1;154.09;0;T;True;3
1621256947000;11607835;154.087;154.107;154.097;2;T;True;3
1621256948000;11607836;154.087;154.107;154.097;0;T;True;3
1621256949000;11607841;154.077;154.097;154.087;4;T;True;3
1621256950000;11607847;154.063;154.083;154.073;5;T;True;3
1621256951000;11607849;154.062;154.082;154.072;1;T;True;3
1621256952000;11607850;154.062;154.082;154.072;0;T;True;3
1621256953000;11607852;154.063;154.083;154.073;1;T;True;3
1621256954000;11607854;154.061;154.081;154.071;1;T;True;3
1621256955000;11607857;154.055;154.075;154.065;2;T;True;3
1621256956000;11607861;154.055;154.075;154.065;3;T;True;3
1621256957000;11607864;154.052;154.072;154.062;2;T;True;3
1621256958000;11607867;154.051;154.071;154.061;2;T;True;3
1621256959000;11607869;154.049;154.069;154.059;1;T;True;3
1621256960000;11607870;154.049;154.069;154.059;0;T;True;3
1621256961000;11607872;154.047;154.067;154.057;1;T;True;3
1621256962000;11607873;154.047;154.067;154.057;0;T;True;3
1621256963000;11607876;154.044;154.064;154.054;2;T;True;3
1621256964000;11607879;154.039;154.059;154.049;2;T;True;3
1621256965000;11607883;154.041;154.061;154.051;3;T;True;3
1621256966000;11607884;154.041;154.061;154.051;0;T;True;3
1621256967000;11607887;154.041;154.061;154.051;2;T;True;3
1621256968000;11607888;154.041;154.061;154.051;0;T;True;3
1621256969000;11607889;154.041;154.061;154.051;0;T;True;3
1621256970000;11607890;154.041;154.061;154.051;0;T;True;3
1621256971000;11607891;154.041;154.061;154.051;0;T;True;3
1621256972000;11607892;154.041;154.061;154.051;0;T;True;3
1621256973000;11607896;154.051;154.071;154.061;3;T;True;3
1621256974000;11607897;154.051;154.071;154.061;0;T;True;3
1621256975000;11607898;154.051;154.071;154.061;0;T;True;3
1621256976000;11607899;154.051;154.071;154.061;0;T;True;3
1621256977000;11607900;154.051;154.071;154.061;0;T;True;3
1621256978000;11607901;154.051;154.071;154.061;0;T;True;3
1621256979000;11607902;154.051;154.071;154.061;0;T;True;3
1621256980000;11607903;154.051;154.071;154.061;0;T;True;3
1621256981000;11607905;154.055;154.075;154.065;1;T;True;3
1621256982000;11607906;154.055;154.075;154.065;0;T;True;3
1621256983000;11607907;154.055;154.075;154.065;0;T;True;3
1621256984000;11607908;154.055;154.075;154.065;0;T;True;3
1621256985000;11607909;154.055;154.075;154.065;0;T;True;3
1621256986000;11607910;154.055;154.075;154.065;0;T;True;3
1621256987000;11607911;154.055;154.075;154.065;0;T;True;3
1621256988000;11607912;154.055;154.075;154.065;0;T;True;3
1621256989000;11607913;154.055;154.075;154.065;0;T;True;3
1621256990000;11607914;154.055;154.075;154.065;0;T;True;3
1621256991000;11607915;154.055;154.075;154.065;0;T;True;3
1621256992000;11607916;154.055;154.075;154.065;0;T;True;3
1621256993000;11607917;154.055;154.075;154.065;0;T;True;3
1621256994000;11607919;154.054;154.074;154.064;1;T;True;3
1621256995000;11607922;154.062;154.082;154.072;2;T;True;3
1621256996000;11607923;154.062;154.082;154.072;0;T;True;3
1621256997000;11607924;154.062;154.082;154.072;0;T;True;3
1621256998000;11607926;154.061;154.081;154.071;1;T;True;3
1621256999000;11607931;154.06;154.08;154.07;4;T;True;3
1621257000000;11607932;154.06;154.08;154.07;0;T;True;3
1621257001000;11607935;154.06;154.08;154.07;2;T;True;3
1621257002000;11607936;154.06;154.08;154.07;0;T;True;3
1621257003000;11607937;154.06;154.08;154.07;0;T;True;3
1621257004000;11607938;154.06;154.08;154.07;0;T;True;3
1621257005000;11607939;154.06;154.08;154.07;0;T;True;3
1621257006000;11607943;154.057;154.077;154.067;3;T;True;3
1621257007000;11607945;154.055;154.075;154.065;1;T;True;3
1621257008000;11607950;154.051;154.071;154.061;4;T;True;3
1621257009000;11607952;154.053;154.073;154.063;1;T;True;3
1621257010000;11607953;154.053;154.073;154.063;0;T;True;3
1621257011000;11607954;154.053;154.073;154.063;0;T;True;3
1621257012000;11607955;154.053;154.073;154.063;0;T;True;3
1621257013000;11607956;154.053;154.073;154.063;0;T;True;3
1621257014000;11607958;154.055;154.075;154.065;1;T;True;3
1621257015000;11607960;154.053;154.073;154.063;1;T;True;3
1621257016000;11607964;154.054;154.074;154.064;3;T;True;3
1621257017000;11607966;154.057;154.077;154.067;1;T;True;3
1621257018000;11607969;154.054;154.074;154.064;2;T;True;3
1621257019000;11607970;154.054;154.074;154.064;0;T;True;3
1621257020000;11607972;154.053;154.073;154.063;1;T;True;3
1621257021000;11607974;154.051;154.071;154.061;1;T;True;3
1621257022000;11607976;154.052;154.072;154.062;1;T;True;3
1621257023000;11607977;154.052;154.072;154.062;0;T;True;3
1621257024000;11607979;154.053;154.073;154.063;1;T;True;3
1621257025000;11607985;154.049;154.069;154.059;5;T;True;3
1621257026000;11607987;154.047;154.067;154.057;1;T;True;3
1621257027000;11607988;154.047;154.067;154.057;0;T;True;3
1621257028000;11607989;154.047;154.067;154.057;0;T;True;3
1621257029000;11607990;154.047;154.067;154.057;0;T;True;3
1621257030000;11607992;154.045;154.065;154.055;1;T;True;3
1621257031000;11607993;154.045;154.065;154.055;0;T;True;3
1621257032000;11607995;154.049;154.069;154.059;1;T;True;3
1621257033000;11607996;154.049;154.069;154.059;0;T;True;3
1621257034000;11607997;154.049;154.069;154.059;0;T;True;3
1621257035000;11608000;154.056;154.076;154.066;2;T;True;3
1621257036000;11608003;154.057;154.077;154.067;2;T;True;3
1621257037000;11608005;154.051;154.071;154.061;1;T;True;3
1621257038000;11608006;154.051;154.071;154.061;0;T;True;3
1621257039000;11608007;154.051;154.071;154.061;0;T;True;3
1621257040000;11608008;154.051;154.071;154.061;0;T;True;3
1621257041000;11608009;154.051;154.071;154.061;0;T;True;3
1621257042000;11608010;154.051;154.071;154.061;0;T;True;3
1621257043000;11608011;154.051;154.071;154.061;0;T;True;3
1621257044000;11608014;154.056;154.076;154.066;2;T;True;3
1621257045000;11608016;154.055;154.075;154.065;1;T;True;3
1621257046000;11608017;154.055;154.075;154.065;0;T;True;3
1621257047000;11608018;154.055;154.075;154.065;0;T;True;3
1621257048000;11608019;154.055;154.075;154.065;0;T;True;3
1621257049000;11608020;154.055;154.075;154.065;0;T;True;3
1621257050000;11608023;154.063;154.083;154.073;2;T;True;3
1621257051000;11608025;154.057;154.077;154.067;1;T;True;3
1621257052000;11608027;154.056;154.076;154.066;1;T;True;3
1621257053000;11608029;154.055;154.075;154.065;1;T;True;3
1621257054000;11608031;154.052;154.072;154.062;1;T;True;3
1621257055000;11608032;154.052;154.072;154.062;0;T;True;3
1621257056000;11608034;154.051;154.071;154.061;1;T;True;3
1621257057000;11608035;154.051;154.071;154.061;0;T;True;3
1621257058000;11608037;154.053;154.073;154.063;1;T;True;3
1621257059000;11608040;154.057;154.077;154.067;2;T;True;3
1621257060000;11608042;154.058;154.078;154.068;1;T;True;3
1621257061000;11608044;154.057;154.077;154.067;1;T;True;3
1621257062000;11608048;154.059;154.079;154.069;3;T;True;3
1621257063000;11608051;154.059;154.079;154.069;2;T;True;3
1621257064000;11608053;154.057;154.077;154.067;1;T;True;3
1621257065000;11608054;154.057;154.077;154.067;0;T;True;3
1621257066000;11608055;154.057;154.077;154.067;0;T;True;3
1621257067000;11608056;154.057;154.077;154.067;0;T;True;3
1621257068000;11608058;154.055;154.075;154.065;1;T;True;3
1621257069000;11608059;154.055;154.075;154.065;0;T;True;3
1621257070000;11608060;154.055;154.075;154.065;0;T;True;3
1621257071000;11608062;154.054;154.074;154.064;1;T;True;3
1621257072000;11608064;154.053;154.073;154.063;1;T;True;3
1621257073000;11608065;154.053;154.073;154.063;0;T;True;3
1621257074000;11608066;154.053;154.073;154.063;0;T;True;3
1621257075000;11608067;154.053;154.073;154.063;0;T;True;3
1621257076000;11608068;154.053;154.073;154.063;0;T;True;3
1621257077000;11608070;154.052;154.072;154.062;1;T;True;3
1621257078000;11608071;154.052;154.072;154.062;0;T;True;3
1621257079000;11608072;154.052;154.072;154.062;0;T;True;3
1621257080000;11608074;154.053;154.073;154.063;1;T;True;3
1621257081000;11608075;154.053;154.073;154.063;0;T;True;3
1621257082000;11608076;154.053;154.073;154.063;0;T;True;3
1621257083000;11608077;154.053;154.073;154.063;0;T;True;3
1621257084000;11608079;154.049;154.069;154.059;1;T;True;3
1621257085000;11608080;154.049;154.069;154.059;0;T;True;3
1621257086000;11608082;154.05;154.07;154.06;1;T;True;3
1621257087000;11608084;154.049;154.069;154.059;1;T;True;3
1621257088000;11608085;154.049;154.069;154.059;0;T;True;3
1621257089000;11608086;154.049;154.069;154.059;0;T;True;3
1621257090000;11608087;154.049;154.069;154.059;0;T;True;3
1621257091000;11608090;154.043;154.063;154.053;2;T;True;3
1621257092000;11608091;154.043;154.063;154.053;0;T;True;3
1621257093000;11608092;154.043;154.063;154.053;0;T;True;3
1621257094000;11608093;154.043;154.063;154.053;0;T;True;3
1621257095000;11608094;154.043;154.063;154.053;0;T;True;3
1621257096000;11608095;154.043;154.063;154.053;0;T;True;3
1621257097000;11608096;154.043;154.063;154.053;0;T;True;3
1621257098000;11608097;154.043;154.063;154.053;0;T;True;3
1621257099000;11608098;154.043;154.063;154.053;0;T;True;3
1621257100000;11608099;154.043;154.063;154.053;0;T;True;3
1621257101000;11608100;154.043;154.063;154.053;0;T;True;3
1621257102000;11608103;154.049;154.069;154.059;2;T;True;3
1621257103000;11608104;154.049;154.069;154.059;0;T;True;3
1621257104000;11608106;154.05;154.07;154.06;1;T;True;3
1621257105000;11608107;154.05;154.07;154.06;0;T;True;3
1621257106000;11608109;154.051;154.071;154.061;1;T;True;3
1621257107000;11608110;154.051;154.071;154.061;0;T;True;3
1621257108000;11608111;154.051;154.071;154.061;0;T;True;3
1621257109000;11608112;154.051;154.071;154.061;0;T;True;3
1621257110000;11608114;154.054;154.074;154.064;1;T;True;3
1621257111000;11608115;154.054;154.074;154.064;0;T;True;3
1621257112000;11608116;154.054;154.074;154.064;0;T;True;3
1621257113000;11608117;154.054;154.074;154.064;0;T;True;3
1621257114000;11608118;154.054;154.074;154.064;0;T;True;3
1621257115000;11608120;154.055;154.075;154.065;1;T;True;3
1621257116000;11608121;154.055;154.075;154.065;0;T;True;3
1621257117000;11608124;154.053;154.073;154.063;2;T;True;3
1621257118000;11608127;154.058;154.078;154.068;2;T;True;3
1621257119000;11608129;154.057;154.077;154.067;1;T;True;3
1621257120000;11608130;154.057;154.077;154.067;0;T;True;3
1621257121000;11608131;154.057;154.077;154.067;0;T;True;3
1621257122000;11608134;154.052;154.072;154.062;2;T;True;3
1621257123000;11608135;154.052;154.072;154.062;0;T;True;3
1621257124000;11608137;154.051;154.071;154.061;1;T;True;3
1621257125000;11608138;154.051;154.071;154.061;0;T;True;3
1621257126000;11608141;154.054;154.074;154.064;2;T;True;3
1621257127000;11608143;154.053;154.073;154.063;1;T;True;3
1621257128000;11608144;154.053;154.073;154.063;0;T;True;3
1621257129000;11608145;154.053;154.073;154.063;0;T;True;3
1621257130000;11608146;154.053;154.073;154.063;0;T;True;3
1621257131000;11608147;154.053;154.073;154.063;0;T;True;3
1621257132000;11608149;154.054;154.074;154.064;1;T;True;3
1621257133000;11608150;154.054;154.074;154.064;0;T;True;3
1621257134000;11608151;154.054;154.074;154.064;0;T;True;3
1621257135000;11608152;154.054;154.074;154.064;0;T;True;3
1621257136000;11608154;154.052;154.072;154.062;1;T;True;3
1621257137000;11608155;154.052;154.072;154.062;0;T;True;3
1621257138000;11608156;154.052;154.072;154.062;0;T;True;3
1621257139000;11608157;154.052;154.072;154.062;0;T;True;3
1621257140000;11608158;154.052;154.072;154.062;0;T;True;3
1621257141000;11608161;154.052;154.072;154.062;2;T;True;3
1621257142000;11608162;154.052;154.072;154.062;0;T;True;3
1621257143000;11608166;154.048;154.068;154.058;3;T;True;3
1621257144000;11608170;154.039;154.059;154.049;3;T;True;3
1621257145000;11608172;154.037;154.057;154.047;1;T;True;3
1621257146000;11608174;154.036;154.056;154.046;1;T;True;3
1621257147000;11608175;154.036;154.056;154.046;0;T;True;3
1621257148000;11608178;154.036;154.056;154.046;2;T;True;3
1621257149000;11608179;154.036;154.056;154.046;0;T;True;3
1621257150000;11608182;154.033;154.053;154.043;2;T;True;3
1621257151000;11608183;154.033;154.053;154.043;0;T;True;3
1621257152000;11608185;154.031;154.051;154.041;1;T;True;3
1621257153000;11608187;154.03;154.05;154.04;1;T;True;3
1621257154000;11608189;154.028;154.048;154.038;1;T;True;3
1621257155000;11608190;154.028;154.048;154.038;0;T;True;3
1621257156000;11608193;154.026;154.046;154.036;2;T;True;3
1621257157000;11608198;154.032;154.052;154.042;4;T;True;3
1621257158000;11608202;154.031;154.051;154.041;3;T;True;3
1621257159000;11608205;154.033;154.053;154.043;2;T;True;3
1621257160000;11608207;154.031;154.051;154.041;1;T;True;3
1621257161000;11608208;154.031;154.051;154.041;0;T;True;3
1621257162000;11608210;154.032;154.052;154.042;1;T;True;3
1621257163000;11608211;154.032;154.052;154.042;0;T;True;3
1621257164000;11608213;154.033;154.053;154.043;1;T;True;3
1621257165000;11608214;154.033;154.053;154.043;0;T;True;3
1621257166000;11608217;154.03;154.05;154.04;2;T;True;3
1621257167000;11608218;154.03;154.05;154.04;0;T;True;3
1621257168000;11608224;154.03;154.05;154.04;5;T;True;3
1621257169000;11608226;154.031;154.051;154.041;1;T;True;3
1621257170000;11608227;154.031;154.051;154.041;0;T;True;3
1621257171000;11608228;154.031;154.051;154.041;0;T;True;3
1621257172000;11608229;154.031;154.051;154.041;0;T;True;3
1621257173000;11608230;154.031;154.051;154.041;0;T;True;3
1621257174000;11608231;154.031;154.051;154.041;0;T;True;3
1621257175000;11608232;154.031;154.051;154.041;0;T;True;3
1621257176000;11608233;154.031;154.051;154.041;0;T;True;3
1621257177000;11608234;154.031;154.051;154.041;0;T;True;3
1621257178000;11608235;154.031;154.051;154.041;0;T;True;3
1621257179000;11608236;154.031;154.051;154.041;0;T;True;3
1621257180000;11608238;154.033;154.053;154.043;1;T;True;3
1621257181000;11608240;154.034;154.054;154.044;1;T;True;3
1621257182000;11608241;154.034;154.054;154.044;0;T;True;3
1621257183000;11608242;154.034;154.054;154.044;0;T;True;3
1621257184000;11608243;154.034;154.054;154.044;0;T;True;3
1621257185000;11608244;154.034;154.054;154.044;0;T;True;3
1621257186000;11608246;154.032;154.052;154.042;1;T;True;3
1621257187000;11608251;154.035;154.055;154.045;4;T;True;3
1621257188000;11608252;154.035;154.055;154.045;0;T;True;3
1621257189000;11608253;154.035;154.055;154.045;0;T;True;3
1621257190000;11608260;154.052;154.072;154.062;6;T;True;3
1621257191000;11608265;154.044;154.064;154.054;4;T;True;3
1621257192000;11608266;154.044;154.064;154.054;0;T;True;3
1621257193000;11608270;154.043;154.063;154.053;3;T;True;3
1621257194000;11608271;154.043;154.063;154.053;0;T;True;3
1621257195000;11608272;154.043;154.063;154.053;0;T;True;3
1621257196000;11608275;154.045;154.065;154.055;2;T;True;3
1621257197000;11608279;154.038;154.058;154.048;3;T;True;3
1621257198000;11608281;154.036;154.056;154.046;1;T;True;3
1621257199000;11608282;154.036;154.056;154.046;0;T;True;3
1621257200000;11608285;154.033;154.053;154.043;2;T;True;3
1621257201000;11608288;154.033;154.053;154.043;2;T;True;3
1621257202000;11608289;154.033;154.053;154.043;0;T;True;3
1621257203000;11608290;154.033;154.053;154.043;0;T;True;3
1621257204000;11608292;154.032;154.052;154.042;1;T;True;3
1621257205000;11608293;154.032;154.052;154.042;0;T;True;3
1621257206000;11608294;154.032;154.052;154.042;0;T;True;3
1621257207000;11608295;154.032;154.052;154.042;0;T;True;3
1621257208000;11608296;154.032;154.052;154.042;0;T;True;3
1621257209000;11608301;154.032;154.052;154.042;4;T;True;3
1621257210000;11608303;154.031;154.051;154.041;1;T;True;3
1621257211000;11608304;154.031;154.051;154.041;0;T;True;3
1621257212000;11608305;154.031;154.051;154.041;0;T;True;3
1621257213000;11608306;154.031;154.051;154.041;0;T;True;3
1621257214000;11608309;154.029;154.049;154.039;2;T;True;3
1621257215000;11608311;154.03;154.05;154.04;1;T;True;3
1621257216000;11608312;154.03;154.05;154.04;0;T;True;3
1621257217000;11608313;154.03;154.05;154.04;0;T;True;3
1621257218000;11608315;154.031;154.051;154.041;1;T;True;3
1621257219000;11608317;154.033;154.053;154.043;1;T;True;3
1621257220000;11608319;154.035;154.055;154.045;1;T;True;3
1621257221000;11608320;154.035;154.055;154.045;0;T;True;3
1621257222000;11608321;154.035;154.055;154.045;0;T;True;3
1621257223000;11608322;154.035;154.055;154.045;0;T;True;3
1621257224000;11608325;154.038;154.058;154.048;2;T;True;3
1621257225000;11608326;154.038;154.058;154.048;0;T;True;3
1621257226000;11608327;154.038;154.058;154.048;0;T;True;3
1621257227000;11608330;154.037;154.057;154.047;2;T;True;3
1621257228000;11608331;154.037;154.057;154.047;0;T;True;3
1621257229000;11608334;154.039;154.059;154.049;2;T;True;3
1621257230000;11608335;154.039;154.059;154.049;0;T;True;3
1621257231000;11608336;154.039;154.059;154.049;0;T;True;3
1621257232000;11608337;154.039;154.059;154.049;0;T;True;3
1621257233000;11608339;154.038;154.058;154.048;1;T;True;3
1621257234000;11608340;154.038;154.058;154.048;0;T;True;3
1621257235000;11608341;154.038;154.058;154.048;0;T;True;3
1621257236000;11608343;154.041;154.061;154.051;1;T;True;3
1621257237000;11608344;154.041;154.061;154.051;0;T;True;3
1621257238000;11608345;154.041;154.061;154.051;0;T;True;3
1621257239000;11608346;154.041;154.061;154.051;0;T;True;3
1621257240000;11608347;154.041;154.061;154.051;0;T;True;3
1621257241000;11608349;154.04;154.06;154.05;1;T;True;3
1621257242000;11608351;154.041;154.061;154.051;1;T;True;3
1621257243000;11608353;154.042;154.062;154.052;1;T;True;3
1621257244000;11608355;154.043;154.063;154.053;1;T;True;3
1621257245000;11608357;154.042;154.062;154.052;1;T;True;3
1621257246000;11608359;154.041;154.061;154.051;1;T;True;3
1621257247000;11608360;154.041;154.061;154.051;0;T;True;3
1621257248000;11608362;154.042;154.062;154.052;1;T;True;3
1621257249000;11608365;154.047;154.067;154.057;2;T;True;3
1621257250000;11608366;154.047;154.067;154.057;0;T;True;3
1621257251000;11608367;154.047;154.067;154.057;0;T;True;3
1621257252000;11608371;154.041;154.061;154.051;3;T;True;3
1621257253000;11608372;154.041;154.061;154.051;0;T;True;3
1621257254000;11608374;154.04;154.06;154.05;1;T;True;3
1621257255000;11608379;154.038;154.058;154.048;4;T;True;3
1621257256000;11608381;154.039;154.059;154.049;1;T;True;3
1621257257000;11608384;154.035;154.055;154.045;2;T;True;3
1621257258000;11608385;154.035;154.055;154.045;0;T;True;3
1621257259000;11608386;154.035;154.055;154.045;0;T;True;3
1621257260000;11608387;154.035;154.055;154.045;0;T;True;3
1621257261000;11608389;154.031;154.051;154.041;1;T;True;3
1621257262000;11608391;154.029;154.049;154.039;1;T;True;3
1621257263000;11608392;154.029;154.049;154.039;0;T;True;3
1621257264000;11608394;154.03;154.05;154.04;1;T;True;3
1621257265000;11608395;154.03;154.05;154.04;0;T;True;3
1621257266000;11608396;154.03;154.05;154.04;0;T;True;3
1621257267000;11608399;154.029;154.049;154.039;2;T;True;3
1621257268000;11608400;154.029;154.049;154.039;0;T;True;3
1621257269000;11608401;154.029;154.049;154.039;0;T;True;3
1621257270000;11608402;154.029;154.049;154.039;0;T;True;3
1621257271000;11608403;154.029;154.049;154.039;0;T;True;3
1621257272000;11608404;154.029;154.049;154.039;0;T;True;3
1621257273000;11608408;154.023;154.043;154.033;3;T;True;3
1621257274000;11608409;154.023;154.043;154.033;0;T;True;3
1621257275000;11608411;154.025;154.045;154.035;1;T;True;3
1621257276000;11608414;154.025;154.045;154.035;2;T;True;3
1621257277000;11608415;154.025;154.045;154.035;0;T;True;3
1621257278000;11608416;154.025;154.045;154.035;0;T;True;3
1621257279000;11608417;154.025;154.045;154.035;0;T;True;3
1621257280000;11608418;154.025;154.045;154.035;0;T;True;3
1621257281000;11608420;154.024;154.044;154.034;1;T;True;3
1621257282000;11608421;154.024;154.044;154.034;0;T;True;3
1621257283000;11608423;154.023;154.043;154.033;1;T;True;3
1621257284000;11608424;154.023;154.043;154.033;0;T;True;3
1621257285000;11608427;154.028;154.048;154.038;2;T;True;3
1621257286000;11608428;154.028;154.048;154.038;0;T;True;3
1621257287000;11608430;154.029;154.049;154.039;1;T;True;3
1621257288000;11608431;154.029;154.049;154.039;0;T;True;3
1621257289000;11608432;154.029;154.049;154.039;0;T;True;3
1621257290000;11608435;154.037;154.057;154.047;2;T;True;3
1621257291000;11608440;154.047;154.067;154.057;4;T;True;3
1621257292000;11608442;154.049;154.069;154.059;1;T;True;3
1621257293000;11608443;154.049;154.069;154.059;0;T;True;3
1621257294000;11608444;154.049;154.069;154.059;0;T;True;3
1621257295000;11608445;154.049;154.069;154.059;0;T;True;3
1621257296000;11608446;154.049;154.069;154.059;0;T;True;3
1621257297000;11608449;154.047;154.067;154.057;2;T;True;3
1621257298000;11608450;154.047;154.067;154.057;0;T;True;3
1621257299000;11608451;154.047;154.067;154.057;0;T;True;3
1621257300000;11608452;154.047;154.067;154.057;0;T;True;3
1621257301000;11608456;154.037;154.057;154.047;3;T;True;3
1621257302000;11608457;154.037;154.057;154.047;0;T;True;3
1621257303000;11608460;154.039;154.059;154.049;2;T;True;3
1621257304000;11608461;154.039;154.059;154.049;0;T;True;3
1621257305000;11608463;154.037;154.057;154.047;1;T;True;3
1621257306000;11608465;154.038;154.058;154.048;1;T;True;3
1621257307000;11608466;154.038;154.058;154.048;0;T;True;3
1621257308000;11608467;154.038;154.058;154.048;0;T;True;3
1621257309000;11608468;154.038;154.058;154.048;0;T;True;3
1621257310000;11608469;154.038;154.058;154.048;0;T;True;3
1621257311000;11608470;154.038;154.058;154.048;0;T;True;3
1621257312000;11608471;154.038;154.058;154.048;0;T;True;3
1621257313000;11608472;154.038;154.058;154.048;0;T;True;3
1621257314000;11608473;154.038;154.058;154.048;0;T;True;3
1621257315000;11608479;154.061;154.081;154.071;5;T;True;3
1621257316000;11608487;154.056;154.076;154.066;7;T;True;3
1621257317000;11608491;154.052;154.072;154.062;3;T;True;3
1621257318000;11608496;154.049;154.069;154.059;4;T;True;3
1621257319000;11608497;154.049;154.069;154.059;0;T;True;3
1621257320000;11608498;154.049;154.069;154.059;0;T;True;3
1621257321000;11608499;154.049;154.069;154.059;0;T;True;3
1621257322000;11608500;154.049;154.069;154.059;0;T;True;3
1621257323000;11608502;154.047;154.067;154.057;1;T;True;3
1621257324000;11608504;154.049;154.069;154.059;1;T;True;3
1621257325000;11608505;154.049;154.069;154.059;0;T;True;3
1621257326000;11608506;154.049;154.069;154.059;0;T;True;3
1621257327000;11608507;154.049;154.069;154.059;0;T;True;3
1621257328000;11608508;154.049;154.069;154.059;0;T;True;3
1621257329000;11608509;154.049;154.069;154.059;0;T;True;3
1621257330000;11608510;154.049;154.069;154.059;0;T;True;3
1621257331000;11608512;154.048;154.068;154.058;1;T;True;3
1621257332000;11608514;154.047;154.067;154.057;1;T;True;3
1621257333000;11608515;154.047;154.067;154.057;0;T;True;3
1621257334000;11608516;154.047;154.067;154.057;0;T;True;3
1621257335000;11608517;154.047;154.067;154.057;0;T;True;3
1621257336000;11608518;154.047;154.067;154.057;0;T;True;3
1621257337000;11608519;154.047;154.067;154.057;0;T;True;3
1621257338000;11608520;154.047;154.067;154.057;0;T;True;3
1621257339000;11608524;154.055;154.075;154.065;3;T;True;3
1621257340000;11608525;154.055;154.075;154.065;0;T;True;3
1621257341000;11608526;154.055;154.075;154.065;0;T;True;3
1621257342000;11608527;154.055;154.075;154.065;0;T;True;3
1621257343000;11608528;154.055;154.075;154.065;0;T;True;3
1621257344000;11608529;154.055;154.075;154.065;0;T;True;3
1621257345000;11608530;154.055;154.075;154.065;0;T;True;3
1621257346000;11608533;154.059;154.079;154.069;2;T;True;3
1621257347000;11608536;154.053;154.073;154.063;2;T;True;3
1621257348000;11608541;154.046;154.066;154.056;4;T;True;3
1621257349000;11608542;154.046;154.066;154.056;0;T;True;3
1621257350000;11608545;154.05;154.07;154.06;2;T;True;3
1621257351000;11608547;154.051;154.071;154.061;1;T;True;3
1621257352000;11608550;154.051;154.071;154.061;2;T;True;3
1621257353000;11608554;154.05;154.07;154.06;3;T;True;3
1621257354000;11608557;154.043;154.063;154.053;2;T;True;3
1621257355000;11608558;154.043;154.063;154.053;0;T;True;3
1621257356000;11608559;154.043;154.063;154.053;0;T;True;3
1621257357000;11608560;154.043;154.063;154.053;0;T;True;3
1621257358000;11608561;154.043;154.063;154.053;0;T;True;3
1621257359000;11608563;154.041;154.061;154.051;1;T;True;3
1621257360000;11608564;154.041;154.061;154.051;0;T;True;3
1621257361000;11608569;154.036;154.056;154.046;4;T;True;3
1621257362000;11608571;154.035;154.055;154.045;1;T;True;3
1621257363000;11608572;154.035;154.055;154.045;0;T;True;3
1621257364000;11608573;154.035;154.055;154.045;0;T;True;3
1621257365000;11608574;154.035;154.055;154.045;0;T;True;3
1621257366000;11608575;154.035;154.055;154.045;0;T;True;3
1621257367000;11608577;154.031;154.051;154.041;1;T;True;3
1621257368000;11608580;154.031;154.051;154.041;2;T;True;3
1621257369000;11608581;154.031;154.051;154.041;0;T;True;3
1621257370000;11608583;154.029;154.049;154.039;1;T;True;3
1621257371000;11608584;154.029;154.049;154.039;0;T;True;3
1621257372000;11608585;154.029;154.049;154.039;0;T;True;3
1621257373000;11608588;154.027;154.047;154.037;2;T;True;3
1621257374000;11608591;154.027;154.047;154.037;2;T;True;3
1621257375000;11608593;154.029;154.049;154.039;1;T;True;3
1621257376000;11608594;154.029;154.049;154.039;0;T;True;3
1621257377000;11608595;154.029;154.049;154.039;0;T;True;3
1621257378000;11608596;154.029;154.049;154.039;0;T;True;3
1621257379000;11608597;154.029;154.049;154.039;0;T;True;3
1621257380000;11608598;154.029;154.049;154.039;0;T;True;3
1621257381000;11608599;154.029;154.049;154.039;0;T;True;3
1621257382000;11608600;154.029;154.049;154.039;0;T;True;3
1621257383000;11608601;154.029;154.049;154.039;0;T;True;3
1621257384000;11608604;154.032;154.052;154.042;2;T;True;3
1621257385000;11608606;154.031;154.051;154.041;1;T;True;3
1621257386000;11608608;154.033;154.053;154.043;1;T;True;3
1621257387000;11608609;154.033;154.053;154.043;0;T;True;3
1621257388000;11608610;154.033;154.053;154.043;0;T;True;3
1621257389000;11608611;154.033;154.053;154.043;0;T;True;3
1621257390000;11608612;154.033;154.053;154.043;0;T;True;3
1621257391000;11608613;154.033;154.053;154.043;0;T;True;3
1621257392000;11608618;154.035;154.055;154.045;4;T;True;3
1621257393000;11608620;154.036;154.056;154.046;1;T;True;3
1621257394000;11608621;154.036;154.056;154.046;0;T;True;3
1621257395000;11608622;154.036;154.056;154.046;0;T;True;3
1621257396000;11608623;154.036;154.056;154.046;0;T;True;3
1621257397000;11608624;154.036;154.056;154.046;0;T;True;3
1621257398000;11608625;154.036;154.056;154.046;0;T;True;3
1621257399000;11608629;154.038;154.058;154.048;3;T;True;3
1621257400000;11608631;154.037;154.057;154.047;1;T;True;3
1621257401000;11608632;154.037;154.057;154.047;0;T;True;3
1621257402000;11608633;154.037;154.057;154.047;0;T;True;3
1621257403000;11608642;154.022;154.042;154.032;8;T;True;3
1621257404000;11608643;154.022;154.042;154.032;0;T;True;3
1621257405000;11608644;154.022;154.042;154.032;0;T;True;3
1621257406000;11608645;154.022;154.042;154.032;0;T;True;3
1621257407000;11608647;154.021;154.041;154.031;1;T;True;3
1621257408000;11608648;154.021;154.041;154.031;0;T;True;3
1621257409000;11608649;154.021;154.041;154.031;0;T;True;3
1621257410000;11608650;154.021;154.041;154.031;0;T;True;3
1621257411000;11608651;154.021;154.041;154.031;0;T;True;3
1621257412000;11608652;154.021;154.041;154.031;0;T;True;3
1621257413000;11608654;154.02;154.04;154.03;1;T;True;3
1621257414000;11608655;154.02;154.04;154.03;0;T;True;3
1621257415000;11608656;154.02;154.04;154.03;0;T;True;3
1621257416000;11608657;154.02;154.04;154.03;0;T;True;3
1621257417000;11608658;154.02;154.04;154.03;0;T;True;3
1621257418000;11608659;154.02;154.04;154.03;0;T;True;3
1621257419000;11608660;154.02;154.04;154.03;0;T;True;3
1621257420000;11608663;154.027;154.047;154.037;2;T;True;3
1621257421000;11608664;154.027;154.047;154.037;0;T;True;3
1621257422000;11608665;154.027;154.047;154.037;0;T;True;3
1621257423000;11608666;154.027;154.047;154.037;0;T;True;3
1621257424000;11608667;154.027;154.047;154.037;0;T;True;3
1621257425000;11608668;154.027;154.047;154.037;0;T;True;3
1621257426000;11608669;154.027;154.047;154.037;0;T;True;3
1621257427000;11608670;154.027;154.047;154.037;0;T;True;3
1621257428000;11608671;154.027;154.047;154.037;0;T;True;3
1621257429000;11608674;154.03;154.05;154.04;2;T;True;3
1621257430000;11608676;154.033;154.053;154.043;1;T;True;3
1621257431000;11608677;154.033;154.053;154.043;0;T;True;3
1621257432000;11608678;154.033;154.053;154.043;0;T;True;3
1621257433000;11608679;154.033;154.053;154.043;0;T;True;3
1621257434000;11608680;154.033;154.053;154.043;0;T;True;3
1621257435000;11608681;154.033;154.053;154.043;0;T;True;3
1621257436000;11608684;154.025;154.045;154.035;2;T;True;3
1621257437000;11608685;154.025;154.045;154.035;0;T;True;3
1621257438000;11608687;154.023;154.043;154.033;1;T;True;3
1621257439000;11608688;154.023;154.043;154.033;0;T;True;3
1621257440000;11608689;154.023;154.043;154.033;0;T;True;3
1621257441000;11608690;154.023;154.043;154.033;0;T;True;3
1621257442000;11608692;154.025;154.045;154.035;1;T;True;3
1621257443000;11608694;154.027;154.047;154.037;1;T;True;3
1621257444000;11608695;154.027;154.047;154.037;0;T;True;3
1621257445000;11608697;154.025;154.045;154.035;1;T;True;3
1621257446000;11608698;154.025;154.045;154.035;0;T;True;3
1621257447000;11608699;154.025;154.045;154.035;0;T;True;3
1621257448000;11608700;154.025;154.045;154.035;0;T;True;3
1621257449000;11608701;154.025;154.045;154.035;0;T;True;3
1621257450000;11608702;154.025;154.045;154.035;0;T;True;3
1621257451000;11608703;154.025;154.045;154.035;0;T;True;3
1621257452000;11608704;154.025;154.045;154.035;0;T;True;3
1621257453000;11608705;154.025;154.045;154.035;0;T;True;3
1621257454000;11608708;154.023;154.043;154.033;2;T;True;3
1621257455000;11608709;154.023;154.043;154.033;0;T;True;3
1621257456000;11608710;154.023;154.043;154.033;0;T;True;3
1621257457000;11608711;154.023;154.043;154.033;0;T;True;3
1621257458000;11608713;154.025;154.045;154.035;1;T;True;3
1621257459000;11608714;154.025;154.045;154.035;0;T;True;3
1621257460000;11608715;154.025;154.045;154.035;0;T;True;3
1621257461000;11608719;154.021;154.041;154.031;3;T;True;3
1621257462000;11608721;154.022;154.042;154.032;1;T;True;3
1621257463000;11608723;154.02;154.04;154.03;1;T;True;3
1621257464000;11608724;154.02;154.04;154.03;0;T;True;3
1621257465000;11608725;154.02;154.04;154.03;0;T;True;3
1621257466000;11608726;154.02;154.04;154.03;0;T;True;3
1621257467000;11608727;154.02;154.04;154.03;0;T;True;3
1621257468000;11608728;154.02;154.04;154.03;0;T;True;3
1621257469000;11608729;154.02;154.04;154.03;0;T;True;3
1621257470000;11608730;154.02;154.04;154.03;0;T;True;3
1621257471000;11608731;154.02;154.04;154.03;0;T;True;3
1621257472000;11608732;154.02;154.04;154.03;0;T;True;3
1621257473000;11608735;154.018;154.038;154.028;2;T;True;3
1621257474000;11608738;154.025;154.045;154.035;2;T;True;3
1621257475000;11608739;154.025;154.045;154.035;0;T;True;3
1621257476000;11608740;154.025;154.045;154.035;0;T;True;3
1621257477000;11608741;154.025;154.045;154.035;0;T;True;3
1621257478000;11608742;154.025;154.045;154.035;0;T;True;3
1621257479000;11608744;154.017;154.037;154.027;1;T;True;3
1621257480000;11608745;154.017;154.037;154.027;0;T;True;3
1621257481000;11608747;154.016;154.036;154.026;1;T;True;3
1621257482000;11608748;154.016;154.036;154.026;0;T;True;3
1621257483000;11608749;154.016;154.036;154.026;0;T;True;3
1621257484000;11608752;154.024;154.044;154.034;2;T;True;3
1621257485000;11608753;154.024;154.044;154.034;0;T;True;3
1621257486000;11608754;154.024;154.044;154.034;0;T;True;3
1621257487000;11608755;154.024;154.044;154.034;0;T;True;3
1621257488000;11608759;154.025;154.045;154.035;3;T;True;3
1621257489000;11608760;154.025;154.045;154.035;0;T;True;3
1621257490000;11608762;154.026;154.046;154.036;1;T;True;3
1621257491000;11608763;154.026;154.046;154.036;0;T;True;3
1621257492000;11608764;154.026;154.046;154.036;0;T;True;3
1621257493000;11608765;154.026;154.046;154.036;0;T;True;3
1621257494000;11608767;154.027;154.047;154.037;1;T;True;3
1621257495000;11608769;154.026;154.046;154.036;1;T;True;3
1621257496000;11608770;154.026;154.046;154.036;0;T;True;3
1621257497000;11608771;154.026;154.046;154.036;0;T;True;3
1621257498000;11608772;154.026;154.046;154.036;0;T;True;3
1621257499000;11608773;154.026;154.046;154.036;0;T;True;3
1621257500000;11608774;154.026;154.046;154.036;0;T;True;3
1621257501000;11608777;154.022;154.042;154.032;2;T;True;3
1621257502000;11608779;154.025;154.045;154.035;1;T;True;3
1621257503000;11608780;154.025;154.045;154.035;0;T;True;3
1621257504000;11608782;154.027;154.047;154.037;1;T;True;3
1621257505000;11608783;154.027;154.047;154.037;0;T;True;3
1621257506000;11608785;154.029;154.049;154.039;1;T;True;3
1621257507000;11608786;154.029;154.049;154.039;0;T;True;3
1621257508000;11608789;154.023;154.043;154.033;2;T;True;3
1621257509000;11608792;154.023;154.043;154.033;2;T;True;3
1621257510000;11608793;154.023;154.043;154.033;0;T;True;3
1621257511000;11608796;154.015;154.035;154.025;2;T;True;3
1621257512000;11608797;154.015;154.035;154.025;0;T;True;3
1621257513000;11608799;154.016;154.036;154.026;1;T;True;3
1621257514000;11608802;154.019;154.039;154.029;2;T;True;3
1621257515000;11608806;154.018;154.038;154.028;3;T;True;3
1621257516000;11608808;154.017;154.037;154.027;1;T;True;3
1621257517000;11608809;154.017;154.037;154.027;0;T;True;3
1621257518000;11608813;154.021;154.041;154.031;3;T;True;3
1621257519000;11608814;154.021;154.041;154.031;0;T;True;3
1621257520000;11608815;154.021;154.041;154.031;0;T;True;3
1621257521000;11608816;154.021;154.041;154.031;0;T;True;3
1621257522000;11608817;154.021;154.041;154.031;0;T;True;3
1621257523000;11608818;154.021;154.041;154.031;0;T;True;3
1621257524000;11608820;154.02;154.04;154.03;1;T;True;3
1621257525000;11608821;154.02;154.04;154.03;0;T;True;3
1621257526000;11608823;154.021;154.041;154.031;1;T;True;3
1621257527000;11608824;154.021;154.041;154.031;0;T;True;3
1621257528000;11608825;154.021;154.041;154.031;0;T;True;3
1621257529000;11608826;154.021;154.041;154.031;0;T;True;3
1621257530000;11608827;154.021;154.041;154.031;0;T;True;3
1621257531000;11608828;154.021;154.041;154.031;0;T;True;3
1621257532000;11608829;154.021;154.041;154.031;0;T;True;3
1621257533000;11608830;154.021;154.041;154.031;0;T;True;3
1621257534000;11608834;154.029;154.049;154.039;3;T;True;3
1621257535000;11608835;154.029;154.049;154.039;0;T;True;3
1621257536000;11608836;154.029;154.049;154.039;0;T;True;3
1621257537000;11608838;154.028;154.048;154.038;1;T;True;3
1621257538000;11608839;154.028;154.048;154.038;0;T;True;3
1621257539000;11608840;154.028;154.048;154.038;0;T;True;3
1621257540000;11608841;154.028;154.048;154.038;0;T;True;3
1621257541000;11608842;154.028;154.048;154.038;0;T;True;3
1621257542000;11608844;154.027;154.047;154.037;1;T;True;3
1621257543000;11608845;154.027;154.047;154.037;0;T;True;3
1621257544000;11608847;154.025;154.045;154.035;1;T;True;3
1621257545000;11608848;154.025;154.045;154.035;0;T;True;3
1621257546000;11608852;154.024;154.044;154.034;3;T;True;3
1621257547000;11608853;154.024;154.044;154.034;0;T;True;3
1621257548000;11608855;154.021;154.041;154.031;1;T;True;3
1621257549000;11608856;154.021;154.041;154.031;0;T;True;3
1621257550000;11608857;154.021;154.041;154.031;0;T;True;3
1621257551000;11608858;154.021;154.041;154.031;0;T;True;3
1621257552000;11608859;154.021;154.041;154.031;0;T;True;3
1621257553000;11608860;154.021;154.041;154.031;0;T;True;3
1621257554000;11608863;154.021;154.041;154.031;2;T;True;3
1621257555000;11608865;154.019;154.039;154.029;1;T;True;3
1621257556000;11608866;154.019;154.039;154.029;0;T;True;3
1621257557000;11608867;154.019;154.039;154.029;0;T;True;3
1621257558000;11608868;154.019;154.039;154.029;0;T;True;3
1621257559000;11608869;154.019;154.039;154.029;0;T;True;3
1621257560000;11608870;154.019;154.039;154.029;0;T;True;3
1621257561000;11608871;154.019;154.039;154.029;0;T;True;3
1621257562000;11608873;154.021;154.041;154.031;1;T;True;3
1621257563000;11608874;154.021;154.041;154.031;0;T;True;3
1621257564000;11608875;154.021;154.041;154.031;0;T;True;3
1621257565000;11608880;154.027;154.047;154.037;4;T;True;3
1621257566000;11608881;154.027;154.047;154.037;0;T;True;3
1621257567000;11608882;154.027;154.047;154.037;0;T;True;3
1621257568000;11608883;154.027;154.047;154.037;0;T;True;3
1621257569000;11608884;154.027;154.047;154.037;0;T;True;3
1621257570000;11608885;154.027;154.047;154.037;0;T;True;3
1621257571000;11608886;154.027;154.047;154.037;0;T;True;3
1621257572000;11608887;154.027;154.047;154.037;0;T;True;3
1621257573000;11608889;154.025;154.045;154.035;1;T;True;3
1621257574000;11608891;154.023;154.043;154.033;1;T;True;3
1621257575000;11608892;154.023;154.043;154.033;0;T;True;3
1621257576000;11608894;154.024;154.044;154.034;1;T;True;3
1621257577000;11608895;154.024;154.044;154.034;0;T;True;3
1621257578000;11608899;154.015;154.035;154.025;3;T;True;3
1621257579000;11608900;154.015;154.035;154.025;0;T;True;3
1621257580000;11608901;154.015;154.035;154.025;0;T;True;3
1621257581000;11608902;154.015;154.035;154.025;0;T;True;3
1621257582000;11608903;154.015;154.035;154.025;0;T;True;3
1621257583000;11608905;154.017;154.037;154.027;1;T;True;3
1621257584000;11608906;154.017;154.037;154.027;0;T;True;3
1621257585000;11608909;154.015;154.035;154.025;2;T;True;3
1621257586000;11608911;154.017;154.037;154.027;1;T;True;3
1621257587000;11608913;154.015;154.035;154.025;1;T;True;3
1621257588000;11608914;154.015;154.035;154.025;0;T;True;3
1621257589000;11608916;154.011;154.031;154.021;1;T;True;3
1621257590000;11608917;154.011;154.031;154.021;0;T;True;3
1621257591000;11608918;154.011;154.031;154.021;0;T;True;3
1621257592000;11608920;154.009;154.029;154.019;1;T;True;3
1621257593000;11608921;154.009;154.029;154.019;0;T;True;3
1621257594000;11608922;154.009;154.029;154.019;0;T;True;3
1621257595000;11608924;154.004;154.024;154.014;1;T;True;3
1621257596000;11608927;154.007;154.027;154.017;2;T;True;3
1621257597000;11608928;154.007;154.027;154.017;0;T;True;3
1621257598000;11608929;154.007;154.027;154.017;0;T;True;3
1621257599000;11608932;154.005;154.025;154.015;2;T;True;3
1621257600000;11608934;154.007;154.027;154.017;1;T;True;3
1621257601000;11608937;154.007;154.027;154.017;2;T;True;3
1621257602000;11608941;154.009;154.029;154.019;3;T;True;3
1621257603000;11608944;154.013;154.033;154.023;2;T;True;3
1621257604000;11608947;154.013;154.033;154.023;2;T;True;3
1621257605000;11608948;154.013;154.033;154.023;0;T;True;3
1621257606000;11608950;154.017;154.037;154.027;1;T;True;3
1621257607000;11608951;154.017;154.037;154.027;0;T;True;3
1621257608000;11608953;154.018;154.038;154.028;1;T;True;3
1621257609000;11608956;154.02;154.04;154.03;2;T;True;3
1621257610000;11608957;154.02;154.04;154.03;0;T;True;3
1621257611000;11608958;154.02;154.04;154.03;0;T;True;3
1621257612000;11608961;154.018;154.038;154.028;2;T;True;3
1621257613000;11608962;154.018;154.038;154.028;0;T;True;3
1621257614000;11608963;154.018;154.038;154.028;0;T;True;3
1621257615000;11608965;154.017;154.037;154.027;1;T;True;3
1621257616000;11608966;154.017;154.037;154.027;0;T;True;3
1621257617000;11608967;154.017;154.037;154.027;0;T;True;3
1621257618000;11608968;154.017;154.037;154.027;0;T;True;3
1621257619000;11608969;154.017;154.037;154.027;0;T;True;3
1621257620000;11608971;154.016;154.036;154.026;1;T;True;3
1621257621000;11608972;154.016;154.036;154.026;0;T;True;3
1621257622000;11608973;154.016;154.036;154.026;0;T;True;3
1621257623000;11608975;154.017;154.037;154.027;1;T;True;3
1621257624000;11608979;154.022;154.042;154.032;3;T;True;3
1621257625000;11608981;154.024;154.044;154.034;1;T;True;3
1621257626000;11608982;154.024;154.044;154.034;0;T;True;3
1621257627000;11608986;154.027;154.047;154.037;3;T;True;3
1621257628000;11608989;154.027;154.047;154.037;2;T;True;3
1621257629000;11608990;154.027;154.047;154.037;0;T;True;3
1621257630000;11608991;154.027;154.047;154.037;0;T;True;3
1621257631000;11608993;154.025;154.045;154.035;1;T;True;3
1621257632000;11608994;154.025;154.045;154.035;0;T;True;3
1621257633000;11608997;154.022;154.042;154.032;2;T;True;3
1621257634000;11608998;154.022;154.042;154.032;0;T;True;3
1621257635000;11608999;154.022;154.042;154.032;0;T;True;3
1621257636000;11609000;154.022;154.042;154.032;0;T;True;3
1621257637000;11609001;154.022;154.042;154.032;0;T;True;3
1621257638000;11609003;154.018;154.038;154.028;1;T;True;3
1621257639000;11609004;154.018;154.038;154.028;0;T;True;3
1621257640000;11609005;154.018;154.038;154.028;0;T;True;3
1621257641000;11609007;154.017;154.037;154.027;1;T;True;3
1621257642000;11609008;154.017;154.037;154.027;0;T;True;3
1621257643000;11609010;154.018;154.038;154.028;1;T;True;3
1621257644000;11609011;154.018;154.038;154.028;0;T;True;3
1621257645000;11609012;154.018;154.038;154.028;0;T;True;3
1621257646000;11609013;154.018;154.038;154.028;0;T;True;3
1621257647000;11609016;154.014;154.034;154.024;2;T;True;3
1621257648000;11609017;154.014;154.034;154.024;0;T;True;3
1621257649000;11609018;154.014;154.034;154.024;0;T;True;3
1621257650000;11609020;154.013;154.033;154.023;1;T;True;3
1621257651000;11609021;154.013;154.033;154.023;0;T;True;3
1621257652000;11609022;154.013;154.033;154.023;0;T;True;3
1621257653000;11609023;154.013;154.033;154.023;0;T;True;3
1621257654000;11609024;154.013;154.033;154.023;0;T;True;3
1621257655000;11609025;154.013;154.033;154.023;0;T;True;3
1621257656000;11609026;154.013;154.033;154.023;0;T;True;3
1621257657000;11609027;154.013;154.033;154.023;0;T;True;3
1621257658000;11609028;154.013;154.033;154.023;0;T;True;3
1621257659000;11609029;154.013;154.033;154.023;0;T;True;3
1621257660000;11609030;154.013;154.033;154.023;0;T;True;3
1621257661000;11609031;154.013;154.033;154.023;0;T;True;3
1621257662000;11609032;154.013;154.033;154.023;0;T;True;3
1621257663000;11609036;154.009;154.029;154.019;3;T;True;3
1621257664000;11609037;154.009;154.029;154.019;0;T;True;3
1621257665000;11609039;154.008;154.028;154.018;1;T;True;3
1621257666000;11609040;154.008;154.028;154.018;0;T;True;3
1621257667000;11609041;154.008;154.028;154.018;0;T;True;3
1621257668000;11609042;154.008;154.028;154.018;0;T;True;3
1621257669000;11609043;154.008;154.028;154.018;0;T;True;3
1621257670000;11609044;154.008;154.028;154.018;0;T;True;3
1621257671000;11609045;154.008;154.028;154.018;0;T;True;3
1621257672000;11609046;154.008;154.028;154.018;0;T;True;3
1621257673000;11609047;154.008;154.028;154.018;0;T;True;3
1621257674000;11609048;154.008;154.028;154.018;0;T;True;3
1621257675000;11609049;154.008;154.028;154.018;0;T;True;3
1621257676000;11609051;154.007;154.027;154.017;1;T;True;3
1621257677000;11609052;154.007;154.027;154.017;0;T;True;3
1621257678000;11609053;154.007;154.027;154.017;0;T;True;3
1621257679000;11609054;154.007;154.027;154.017;0;T;True;3
1621257680000;11609055;154.007;154.027;154.017;0;T;True;3
1621257681000;11609056;154.007;154.027;154.017;0;T;True;3
1621257682000;11609057;154.007;154.027;154.017;0;T;True;3
1621257683000;11609058;154.007;154.027;154.017;0;T;True;3
1621257684000;11609060;154.008;154.028;154.018;1;T;True;3
1621257685000;11609062;154.007;154.027;154.017;1;T;True;3
1621257686000;11609063;154.007;154.027;154.017;0;T;True;3
1621257687000;11609064;154.007;154.027;154.017;0;T;True;3
1621257688000;11609065;154.007;154.027;154.017;0;T;True;3
1621257689000;11609066;154.007;154.027;154.017;0;T;True;3
1621257690000;11609067;154.007;154.027;154.017;0;T;True;3
1621257691000;11609069;154.005;154.025;154.015;1;T;True;3
1621257692000;11609071;154.007;154.027;154.017;1;T;True;3
1621257693000;11609073;154.008;154.028;154.018;1;T;True;3
1621257694000;11609076;154.008;154.028;154.018;2;T;True;3
1621257695000;11609078;154.009;154.029;154.019;1;T;True;3
1621257696000;11609079;154.009;154.029;154.019;0;T;True;3
1621257697000;11609080;154.009;154.029;154.019;0;T;True;3
1621257698000;11609082;154.007;154.027;154.017;1;T;True;3
1621257699000;11609083;154.007;154.027;154.017;0;T;True;3
1621257700000;11609086;154.005;154.025;154.015;2;T;True;3
1621257701000;11609087;154.005;154.025;154.015;0;T;True;3
1621257702000;11609088;154.005;154.025;154.015;0;T;True;3
1621257703000;11609089;154.005;154.025;154.015;0;T;True;3
1621257704000;11609090;154.005;154.025;154.015;0;T;True;3
1621257705000;11609094;154.011;154.031;154.021;3;T;True;3
1621257706000;11609095;154.011;154.031;154.021;0;T;True;3
1621257707000;11609097;154.013;154.033;154.023;1;T;True;3
1621257708000;11609099;154.015;154.035;154.025;1;T;True;3
1621257709000;11609100;154.015;154.035;154.025;0;T;True;3
1621257710000;11609102;154.016;154.036;154.026;1;T;True;3
1621257711000;11609104;154.017;154.037;154.027;1;T;True;3
1621257712000;11609105;154.017;154.037;154.027;0;T;True;3
1621257713000;11609107;154.015;154.035;154.025;1;T;True;3
1621257714000;11609108;154.015;154.035;154.025;0;T;True;3
1621257715000;11609109;154.015;154.035;154.025;0;T;True;3
1621257716000;11609110;154.015;154.035;154.025;0;T;True;3
1621257717000;11609111;154.015;154.035;154.025;0;T;True;3
1621257718000;11609112;154.015;154.035;154.025;0;T;True;3
1621257719000;11609113;154.015;154.035;154.025;0;T;True;3
1621257720000;11609115;154.016;154.036;154.026;1;T;True;3
1621257721000;11609116;154.016;154.036;154.026;0;T;True;3
1621257722000;11609117;154.016;154.036;154.026;0;T;True;3
1621257723000;11609120;154.013;154.033;154.023;2;T;True;3
1621257724000;11609121;154.013;154.033;154.023;0;T;True;3
1621257725000;11609122;154.013;154.033;154.023;0;T;True;3
1621257726000;11609123;154.013;154.033;154.023;0;T;True;3
1621257727000;11609124;154.013;154.033;154.023;0;T;True;3
1621257728000;11609125;154.013;154.033;154.023;0;T;True;3
1621257729000;11609128;154.014;154.034;154.024;2;T;True;3
1621257730000;11609129;154.014;154.034;154.024;0;T;True;3
1621257731000;11609130;154.014;154.034;154.024;0;T;True;3
1621257732000;11609135;154.018;154.038;154.028;4;T;True;3
1621257733000;11609136;154.018;154.038;154.028;0;T;True;3
1621257734000;11609138;154.017;154.037;154.027;1;T;True;3
1621257735000;11609139;154.017;154.037;154.027;0;T;True;3
1621257736000;11609140;154.017;154.037;154.027;0;T;True;3
1621257737000;11609142;154.018;154.038;154.028;1;T;True;3
1621257738000;11609143;154.018;154.038;154.028;0;T;True;3
1621257739000;11609144;154.018;154.038;154.028;0;T;True;3
1621257740000;11609146;154.019;154.039;154.029;1;T;True;3
1621257741000;11609147;154.019;154.039;154.029;0;T;True;3
1621257742000;11609148;154.019;154.039;154.029;0;T;True;3
1621257743000;11609151;154.019;154.039;154.029;2;T;True;3
1621257744000;11609152;154.019;154.039;154.029;0;T;True;3
1621257745000;11609153;154.019;154.039;154.029;0;T;True;3
1621257746000;11609154;154.019;154.039;154.029;0;T;True;3
1621257747000;11609155;154.019;154.039;154.029;0;T;True;3
1621257748000;11609156;154.019;154.039;154.029;0;T;True;3
1621257749000;11609157;154.019;154.039;154.029;0;T;True;3
1621257750000;11609160;154.019;154.039;154.029;2;T;True;3
1621257751000;11609162;154.017;154.037;154.027;1;T;True;3
1621257752000;11609163;154.017;154.037;154.027;0;T;True;3
1621257753000;11609164;154.017;154.037;154.027;0;T;True;3
1621257754000;11609167;154.02;154.04;154.03;2;T;True;3
1621257755000;11609169;154.019;154.039;154.029;1;T;True;3
1621257756000;11609170;154.019;154.039;154.029;0;T;True;3
1621257757000;11609171;154.019;154.039;154.029;0;T;True;3
1621257758000;11609172;154.019;154.039;154.029;0;T;True;3
1621257759000;11609173;154.019;154.039;154.029;0;T;True;3
1621257760000;11609174;154.019;154.039;154.029;0;T;True;3
1621257761000;11609175;154.019;154.039;154.029;0;T;True;3
1621257762000;11609176;154.019;154.039;154.029;0;T;True;3
1621257763000;11609177;154.019;154.039;154.029;0;T;True;3
1621257764000;11609178;154.019;154.039;154.029;0;T;True;3
1621257765000;11609179;154.019;154.039;154.029;0;T;True;3
1621257766000;11609183;154.013;154.033;154.023;3;T;True;3
1621257767000;11609184;154.013;154.033;154.023;0;T;True;3
1621257768000;11609185;154.013;154.033;154.023;0;T;True;3
1621257769000;11609186;154.013;154.033;154.023;0;T;True;3
1621257770000;11609187;154.013;154.033;154.023;0;T;True;3
1621257771000;11609189;154.012;154.032;154.022;1;T;True;3
1621257772000;11609190;154.012;154.032;154.022;0;T;True;3
1621257773000;11609191;154.012;154.032;154.022;0;T;True;3
1621257774000;11609192;154.012;154.032;154.022;0;T;True;3
1621257775000;11609193;154.012;154.032;154.022;0;T;True;3
1621257776000;11609195;154.015;154.035;154.025;1;T;True;3
1621257777000;11609196;154.015;154.035;154.025;0;T;True;3
1621257778000;11609197;154.015;154.035;154.025;0;T;True;3
1621257779000;11609198;154.015;154.035;154.025;0;T;True;3
1621257780000;11609199;154.015;154.035;154.025;0;T;True;3
1621257781000;11609201;154.017;154.037;154.027;1;T;True;3
1621257782000;11609202;154.017;154.037;154.027;0;T;True;3
1621257783000;11609203;154.017;154.037;154.027;0;T;True;3
1621257784000;11609204;154.017;154.037;154.027;0;T;True;3
1621257785000;11609205;154.017;154.037;154.027;0;T;True;3
1621257786000;11609207;154.019;154.039;154.029;1;T;True;3
1621257787000;11609208;154.019;154.039;154.029;0;T;True;3
1621257788000;11609209;154.019;154.039;154.029;0;T;True;3
1621257789000;11609210;154.019;154.039;154.029;0;T;True;3
1621257790000;11609211;154.019;154.039;154.029;0;T;True;3
1621257791000;11609212;154.019;154.039;154.029;0;T;True;3
1621257792000;11609213;154.019;154.039;154.029;0;T;True;3
1621257793000;11609214;154.019;154.039;154.029;0;T;True;3
1621257794000;11609215;154.019;154.039;154.029;0;T;True;3
1621257795000;11609216;154.019;154.039;154.029;0;T;True;3
1621257796000;11609219;154.014;154.034;154.024;2;T;True;3
1621257797000;11609221;154.013;154.033;154.023;1;T;True;3
1621257798000;11609222;154.013;154.033;154.023;0;T;True;3
1621257799000;11609223;154.013;154.033;154.023;0;T;True;3
1621257800000;11609225;154.011;154.031;154.021;1;T;True;3
1621257801000;11609226;154.011;154.031;154.021;0;T;True;3
1621257802000;11609227;154.011;154.031;154.021;0;T;True;3
1621257803000;11609231;154.003;154.023;154.013;3;T;True;3
1621257804000;11609233;154.005;154.025;154.015;1;T;True;3
1621257805000;11609235;154.006;154.026;154.016;1;T;True;3
1621257806000;11609236;154.006;154.026;154.016;0;T;True;3
1621257807000;11609237;154.006;154.026;154.016;0;T;True;3
1621257808000;11609241;154.009;154.029;154.019;3;T;True;3
1621257809000;11609244;154.012;154.032;154.022;2;T;True;3
1621257810000;11609245;154.012;154.032;154.022;0;T;True;3
1621257811000;11609247;154.013;154.033;154.023;1;T;True;3
1621257812000;11609248;154.013;154.033;154.023;0;T;True;3
1621257813000;11609249;154.013;154.033;154.023;0;T;True;3
1621257814000;11609250;154.013;154.033;154.023;0;T;True;3
1621257815000;11609252;154.015;154.035;154.025;1;T;True;3
1621257816000;11609253;154.015;154.035;154.025;0;T;True;3
1621257817000;11609254;154.015;154.035;154.025;0;T;True;3
1621257818000;11609256;154.013;154.033;154.023;1;T;True;3
1621257819000;11609257;154.013;154.033;154.023;0;T;True;3
1621257820000;11609258;154.013;154.033;154.023;0;T;True;3
1621257821000;11609259;154.013;154.033;154.023;0;T;True;3
1621257822000;11609260;154.013;154.033;154.023;0;T;True;3
1621257823000;11609261;154.013;154.033;154.023;0;T;True;3
1621257824000;11609263;154.011;154.031;154.021;1;T;True;3
1621257825000;11609264;154.011;154.031;154.021;0;T;True;3
1621257826000;11609265;154.011;154.031;154.021;0;T;True;3
1621257827000;11609266;154.011;154.031;154.021;0;T;True;3
1621257828000;11609269;154.007;154.027;154.017;2;T;True;3
1621257829000;11609271;154.009;154.029;154.019;1;T;True;3
1621257830000;11609273;154.011;154.031;154.021;1;T;True;3
1621257831000;11609274;154.011;154.031;154.021;0;T;True;3
1621257832000;11609275;154.011;154.031;154.021;0;T;True;3
1621257833000;11609277;154.009;154.029;154.019;1;T;True;3
1621257834000;11609278;154.009;154.029;154.019;0;T;True;3
1621257835000;11609279;154.009;154.029;154.019;0;T;True;3
1621257836000;11609283;154.008;154.028;154.018;3;T;True;3
1621257837000;11609284;154.008;154.028;154.018;0;T;True;3
1621257838000;11609286;154.009;154.029;154.019;1;T;True;3
1621257839000;11609287;154.009;154.029;154.019;0;T;True;3
1621257840000;11609289;154.013;154.033;154.023;1;T;True;3
1621257841000;11609290;154.013;154.033;154.023;0;T;True;3
1621257842000;11609291;154.013;154.033;154.023;0;T;True;3
1621257843000;11609293;154.012;154.032;154.022;1;T;True;3
1621257844000;11609295;154.011;154.031;154.021;1;T;True;3
1621257845000;11609296;154.011;154.031;154.021;0;T;True;3
1621257846000;11609298;154.013;154.033;154.023;1;T;True;3
1621257847000;11609302;154.019;154.039;154.029;3;T;True;3
1621257848000;11609304;154.017;154.037;154.027;1;T;True;3
1621257849000;11609306;154.015;154.035;154.025;1;T;True;3
1621257850000;11609307;154.015;154.035;154.025;0;T;True;3
1621257851000;11609311;154.015;154.035;154.025;3;T;True;3
1621257852000;11609314;154.015;154.035;154.025;2;T;True;3
1621257853000;11609315;154.015;154.035;154.025;0;T;True;3
1621257854000;11609319;154.023;154.043;154.033;3;T;True;3
1621257855000;11609320;154.023;154.043;154.033;0;T;True;3
1621257856000;11609321;154.023;154.043;154.033;0;T;True;3
1621257857000;11609322;154.023;154.043;154.033;0;T;True;3
1621257858000;11609324;154.025;154.045;154.035;1;T;True;3
1621257859000;11609327;154.024;154.044;154.034;2;T;True;3
1621257860000;11609328;154.024;154.044;154.034;0;T;True;3
1621257861000;11609329;154.024;154.044;154.034;0;T;True;3
1621257862000;11609331;154.023;154.043;154.033;1;T;True;3
1621257863000;11609332;154.023;154.043;154.033;0;T;True;3
1621257864000;11609333;154.023;154.043;154.033;0;T;True;3
1621257865000;11609334;154.023;154.043;154.033;0;T;True;3
1621257866000;11609335;154.023;154.043;154.033;0;T;True;3
1621257867000;11609337;154.025;154.045;154.035;1;T;True;3
1621257868000;11609338;154.025;154.045;154.035;0;T;True;3
1621257869000;11609339;154.025;154.045;154.035;0;T;True;3
1621257870000;11609340;154.025;154.045;154.035;0;T;True;3
1621257871000;11609342;154.023;154.043;154.033;1;T;True;3
1621257872000;11609343;154.023;154.043;154.033;0;T;True;3
1621257873000;11609346;154.021;154.041;154.031;2;T;True;3
1621257874000;11609347;154.021;154.041;154.031;0;T;True;3
1621257875000;11609348;154.021;154.041;154.031;0;T;True;3
1621257876000;11609349;154.021;154.041;154.031;0;T;True;3
1621257877000;11609352;154.027;154.047;154.037;2;T;True;3
1621257878000;11609353;154.027;154.047;154.037;0;T;True;3
1621257879000;11609355;154.03;154.05;154.04;1;T;True;3
1621257880000;11609356;154.03;154.05;154.04;0;T;True;3
1621257881000;11609357;154.03;154.05;154.04;0;T;True;3
1621257882000;11609358;154.03;154.05;154.04;0;T;True;3
1621257883000;11609359;154.03;154.05;154.04;0;T;True;3
1621257884000;11609360;154.03;154.05;154.04;0;T;True;3
1621257885000;11609364;154.033;154.053;154.043;3;T;True;3
1621257886000;11609365;154.033;154.053;154.043;0;T;True;3
1621257887000;11609366;154.033;154.053;154.043;0;T;True;3
1621257888000;11609367;154.033;154.053;154.043;0;T;True;3
1621257889000;11609369;154.031;154.051;154.041;1;T;True;3
1621257890000;11609370;154.031;154.051;154.041;0;T;True;3
1621257891000;11609371;154.031;154.051;154.041;0;T;True;3
1621257892000;11609374;154.025;154.045;154.035;2;T;True;3
1621257893000;11609377;154.023;154.043;154.033;2;T;True;3
1621257894000;11609378;154.023;154.043;154.033;0;T;True;3
1621257895000;11609380;154.021;154.041;154.031;1;T;True;3
1621257896000;11609381;154.021;154.041;154.031;0;T;True;3
1621257897000;11609382;154.021;154.041;154.031;0;T;True;3
1621257898000;11609384;154.02;154.04;154.03;1;T;True;3
1621257899000;11609385;154.02;154.04;154.03;0;T;True;3
1621257900000;11609386;154.02;154.04;154.03;0;T;True;3
1621257901000;11609390;154.018;154.038;154.028;3;T;True;3
1621257902000;11609391;154.018;154.038;154.028;0;T;True;3
1621257903000;11609394;154.018;154.038;154.028;2;T;True;3
1621257904000;11609395;154.018;154.038;154.028;0;T;True;3
1621257905000;11609399;154.017;154.037;154.027;3;T;True;3
1621257906000;11609402;154.016;154.036;154.026;2;T;True;3
1621257907000;11609404;154.015;154.035;154.025;1;T;True;3
1621257908000;11609406;154.016;154.036;154.026;1;T;True;3
1621257909000;11609408;154.019;154.039;154.029;1;T;True;3
1621257910000;11609409;154.019;154.039;154.029;0;T;True;3
1621257911000;11609410;154.019;154.039;154.029;0;T;True;3
1621257912000;11609411;154.019;154.039;154.029;0;T;True;3
1621257913000;11609412;154.019;154.039;154.029;0;T;True;3
1621257914000;11609413;154.019;154.039;154.029;0;T;True;3
1621257915000;11609414;154.019;154.039;154.029;0;T;True;3
1621257916000;11609415;154.019;154.039;154.029;0;T;True;3
1621257917000;11609416;154.019;154.039;154.029;0;T;True;3
1621257918000;11609418;154.02;154.04;154.03;1;T;True;3
1621257919000;11609419;154.02;154.04;154.03;0;T;True;3
1621257920000;11609421;154.021;154.041;154.031;1;T;True;3
1621257921000;11609423;154.022;154.042;154.032;1;T;True;3
1621257922000;11609425;154.021;154.041;154.031;1;T;True;3
1621257923000;11609426;154.021;154.041;154.031;0;T;True;3
1621257924000;11609427;154.021;154.041;154.031;0;T;True;3
1621257925000;11609428;154.021;154.041;154.031;0;T;True;3
1621257926000;11609430;154.023;154.043;154.033;1;T;True;3
1621257927000;11609431;154.023;154.043;154.033;0;T;True;3
1621257928000;11609432;154.023;154.043;154.033;0;T;True;3
1621257929000;11609435;154.021;154.041;154.031;2;T;True;3
1621257930000;11609437;154.017;154.037;154.027;1;T;True;3
1621257931000;11609438;154.017;154.037;154.027;0;T;True;3
1621257932000;11609439;154.017;154.037;154.027;0;T;True;3
1621257933000;11609440;154.017;154.037;154.027;0;T;True;3
1621257934000;11609441;154.017;154.037;154.027;0;T;True;3
1621257935000;11609442;154.017;154.037;154.027;0;T;True;3
1621257936000;11609443;154.017;154.037;154.027;0;T;True;3
1621257937000;11609444;154.017;154.037;154.027;0;T;True;3
1621257938000;11609445;154.017;154.037;154.027;0;T;True;3
1621257939000;11609446;154.017;154.037;154.027;0;T;True;3
1621257940000;11609448;154.015;154.035;154.025;1;T;True;3
1621257941000;11609450;154.013;154.033;154.023;1;T;True;3
1621257942000;11609451;154.013;154.033;154.023;0;T;True;3
1621257943000;11609452;154.013;154.033;154.023;0;T;True;3
1621257944000;11609453;154.013;154.033;154.023;0;T;True;3
1621257945000;11609454;154.013;154.033;154.023;0;T;True;3
1621257946000;11609459;154.008;154.028;154.018;4;T;True;3
1621257947000;11609462;154.006;154.026;154.016;2;T;True;3
1621257948000;11609463;154.006;154.026;154.016;0;T;True;3
1621257949000;11609464;154.006;154.026;154.016;0;T;True;3
1621257950000;11609470;154.007;154.027;154.017;5;T;True;3
1621257951000;11609472;154.005;154.025;154.015;1;T;True;3
1621257952000;11609473;154.005;154.025;154.015;0;T;True;3
1621257953000;11609477;154.011;154.031;154.021;3;T;True;3
1621257954000;11609479;154.009;154.029;154.019;1;T;True;3
1621257955000;11609480;154.009;154.029;154.019;0;T;True;3
1621257956000;11609481;154.009;154.029;154.019;0;T;True;3
1621257957000;11609482;154.009;154.029;154.019;0;T;True;3
1621257958000;11609484;154.007;154.027;154.017;1;T;True;3
1621257959000;11609485;154.007;154.027;154.017;0;T;True;3
1621257960000;11609489;154.014;154.034;154.024;3;T;True;3
1621257961000;11609497;154.021;154.041;154.031;7;T;True;3
1621257962000;11609499;154.02;154.04;154.03;1;T;True;3
1621257963000;11609500;154.02;154.04;154.03;0;T;True;3
1621257964000;11609502;154.019;154.039;154.029;1;T;True;3
1621257965000;11609503;154.019;154.039;154.029;0;T;True;3
1621257966000;11609506;154.021;154.041;154.031;2;T;True;3
1621257967000;11609507;154.021;154.041;154.031;0;T;True;3
1621257968000;11609509;154.023;154.043;154.033;1;T;True;3
1621257969000;11609510;154.023;154.043;154.033;0;T;True;3
1621257970000;11609511;154.023;154.043;154.033;0;T;True;3
1621257971000;11609513;154.021;154.041;154.031;1;T;True;3
1621257972000;11609514;154.021;154.041;154.031;0;T;True;3
1621257973000;11609515;154.021;154.041;154.031;0;T;True;3
1621257974000;11609516;154.021;154.041;154.031;0;T;True;3
1621257975000;11609517;154.021;154.041;154.031;0;T;True;3
1621257976000;11609518;154.021;154.041;154.031;0;T;True;3
1621257977000;11609519;154.021;154.041;154.031;0;T;True;3
1621257978000;11609520;154.021;154.041;154.031;0;T;True;3
1621257979000;11609521;154.021;154.041;154.031;0;T;True;3
1621257980000;11609523;154.023;154.043;154.033;1;T;True;3
1621257981000;11609524;154.023;154.043;154.033;0;T;True;3
1621257982000;11609528;154.027;154.047;154.037;3;T;True;3
1621257983000;11609530;154.029;154.049;154.039;1;T;True;3
1621257984000;11609531;154.029;154.049;154.039;0;T;True;3
1621257985000;11609532;154.029;154.049;154.039;0;T;True;3
1621257986000;11609533;154.029;154.049;154.039;0;T;True;3
1621257987000;11609534;154.029;154.049;154.039;0;T;True;3
1621257988000;11609535;154.029;154.049;154.039;0;T;True;3
1621257989000;11609536;154.029;154.049;154.039;0;T;True;3
