ts;n;bid;ask;value;volume;phase;round;active_id
1621243662000;11584111;154.023;154.043;154.033;1;T;True;3
1621243663000;11584112;154.023;154.043;154.033;0;T;True;3
1621243664000;11584115;154.019;154.039;154.029;2;T;True;3
1621243665000;11584116;154.019;154.039;154.029;0;T;True;3
1621243666000;11584118;154.016;154.036;154.026;1;T;True;3
1621243667000;11584119;154.016;154.036;154.026;0;T;True;3
1621243668000;11584121;154.012;154.032;154.022;1;T;True;3
1621243669000;11584122;154.012;154.032;154.022;0;T;True;3
1621243670000;11584124;154.011;154.031;154.021;1;T;True;3
1621243671000;11584125;154.011;154.031;154.021;0;T;True;3
1621243672000;11584127;154.009;154.029;154.019;1;T;True;3
1621243673000;11584129;154.01;154.03;154.02;1;T;True;3
1621243674000;11584131;154.009;154.029;154.019;1;T;True;3
1621243675000;11584132;154.009;154.029;154.019;0;T;True;3
1621243676000;11584133;154.009;154.029;154.019;0;T;True;3
1621243677000;11584134;154.009;154.029;154.019;0;T;True;3
1621243678000;11584135;154.009;154.029;154.019;0;T;True;3
1621243679000;11584136;154.009;154.029;154.019;0;T;True;3
1621243680000;11584139;154.005;154.025;154.015;2;T;True;3
1621243681000;11584143;154.009;154.029;154.019;3;T;True;3
1621243682000;11584144;154.009;154.029;154.019;0;T;True;3
1621243683000;11584145;154.009;154.029;154.019;0;T;True;3
1621243684000;11584146;154.009;154.029;154.019;0;T;True;3
1621243685000;11584147;154.009;154.029;154.019;0;T;True;3
1621243686000;11584149;154.01;154.03;154.02;1;T;True;3
1621243687000;11584151;154.011;154.031;154.021;1;T;True;3
1621243688000;11584153;154.013;154.033;154.023;1;T;True;3
1621243689000;11584154;154.013;154.033;154.023;0;T;True;3
1621243690000;11584156;154.011;154.031;154.021;1;T;True;3
1621243691000;11584157;154.011;154.031;154.021;0;T;True;3
1621243692000;11584164;154.007;154.027;154.017;6;T;True;3
1621243693000;11584165;154.007;154.027;154.017;0;T;True;3
1621243694000;11584167;154.005;154.025;154.015;1;T;True;3
1621243695000;11584169;154.007;154.027;154.017;1;T;True;3
1621243696000;11584170;154.007;154.027;154.017;0;T;True;3
1621243697000;11584173;154.011;154.031;154.021;2;T;True;3
1621243698000;11584178;154.017;154.037;154.027;4;T;True;3
1621243699000;11584179;154.017;154.037;154.027;0;T;True;3
1621243700000;11584181;154.016;154.036;154.026;1;T;True;3
1621243701000;11584183;154.017;154.037;154.027;1;T;True;3
1621243702000;11584186;154.015;154.035;154.025;2;T;True;3
1621243703000;11584187;154.015;154.035;154.025;0;T;True;3
1621243704000;11584189;154.012;154.032;154.022;1;T;True;3
1621243705000;11584191;154.011;154.031;154.021;1;T;True;3
1621243706000;11584193;154.01;154.03;154.02;1;T;True;3
1621243707000;11584195;154.011;154.031;154.021;1;T;True;3
1621243708000;11584196;154.011;154.031;154.021;0;T;True;3
1621243709000;11584198;154.01;154.03;154.02;1;T;True;3
1621243710000;11584199;154.01;154.03;154.02;0;T;True;3
1621243711000;11584202;154.013;154.033;154.023;2;T;True;3
1621243712000;11584204;154.015;154.035;154.025;1;T;True;3
1621243713000;11584206;154.014;154.034;154.024;1;T;True;3
1621243714000;11584208;154.013;154.033;154.023;1;T;True;3
1621243715000;11584213;154.01;154.03;154.02;4;T;True;3
1621243716000;11584215;154.009;154.029;154.019;1;T;True;3
1621243717000;11584219;154.011;154.031;154.021;3;T;True;3
1621243718000;11584221;154.009;154.029;154.019;1;T;True;3
1621243719000;11584224;154.009;154.029;154.019;2;T;True;3
1621243720000;11584225;154.009;154.029;154.019;0;T;True;3
1621243721000;11584226;154.009;154.029;154.019;0;T;True;3
1621243722000;11584227;154.009;154.029;154.019;0;T;True;3
1621243723000;11584228;154.009;154.029;154.019;0;T;True;3
1621243724000;11584229;154.009;154.029;154.019;0;T;True;3
1621243725000;11584232;154.014;154.034;154.024;2;T;True;3
1621243726000;11584234;154.013;154.033;154.023;1;T;True;3
1621243727000;11584236;154.015;154.035;154.025;1;T;True;3
1621243728000;11584239;154.017;154.037;154.027;2;T;True;3
1621243729000;11584240;154.017;154.037;154.027;0;T;True;3
1621243730000;11584243;154.021;154.041;154.031;2;T;True;3
1621243731000;11584244;154.021;154.041;154.031;0;T;True;3
1621243732000;11584247;154.015;154.035;154.025;2;T;True;3
1621243733000;11584250;154.011;154.031;154.021;2;T;True;3
1621243734000;11584252;154.01;154.03;154.02;1;T;True;3
1621243735000;11584258;154.005;154.025;154.015;5;T;True;3
1621243736000;11584261;154.001;154.021;154.011;2;T;True;3
1621243737000;11584263;154.0;154.02;154.01;1;T;True;3
1621243738000;11584267;153.999;154.019;154.009;3;T;True;3
1621243739000;11584269;154.0;154.02;154.01;1;T;True;3
1621243740000;11584271;153.999;154.019;154.009;1;T;True;3
1621243741000;11584273;154.0;154.02;154.01;1;T;True;3
1621243742000;11584274;154.0;154.02;154.01;0;T;True;3
1621243743000;11584276;154.001;154.021;154.011;1;T;True;3
1621243744000;11584278;153.999;154.019;154.009;1;T;True;3
1621243745000;11584280;153.996;154.016;154.006;1;T;True;3
1621243746000;11584281;153.996;154.016;154.006;0;T;True;3
1621243747000;11584282;153.996;154.016;154.006;0;T;True;3
1621243748000;11584284;153.997;154.017;154.007;1;T;True;3
1621243749000;11584287;153.995;154.015;154.005;2;T;True;3
1621243750000;11584291;153.991;154.011;154.001;3;T;True;3
1621243751000;11584292;153.991;154.011;154.001;0;T;True;3
1621243752000;11584293;153.991;154.011;154.001;0;T;True;3
1621243753000;11584295;153.99;154.01;154.0;1;T;True;3
1621243754000;11584296;153.99;154.01;154.0;0;T;True;3
1621243755000;11584298;153.988;154.008;153.998;1;T;True;3
1621243756000;11584299;153.988;154.008;153.998;0;T;True;3
1621243757000;11584302;153.985;154.005;153.995;2;T;True;3
1621243758000;11584305;153.989;154.009;153.999;2;T;True;3
1621243759000;11584307;153.988;154.008;153.998;1;T;True;3
1621243760000;11584308;153.988;154.008;153.998;0;T;True;3
1621243761000;11584309;153.988;154.008;153.998;0;T;True;3
1621243762000;11584311;153.989;154.009;153.999;1;T;True;3
1621243763000;11584312;153.989;154.009;153.999;0;T;True;3
1621243764000;11584313;153.989;154.009;153.999;0;T;True;3
1621243765000;11584315;153.99;154.01;154.0;1;T;True;3
1621243766000;11584316;153.99;154.01;154.0;0;T;True;3
1621243767000;11584318;153.991;154.011;154.001;1;T;True;3
1621243768000;11584319;153.991;154.011;154.001;0;T;True;3
1621243769000;11584320;153.991;154.011;154.001;0;T;True;3
1621243770000;11584321;153.991;154.011;154.001;0;T;True;3
1621243771000;11584323;153.99;154.01;154.0;1;T;True;3
1621243772000;11584324;153.99;154.01;154.0;0;T;True;3
1621243773000;11584326;153.989;154.009;153.999;1;T;True;3
1621243774000;11584327;153.989;154.009;153.999;0;T;True;3
1621243775000;11584328;153.989;154.009;153.999;0;T;True;3
1621243776000;11584329;153.989;154.009;153.999;0;T;True;3
1621243777000;11584330;153.989;154.009;153.999;0;T;True;3
1621243778000;11584338;153.993;154.013;154.003;7;T;True;3
1621243779000;11584339;153.993;154.013;154.003;0;T;True;3
1621243780000;11584340;153.993;154.013;154.003;0;T;True;3
1621243781000;11584342;153.991;154.011;154.001;1;T;True;3
1621243782000;11584343;153.991;154.011;154.001;0;T;True;3
1621243783000;11584346;153.985;154.005;153.995;2;T;True;3
1621243784000;11584347;153.985;154.005;153.995;0;T;True;3
1621243785000;11584351;153.972;153.992;153.982;3;T;True;3
1621243786000;11584354;153.977;153.997;153.987;2;T;True;3
1621243787000;11584359;153.971;153.991;153.981;4;T;True;3
1621243788000;11584360;153.971;153.991;153.981;0;T;True;3
1621243789000;11584361;153.971;153.991;153.981;0;T;True;3
1621243790000;11584362;153.971;153.991;153.981;0;T;True;3
1621243791000;11584363;153.971;153.991;153.981;0;T;True;3
1621243792000;11584366;153.973;153.993;153.983;2;T;True;3
1621243793000;11584374;153.978;153.998;153.988;7;T;True;3
1621243794000;11584376;153.979;153.999;153.989;1;T;True;3
1621243795000;11584380;153.975;153.995;153.985;3;T;True;3
1621243796000;11584381;153.975;153.995;153.985;0;T;True;3
1621243797000;11584382;153.975;153.995;153.985;0;T;True;3
1621243798000;11584383;153.975;153.995;153.985;0;T;True;3
1621243799000;11584386;153.971;153.991;153.981;2;T;True;3
1621243800000;11584387;153.971;153.991;153.981;0;T;True;3
1621243801000;11584388;153.971;153.991;153.981;0;T;True;3
1621243802000;11584389;153.971;153.991;153.981;0;T;True;3
1621243803000;11584390;153.971;153.991;153.981;0;T;True;3
1621243804000;11584391;153.971;153.991;153.981;0;T;True;3
1621243805000;11584394;153.969;153.989;153.979;2;T;True;3
1621243806000;11584395;153.969;153.989;153.979;0;T;True;3
1621243807000;11584396;153.969;153.989;153.979;0;T;True;3
1621243808000;11584397;153.969;153.989;153.979;0;T;True;3
1621243809000;11584403;153.961;153.981;153.971;5;T;True;3
1621243810000;11584404;153.961;153.981;153.971;0;T;True;3
1621243811000;11584407;153.963;153.983;153.973;2;T;True;3
1621243812000;11584408;153.963;153.983;153.973;0;T;True;3
1621243813000;11584409;153.963;153.983;153.973;0;T;True;3
1621243814000;11584410;153.963;153.983;153.973;0;T;True;3
1621243815000;11584411;153.963;153.983;153.973;0;T;True;3
1621243816000;11584412;153.963;153.983;153.973;0;T;True;3
1621243817000;11584417;153.959;153.979;153.969;4;T;True;3
1621243818000;11584418;153.959;153.979;153.969;0;T;True;3
1621243819000;11584419;153.959;153.979;153.969;0;T;True;3
1621243820000;11584422;153.963;153.983;153.973;2;T;True;3
1621243821000;11584423;153.963;153.983;153.973;0;T;True;3
1621243822000;11584425;153.964;153.984;153.974;1;T;True;3
1621243823000;11584427;153.965;153.985;153.975;1;T;True;3
1621243824000;11584428;153.965;153.985;153.975;0;T;True;3
1621243825000;11584431;153.967;153.987;153.977;2;T;True;3
1621243826000;11584432;153.967;153.987;153.977;0;T;True;3
1621243827000;11584435;153.969;153.989;153.979;2;T;True;3
1621243828000;11584436;153.969;153.989;153.979;0;T;True;3
1621243829000;11584437;153.969;153.989;153.979;0;T;True;3
1621243830000;11584440;153.967;153.987;153.977;2;T;True;3
1621243831000;11584442;153.968;153.988;153.978;1;T;True;3
1621243832000;11584446;153.967;153.987;153.977;3;T;True;3
1621243833000;11584448;153.963;153.983;153.973;1;T;True;3
1621243834000;11584454;153.963;153.983;153.973;5;T;True;3
1621243835000;11584455;153.963;153.983;153.973;0;T;True;3
1621243836000;11584456;153.963;153.983;153.973;0;T;True;3
1621243837000;11584457;153.963;153.983;153.973;0;T;True;3
1621243838000;11584459;153.962;153.982;153.972;1;T;True;3
1621243839000;11584460;153.962;153.982;153.972;0;T;True;3
1621243840000;11584461;153.962;153.982;153.972;0;T;True;3
1621243841000;11584463;153.961;153.981;153.971;1;T;True;3
1621243842000;11584464;153.961;153.981;153.971;0;T;True;3
1621243843000;11584465;153.961;153.981;153.971;0;T;True;3
1621243844000;11584466;153.961;153.981;153.971;0;T;True;3
1621243845000;11584467;153.961;153.981;153.971;0;T;True;3
1621243846000;11584468;153.961;153.981;153.971;0;T;True;3
1621243847000;11584469;153.961;153.981;153.971;0;T;True;3
1621243848000;11584473;153.957;153.977;153.967;3;T;True;3
1621243849000;11584474;153.957;153.977;153.967;0;T;True;3
1621243850000;11584476;153.959;153.979;153.969;1;T;True;3
1621243851000;11584477;153.959;153.979;153.969;0;T;True;3
1621243852000;11584478;153.959;153.979;153.969;0;T;True;3
1621243853000;11584479;153.959;153.979;153.969;0;T;True;3
1621243854000;11584480;153.959;153.979;153.969;0;T;True;3
1621243855000;11584481;153.959;153.979;153.969;0;T;True;3
1621243856000;11584482;153.959;153.979;153.969;0;T;True;3
1621243857000;11584485;153.955;153.975;153.965;2;T;True;3
1621243858000;11584487;153.957;153.977;153.967;1;T;True;3
1621243859000;11584488;153.957;153.977;153.967;0;T;True;3
1621243860000;11584489;153.957;153.977;153.967;0;T;True;3
1621243861000;11584490;153.957;153.977;153.967;0;T;True;3
1621243862000;11584491;153.957;153.977;153.967;0;T;True;3
1621243863000;11584492;153.957;153.977;153.967;0;T;True;3
1621243864000;11584493;153.957;153.977;153.967;0;T;True;3
1621243865000;11584494;153.957;153.977;153.967;0;T;True;3
1621243866000;11584495;153.957;153.977;153.967;0;T;True;3
1621243867000;11584496;153.957;153.977;153.967;0;T;True;3
1621243868000;11584497;153.957;153.977;153.967;0;T;True;3
1621243869000;11584498;153.957;153.977;153.967;0;T;True;3
1621243870000;11584500;153.958;153.978;153.968;1;T;True;3
1621243871000;11584502;153.959;153.979;153.969;1;T;True;3
1621243872000;11584503;153.959;153.979;153.969;0;T;True;3
1621243873000;11584504;153.959;153.979;153.969;0;T;True;3
1621243874000;11584505;153.959;153.979;153.969;0;T;True;3
1621243875000;11584506;153.959;153.979;153.969;0;T;True;3
1621243876000;11584507;153.959;153.979;153.969;0;T;True;3
1621243877000;11584508;153.959;153.979;153.969;0;T;True;3
1621243878000;11584509;153.959;153.979;153.969;0;T;True;3
1621243879000;11584514;153.966;153.986;153.976;4;T;True;3
1621243880000;11584516;153.967;153.987;153.977;1;T;True;3
1621243881000;11584518;153.969;153.989;153.979;1;T;True;3
1621243882000;11584521;153.972;153.992;153.982;2;T;True;3
1621243883000;11584526;153.972;153.992;153.982;4;T;True;3
1621243884000;11584528;153.971;153.991;153.981;1;T;True;3
1621243885000;11584531;153.97;153.99;153.98;2;T;True;3
1621243886000;11584533;153.969;153.989;153.979;1;T;True;3
1621243887000;11584536;153.971;153.991;153.981;2;T;True;3
1621243888000;11584537;153.971;153.991;153.981;0;T;True;3
1621243889000;11584538;153.971;153.991;153.981;0;T;True;3
1621243890000;11584539;153.971;153.991;153.981;0;T;True;3
1621243891000;11584543;153.963;153.983;153.973;3;T;True;3
1621243892000;11584544;153.963;153.983;153.973;0;T;True;3
1621243893000;11584545;153.963;153.983;153.973;0;T;True;3
1621243894000;11584546;153.963;153.983;153.973;0;T;True;3
1621243895000;11584547;153.963;153.983;153.973;0;T;True;3
1621243896000;11584548;153.963;153.983;153.973;0;T;True;3
1621243897000;11584549;153.963;153.983;153.973;0;T;True;3
1621243898000;11584551;153.964;153.984;153.974;1;T;True;3
1621243899000;11584556;153.963;153.983;153.973;4;T;True;3
1621243900000;11584557;153.963;153.983;153.973;0;T;True;3
1621243901000;11584558;153.963;153.983;153.973;0;T;True;3
1621243902000;11584559;153.963;153.983;153.973;0;T;True;3
1621243903000;11584560;153.963;153.983;153.973;0;T;True;3
1621243904000;11584561;153.963;153.983;153.973;0;T;True;3
1621243905000;11584566;153.952;153.972;153.962;4;T;True;3
1621243906000;11584567;153.952;153.972;153.962;0;T;True;3
1621243907000;11584570;153.945;153.965;153.955;2;T;True;3
1621243908000;11584572;153.947;153.967;153.957;1;T;True;3
1621243909000;11584574;153.945;153.965;153.955;1;T;True;3
1621243910000;11584575;153.945;153.965;153.955;0;T;True;3
1621243911000;11584576;153.945;153.965;153.955;0;T;True;3
1621243912000;11584577;153.945;153.965;153.955;0;T;True;3
1621243913000;11584579;153.946;153.966;153.956;1;T;True;3
1621243914000;11584580;153.946;153.966;153.956;0;T;True;3
1621243915000;11584585;153.955;153.975;153.965;4;T;True;3
1621243916000;11584586;153.955;153.975;153.965;0;T;True;3
1621243917000;11584587;153.955;153.975;153.965;0;T;True;3
1621243918000;11584589;153.956;153.976;153.966;1;T;True;3
1621243919000;11584593;153.957;153.977;153.967;3;T;True;3
1621243920000;11584595;153.958;153.978;153.968;1;T;True;3
1621243921000;11584605;153.989;154.009;153.999;9;T;True;3
1621243922000;11584607;153.99;154.01;154.0;1;T;True;3
1621243923000;11584608;153.99;154.01;154.0;0;T;True;3
1621243924000;11584611;153.99;154.01;154.0;2;T;True;3
1621243925000;11584612;153.99;154.01;154.0;0;T;True;3
1621243926000;11584615;153.991;154.011;154.001;2;T;True;3
1621243927000;11584616;153.991;154.011;154.001;0;T;True;3
1621243928000;11584619;153.995;154.015;154.005;2;T;True;3
1621243929000;11584620;153.995;154.015;154.005;0;T;True;3
1621243930000;11584621;153.995;154.015;154.005;0;T;True;3
1621243931000;11584622;153.995;154.015;154.005;0;T;True;3
1621243932000;11584623;153.995;154.015;154.005;0;T;True;3
1621243933000;11584624;153.995;154.015;154.005;0;T;True;3
1621243934000;11584626;153.992;154.012;154.002;1;T;True;3
1621243935000;11584627;153.992;154.012;154.002;0;T;True;3
1621243936000;11584629;153.993;154.013;154.003;1;T;True;3
1621243937000;11584630;153.993;154.013;154.003;0;T;True;3
1621243938000;11584631;153.993;154.013;154.003;0;T;True;3
1621243939000;11584632;153.993;154.013;154.003;0;T;True;3
1621243940000;11584634;153.992;154.012;154.002;1;T;True;3
1621243941000;11584635;153.992;154.012;154.002;0;T;True;3
1621243942000;11584636;153.992;154.012;154.002;0;T;True;3
1621243943000;11584640;153.987;154.007;153.997;3;T;True;3
1621243944000;11584642;153.985;154.005;153.995;1;T;True;3
1621243945000;11584643;153.985;154.005;153.995;0;T;True;3
1621243946000;11584644;153.985;154.005;153.995;0;T;True;3
1621243947000;11584646;153.984;154.004;153.994;1;T;True;3
1621243948000;11584647;153.984;154.004;153.994;0;T;True;3
1621243949000;11584648;153.984;154.004;153.994;0;T;True;3
1621243950000;11584649;153.984;154.004;153.994;0;T;True;3
1621243951000;11584655;153.99;154.01;154.0;5;T;True;3
1621243952000;11584657;153.989;154.009;153.999;1;T;True;3
1621243953000;11584658;153.989;154.009;153.999;0;T;True;3
1621243954000;11584659;153.989;154.009;153.999;0;T;True;3
1621243955000;11584660;153.989;154.009;153.999;0;T;True;3
1621243956000;11584661;153.989;154.009;153.999;0;T;True;3
1621243957000;11584662;153.989;154.009;153.999;0;T;True;3
1621243958000;11584663;153.989;154.009;153.999;0;T;True;3
1621243959000;11584665;153.991;154.011;154.001;1;T;True;3
1621243960000;11584667;153.992;154.012;154.002;1;T;True;3
1621243961000;11584668;153.992;154.012;154.002;0;T;True;3
1621243962000;11584670;153.993;154.013;154.003;1;T;True;3
1621243963000;11584671;153.993;154.013;154.003;0;T;True;3
1621243964000;11584673;153.992;154.012;154.002;1;T;True;3
1621243965000;11584676;153.989;154.009;153.999;2;T;True;3
1621243966000;11584679;153.991;154.011;154.001;2;T;True;3
1621243967000;11584680;153.991;154.011;154.001;0;T;True;3
1621243968000;11584681;153.991;154.011;154.001;0;T;True;3
1621243969000;11584682;153.991;154.011;154.001;0;T;True;3
1621243970000;11584683;153.991;154.011;154.001;0;T;True;3
1621243971000;11584684;153.991;154.011;154.001;0;T;True;3
1621243972000;11584685;153.991;154.011;154.001;0;T;True;3
1621243973000;11584687;153.994;154.014;154.004;1;T;True;3
1621243974000;11584689;153.995;154.015;154.005;1;T;True;3
1621243975000;11584691;153.99;154.01;154.0;1;T;True;3
1621243976000;11584692;153.99;154.01;154.0;0;T;True;3
1621243977000;11584695;153.989;154.009;153.999;2;T;True;3
1621243978000;11584698;153.986;154.006;153.996;2;T;True;3
1621243979000;11584699;153.986;154.006;153.996;0;T;True;3
1621243980000;11584700;153.986;154.006;153.996;0;T;True;3
1621243981000;11584703;153.981;154.001;153.991;2;T;True;3
1621243982000;11584705;153.983;154.003;153.993;1;T;True;3
1621243983000;11584708;153.987;154.007;153.997;2;T;True;3
1621243984000;11584709;153.987;154.007;153.997;0;T;True;3
1621243985000;11584711;153.988;154.008;153.998;1;T;True;3
1621243986000;11584712;153.988;154.008;153.998;0;T;True;3
1621243987000;11584713;153.988;154.008;153.998;0;T;True;3
1621243988000;11584715;153.989;154.009;153.999;1;T;True;3
1621243989000;11584716;153.989;154.009;153.999;0;T;True;3
1621243990000;11584717;153.989;154.009;153.999;0;T;True;3
1621243991000;11584718;153.989;154.009;153.999;0;T;True;3
1621243992000;11584720;153.987;154.007;153.997;1;T;True;3
1621243993000;11584721;153.987;154.007;153.997;0;T;True;3
1621243994000;11584723;153.988;154.008;153.998;1;T;True;3
1621243995000;11584725;153.989;154.009;153.999;1;T;True;3
1621243996000;11584726;153.989;154.009;153.999;0;T;True;3
1621243997000;11584728;153.99;154.01;154.0;1;T;True;3
1621243998000;11584729;153.99;154.01;154.0;0;T;True;3
1621243999000;11584733;153.986;154.006;153.996;3;T;True;3
1621244000000;11584735;153.987;154.007;153.997;1;T;True;3
1621244001000;11584736;153.987;154.007;153.997;0;T;True;3
1621244002000;11584737;153.987;154.007;153.997;0;T;True;3
1621244003000;11584738;153.987;154.007;153.997;0;T;True;3
1621244004000;11584740;153.989;154.009;153.999;1;T;True;3
1621244005000;11584741;153.989;154.009;153.999;0;T;True;3
1621244006000;11584744;153.987;154.007;153.997;2;T;True;3
1621244007000;11584746;153.988;154.008;153.998;1;T;True;3
1621244008000;11584747;153.988;154.008;153.998;0;T;True;3
1621244009000;11584749;153.989;154.009;153.999;1;T;True;3
1621244010000;11584750;153.989;154.009;153.999;0;T;True;3
1621244011000;11584751;153.989;154.009;153.999;0;T;True;3
1621244012000;11584752;153.989;154.009;153.999;0;T;True;3
1621244013000;11584753;153.989;154.009;153.999;0;T;True;3
1621244014000;11584754;153.989;154.009;153.999;0;T;True;3
1621244015000;11584755;153.989;154.009;153.999;0;T;True;3
1621244016000;11584756;153.989;154.009;153.999;0;T;True;3
1621244017000;11584757;153.989;154.009;153.999;0;T;True;3
1621244018000;11584758;153.989;154.009;153.999;0;T;True;3
1621244019000;11584759;153.989;154.009;153.999;0;T;True;3
1621244020000;11584760;153.989;154.009;153.999;0;T;True;3
1621244021000;11584761;153.989;154.009;153.999;0;T;True;3
1621244022000;11584764;153.987;154.007;153.997;2;T;True;3
1621244023000;11584765;153.987;154.007;153.997;0;T;True;3
1621244024000;11584766;153.987;154.007;153.997;0;T;True;3
1621244025000;11584767;153.987;154.007;153.997;0;T;True;3
1621244026000;11584770;153.992;154.012;154.002;2;T;True;3
1621244027000;11584772;153.993;154.013;154.003;1;T;True;3
1621244028000;11584773;153.993;154.013;154.003;0;T;True;3
1621244029000;11584774;153.993;154.013;154.003;0;T;True;3
1621244030000;11584776;153.992;154.012;154.002;1;T;True;3
1621244031000;11584779;153.994;154.014;154.004;2;T;True;3
1621244032000;11584781;153.995;154.015;154.005;1;T;True;3
1621244033000;11584782;153.995;154.015;154.005;0;T;True;3
1621244034000;11584783;153.995;154.015;154.005;0;T;True;3
1621244035000;11584784;153.995;154.015;154.005;0;T;True;3
1621244036000;11584785;153.995;154.015;154.005;0;T;True;3
1621244037000;11584786;153.995;154.015;154.005;0;T;True;3
1621244038000;11584787;153.995;154.015;154.005;0;T;True;3
1621244039000;11584788;153.995;154.015;154.005;0;T;True;3
1621244040000;11584789;153.995;154.015;154.005;0;T;True;3
1621244041000;11584791;153.997;154.017;154.007;1;T;True;3
1621244042000;11584792;153.997;154.017;154.007;0;T;True;3
1621244043000;11584793;153.997;154.017;154.007;0;T;True;3
1621244044000;11584794;153.997;154.017;154.007;0;T;True;3
1621244045000;11584795;153.997;154.017;154.007;0;T;True;3
1621244046000;11584800;153.997;154.017;154.007;4;T;True;3
1621244047000;11584801;153.997;154.017;154.007;0;T;True;3
1621244048000;11584803;153.996;154.016;154.006;1;T;True;3
1621244049000;11584804;153.996;154.016;154.006;0;T;True;3
1621244050000;11584806;153.997;154.017;154.007;1;T;True;3
1621244051000;11584807;153.997;154.017;154.007;0;T;True;3
1621244052000;11584808;153.997;154.017;154.007;0;T;True;3
1621244053000;11584809;153.997;154.017;154.007;0;T;True;3
1621244054000;11584810;153.997;154.017;154.007;0;T;True;3
1621244055000;11584811;153.997;154.017;154.007;0;T;True;3
1621244056000;11584813;153.995;154.015;154.005;1;T;True;3
1621244057000;11584815;153.997;154.017;154.007;1;T;True;3
1621244058000;11584816;153.997;154.017;154.007;0;T;True;3
1621244059000;11584817;153.997;154.017;154.007;0;T;True;3
1621244060000;11584818;153.997;154.017;154.007;0;T;True;3
1621244061000;11584820;153.998;154.018;154.008;1;T;True;3
1621244062000;11584822;153.997;154.017;154.007;1;T;True;3
1621244063000;11584823;153.997;154.017;154.007;0;T;True;3
1621244064000;11584825;153.998;154.018;154.008;1;T;True;3
1621244065000;11584829;153.997;154.017;154.007;3;T;True;3
1621244066000;11584830;153.997;154.017;154.007;0;T;True;3
1621244067000;11584831;153.997;154.017;154.007;0;T;True;3
1621244068000;11584832;153.997;154.017;154.007;0;T;True;3
1621244069000;11584833;153.997;154.017;154.007;0;T;True;3
1621244070000;11584834;153.997;154.017;154.007;0;T;True;3
1621244071000;11584835;153.997;154.017;154.007;0;T;True;3
1621244072000;11584836;153.997;154.017;154.007;0;T;True;3
1621244073000;11584837;153.997;154.017;154.007;0;T;True;3
1621244074000;11584839;153.996;154.016;154.006;1;T;True;3
1621244075000;11584840;153.996;154.016;154.006;0;T;True;3
1621244076000;11584841;153.996;154.016;154.006;0;T;True;3
1621244077000;11584843;153.995;154.015;154.005;1;T;True;3
1621244078000;11584844;153.995;154.015;154.005;0;T;True;3
1621244079000;11584847;153.997;154.017;154.007;2;T;True;3
1621244080000;11584848;153.997;154.017;154.007;0;T;True;3
1621244081000;11584851;153.997;154.017;154.007;2;T;True;3
1621244082000;11584852;153.997;154.017;154.007;0;T;True;3
1621244083000;11584853;153.997;154.017;154.007;0;T;True;3
1621244084000;11584854;153.997;154.017;154.007;0;T;True;3
1621244085000;11584856;153.996;154.016;154.006;1;T;True;3
1621244086000;11584857;153.996;154.016;154.006;0;T;True;3
1621244087000;11584858;153.996;154.016;154.006;0;T;True;3
1621244088000;11584859;153.996;154.016;154.006;0;T;True;3
1621244089000;11584860;153.996;154.016;154.006;0;T;True;3
1621244090000;11584861;153.996;154.016;154.006;0;T;True;3
1621244091000;11584863;153.997;154.017;154.007;1;T;True;3
1621244092000;11584864;153.997;154.017;154.007;0;T;True;3
1621244093000;11584867;153.995;154.015;154.005;2;T;True;3
1621244094000;11584868;153.995;154.015;154.005;0;T;True;3
1621244095000;11584870;153.989;154.009;153.999;1;T;True;3
1621244096000;11584872;153.987;154.007;153.997;1;T;True;3
1621244097000;11584873;153.987;154.007;153.997;0;T;True;3
1621244098000;11584874;153.987;154.007;153.997;0;T;True;3
1621244099000;11584875;153.987;154.007;153.997;0;T;True;3
1621244100000;11584876;153.987;154.007;153.997;0;T;True;3
1621244101000;11584879;153.987;154.007;153.997;2;T;True;3
1621244102000;11584880;153.987;154.007;153.997;0;T;True;3
1621244103000;11584881;153.987;154.007;153.997;0;T;True;3
1621244104000;11584882;153.987;154.007;153.997;0;T;True;3
1621244105000;11584883;153.987;154.007;153.997;0;T;True;3
1621244106000;11584884;153.987;154.007;153.997;0;T;True;3
1621244107000;11584885;153.987;154.007;153.997;0;T;True;3
1621244108000;11584887;153.986;154.006;153.996;1;T;True;3
1621244109000;11584888;153.986;154.006;153.996;0;T;True;3
1621244110000;11584889;153.986;154.006;153.996;0;T;True;3
1621244111000;11584890;153.986;154.006;153.996;0;T;True;3
1621244112000;11584892;153.985;154.005;153.995;1;T;True;3
1621244113000;11584893;153.985;154.005;153.995;0;T;True;3
1621244114000;11584894;153.985;154.005;153.995;0;T;True;3
1621244115000;11584895;153.985;154.005;153.995;0;T;True;3
1621244116000;11584896;153.985;154.005;153.995;0;T;True;3
1621244117000;11584897;153.985;154.005;153.995;0;T;True;3
1621244118000;11584898;153.985;154.005;153.995;0;T;True;3
1621244119000;11584899;153.985;154.005;153.995;0;T;True;3
1621244120000;11584900;153.985;154.005;153.995;0;T;True;3
1621244121000;11584901;153.985;154.005;153.995;0;T;True;3
1621244122000;11584903;153.986;154.006;153.996;1;T;True;3
1621244123000;11584904;153.986;154.006;153.996;0;T;True;3
1621244124000;11584905;153.986;154.006;153.996;0;T;True;3
1621244125000;11584906;153.986;154.006;153.996;0;T;True;3
1621244126000;11584910;153.984;154.004;153.994;3;T;True;3
1621244127000;11584912;153.985;154.005;153.995;1;T;True;3
1621244128000;11584916;153.986;154.006;153.996;3;T;True;3
1621244129000;11584917;153.986;154.006;153.996;0;T;True;3
1621244130000;11584918;153.986;154.006;153.996;0;T;True;3
1621244131000;11584919;153.986;154.006;153.996;0;T;True;3
1621244132000;11584921;153.987;154.007;153.997;1;T;True;3
1621244133000;11584923;153.989;154.009;153.999;1;T;True;3
1621244134000;11584927;153.998;154.018;154.008;3;T;True;3
1621244135000;11584929;153.999;154.019;154.009;1;T;True;3
1621244136000;11584930;153.999;154.019;154.009;0;T;True;3
1621244137000;11584931;153.999;154.019;154.009;0;T;True;3
1621244138000;11584932;153.999;154.019;154.009;0;T;True;3
1621244139000;11584933;153.999;154.019;154.009;0;T;True;3
1621244140000;11584934;153.999;154.019;154.009;0;T;True;3
1621244141000;11584935;153.999;154.019;154.009;0;T;True;3
1621244142000;11584936;153.999;154.019;154.009;0;T;True;3
1621244143000;11584937;153.999;154.019;154.009;0;T;True;3
1621244144000;11584938;153.999;154.019;154.009;0;T;True;3
1621244145000;11584939;153.999;154.019;154.009;0;T;True;3
1621244146000;11584940;153.999;154.019;154.009;0;T;True;3
1621244147000;11584941;153.999;154.019;154.009;0;T;True;3
1621244148000;11584942;153.999;154.019;154.009;0;T;True;3
1621244149000;11584944;154.001;154.021;154.011;1;T;True;3
1621244150000;11584945;154.001;154.021;154.011;0;T;True;3
1621244151000;11584946;154.001;154.021;154.011;0;T;True;3
1621244152000;11584947;154.001;154.021;154.011;0;T;True;3
1621244153000;11584948;154.001;154.021;154.011;0;T;True;3
1621244154000;11584949;154.001;154.021;154.011;0;T;True;3
1621244155000;11584950;154.001;154.021;154.011;0;T;True;3
1621244156000;11584952;154.004;154.024;154.014;1;T;True;3
1621244157000;11584953;154.004;154.024;154.014;0;T;True;3
1621244158000;11584954;154.004;154.024;154.014;0;T;True;3
1621244159000;11584955;154.004;154.024;154.014;0;T;True;3
1621244160000;11584956;154.004;154.024;154.014;0;T;True;3
1621244161000;11584957;154.004;154.024;154.014;0;T;True;3
1621244162000;11584958;154.004;154.024;154.014;0;T;True;3
1621244163000;11584959;154.004;154.024;154.014;0;T;True;3
1621244164000;11584960;154.004;154.024;154.014;0;T;True;3
1621244165000;11584961;154.004;154.024;154.014;0;T;True;3
1621244166000;11584962;154.004;154.024;154.014;0;T;True;3
1621244167000;11584963;154.004;154.024;154.014;0;T;True;3
1621244168000;11584964;154.004;154.024;154.014;0;T;True;3
1621244169000;11584965;154.004;154.024;154.014;0;T;True;3
1621244170000;11584966;154.004;154.024;154.014;0;T;True;3
1621244171000;11584967;154.004;154.024;154.014;0;T;True;3
1621244172000;11584968;154.004;154.024;154.014;0;T;True;3
1621244173000;11584969;154.004;154.024;154.014;0;T;True;3
1621244174000;11584971;154.005;154.025;154.015;1;T;True;3
1621244175000;11584977;154.018;154.038;154.028;5;T;True;3
1621244176000;11584978;154.018;154.038;154.028;0;T;True;3
1621244177000;11584979;154.018;154.038;154.028;0;T;True;3
1621244178000;11584980;154.018;154.038;154.028;0;T;True;3
1621244179000;11584984;154.015;154.035;154.025;3;T;True;3
1621244180000;11584989;154.008;154.028;154.018;4;T;True;3
1621244181000;11584990;154.008;154.028;154.018;0;T;True;3
1621244182000;11584991;154.008;154.028;154.018;0;T;True;3
1621244183000;11584992;154.008;154.028;154.018;0;T;True;3
1621244184000;11584997;154.018;154.038;154.028;4;T;True;3
1621244185000;11585000;154.024;154.044;154.034;2;T;True;3
1621244186000;11585002;154.023;154.043;154.033;1;T;True;3
1621244187000;11585003;154.023;154.043;154.033;0;T;True;3
1621244188000;11585005;154.021;154.041;154.031;1;T;True;3
1621244189000;11585008;154.023;154.043;154.033;2;T;True;3
1621244190000;11585010;154.027;154.047;154.037;1;T;True;3
1621244191000;11585012;154.026;154.046;154.036;1;T;True;3
1621244192000;11585013;154.026;154.046;154.036;0;T;True;3
1621244193000;11585014;154.026;154.046;154.036;0;T;True;3
1621244194000;11585015;154.026;154.046;154.036;0;T;True;3
1621244195000;11585016;154.026;154.046;154.036;0;T;True;3
1621244196000;11585020;154.02;154.04;154.03;3;T;True;3
1621244197000;11585022;154.019;154.039;154.029;1;T;True;3
1621244198000;11585025;154.023;154.043;154.033;2;T;True;3
1621244199000;11585026;154.023;154.043;154.033;0;T;True;3
1621244200000;11585028;154.019;154.039;154.029;1;T;True;3
1621244201000;11585029;154.019;154.039;154.029;0;T;True;3
1621244202000;11585031;154.017;154.037;154.027;1;T;True;3
1621244203000;11585032;154.017;154.037;154.027;0;T;True;3
1621244204000;11585033;154.017;154.037;154.027;0;T;True;3
1621244205000;11585034;154.017;154.037;154.027;0;T;True;3
1621244206000;11585035;154.017;154.037;154.027;0;T;True;3
1621244207000;11585036;154.017;154.037;154.027;0;T;True;3
1621244208000;11585037;154.017;154.037;154.027;0;T;True;3
1621244209000;11585038;154.017;154.037;154.027;0;T;True;3
1621244210000;11585039;154.017;154.037;154.027;0;T;True;3
1621244211000;11585040;154.017;154.037;154.027;0;T;True;3
1621244212000;11585041;154.017;154.037;154.027;0;T;True;3
1621244213000;11585042;154.017;154.037;154.027;0;T;True;3
1621244214000;11585043;154.017;154.037;154.027;0;T;True;3
1621244215000;11585044;154.017;154.037;154.027;0;T;True;3
1621244216000;11585045;154.017;154.037;154.027;0;T;True;3
1621244217000;11585046;154.017;154.037;154.027;0;T;True;3
1621244218000;11585047;154.017;154.037;154.027;0;T;True;3
1621244219000;11585048;154.017;154.037;154.027;0;T;True;3
1621244220000;11585049;154.017;154.037;154.027;0;T;True;3
1621244221000;11585051;154.015;154.035;154.025;1;T;True;3
1621244222000;11585052;154.015;154.035;154.025;0;T;True;3
1621244223000;11585053;154.015;154.035;154.025;0;T;True;3
1621244224000;11585054;154.015;154.035;154.025;0;T;True;3
1621244225000;11585055;154.015;154.035;154.025;0;T;True;3
1621244226000;11585056;154.015;154.035;154.025;0;T;True;3
1621244227000;11585058;154.013;154.033;154.023;1;T;True;3
1621244228000;11585059;154.013;154.033;154.023;0;T;True;3
1621244229000;11585060;154.013;154.033;154.023;0;T;True;3
1621244230000;11585061;154.013;154.033;154.023;0;T;True;3
1621244231000;11585062;154.013;154.033;154.023;0;T;True;3
1621244232000;11585064;154.012;154.032;154.022;1;T;True;3
1621244233000;11585065;154.012;154.032;154.022;0;T;True;3
1621244234000;11585070;154.023;154.043;154.033;4;T;True;3
1621244235000;11585072;154.025;154.045;154.035;1;T;True;3
1621244236000;11585073;154.025;154.045;154.035;0;T;True;3
1621244237000;11585074;154.025;154.045;154.035;0;T;True;3
1621244238000;11585075;154.025;154.045;154.035;0;T;True;3
1621244239000;11585076;154.025;154.045;154.035;0;T;True;3
1621244240000;11585077;154.025;154.045;154.035;0;T;True;3
1621244241000;11585078;154.025;154.045;154.035;0;T;True;3
1621244242000;11585079;154.025;154.045;154.035;0;T;True;3
1621244243000;11585080;154.025;154.045;154.035;0;T;True;3
1621244244000;11585082;154.024;154.044;154.034;1;T;True;3
1621244245000;11585085;154.02;154.04;154.03;2;T;True;3
1621244246000;11585086;154.02;154.04;154.03;0;T;True;3
1621244247000;11585087;154.02;154.04;154.03;0;T;True;3
1621244248000;11585088;154.02;154.04;154.03;0;T;True;3
1621244249000;11585089;154.02;154.04;154.03;0;T;True;3
1621244250000;11585090;154.02;154.04;154.03;0;T;True;3
1621244251000;11585092;154.021;154.041;154.031;1;T;True;3
1621244252000;11585093;154.021;154.041;154.031;0;T;True;3
1621244253000;11585094;154.021;154.041;154.031;0;T;True;3
1621244254000;11585099;154.017;154.037;154.027;4;T;True;3
1621244255000;11585101;154.015;154.035;154.025;1;T;True;3
1621244256000;11585102;154.015;154.035;154.025;0;T;True;3
1621244257000;11585103;154.015;154.035;154.025;0;T;True;3
1621244258000;11585104;154.015;154.035;154.025;0;T;True;3
1621244259000;11585105;154.015;154.035;154.025;0;T;True;3
1621244260000;11585106;154.015;154.035;154.025;0;T;True;3
1621244261000;11585108;154.013;154.033;154.023;1;T;True;3
1621244262000;11585109;154.013;154.033;154.023;0;T;True;3
1621244263000;11585110;154.013;154.033;154.023;0;T;True;3
1621244264000;11585114;154.005;154.025;154.015;3;T;True;3
1621244265000;11585116;154.007;154.027;154.017;1;T;True;3
1621244266000;11585120;154.013;154.033;154.023;3;T;True;3
1621244267000;11585121;154.013;154.033;154.023;0;T;True;3
1621244268000;11585122;154.013;154.033;154.023;0;T;True;3
1621244269000;11585123;154.013;154.033;154.023;0;T;True;3
1621244270000;11585124;154.013;154.033;154.023;0;T;True;3
1621244271000;11585125;154.013;154.033;154.023;0;T;True;3
1621244272000;11585126;154.013;154.033;154.023;0;T;True;3
1621244273000;11585127;154.013;154.033;154.023;0;T;True;3
1621244274000;11585128;154.013;154.033;154.023;0;T;True;3
1621244275000;11585131;154.013;154.033;154.023;2;T;True;3
1621244276000;11585133;154.009;154.029;154.019;1;T;True;3
1621244277000;11585135;154.007;154.027;154.017;1;T;True;3
1621244278000;11585136;154.007;154.027;154.017;0;T;True;3
1621244279000;11585137;154.007;154.027;154.017;0;T;True;3
1621244280000;11585138;154.007;154.027;154.017;0;T;True;3
1621244281000;11585141;154.007;154.027;154.017;2;T;True;3
1621244282000;11585143;154.006;154.026;154.016;1;T;True;3
1621244283000;11585144;154.006;154.026;154.016;0;T;True;3
1621244284000;11585145;154.006;154.026;154.016;0;T;True;3
1621244285000;11585148;154.008;154.028;154.018;2;T;True;3
1621244286000;11585149;154.008;154.028;154.018;0;T;True;3
1621244287000;11585150;154.008;154.028;154.018;0;T;True;3
1621244288000;11585152;154.007;154.027;154.017;1;T;True;3
1621244289000;11585155;154.003;154.023;154.013;2;T;True;3
1621244290000;11585157;154.001;154.021;154.011;1;T;True;3
1621244291000;11585158;154.001;154.021;154.011;0;T;True;3
1621244292000;11585159;154.001;154.021;154.011;0;T;True;3
1621244293000;11585160;154.001;154.021;154.011;0;T;True;3
1621244294000;11585161;154.001;154.021;154.011;0;T;True;3
1621244295000;11585162;154.001;154.021;154.011;0;T;True;3
1621244296000;11585164;153.999;154.019;154.009;1;T;True;3
1621244297000;11585165;153.999;154.019;154.009;0;T;True;3
1621244298000;11585166;153.999;154.019;154.009;0;T;True;3
1621244299000;11585167;153.999;154.019;154.009;0;T;True;3
1621244300000;11585172;154.003;154.023;154.013;4;T;True;3
1621244301000;11585175;153.999;154.019;154.009;2;T;True;3
1621244302000;11585176;153.999;154.019;154.009;0;T;True;3
1621244303000;11585177;153.999;154.019;154.009;0;T;True;3
1621244304000;11585179;153.997;154.017;154.007;1;T;True;3
1621244305000;11585180;153.997;154.017;154.007;0;T;True;3
1621244306000;11585181;153.997;154.017;154.007;0;T;True;3
1621244307000;11585182;153.997;154.017;154.007;0;T;True;3
1621244308000;11585183;153.997;154.017;154.007;0;T;True;3
1621244309000;11585185;153.996;154.016;154.006;1;T;True;3
1621244310000;11585186;153.996;154.016;154.006;0;T;True;3
1621244311000;11585188;153.997;154.017;154.007;1;T;True;3
1621244312000;11585190;153.998;154.018;154.008;1;T;True;3
1621244313000;11585192;153.999;154.019;154.009;1;T;True;3
1621244314000;11585194;154.0;154.02;154.01;1;T;True;3
1621244315000;11585197;153.999;154.019;154.009;2;T;True;3
1621244316000;11585198;153.999;154.019;154.009;0;T;True;3
1621244317000;11585199;153.999;154.019;154.009;0;T;True;3
1621244318000;11585200;153.999;154.019;154.009;0;T;True;3
1621244319000;11585201;153.999;154.019;154.009;0;T;True;3
1621244320000;11585203;153.998;154.018;154.008;1;T;True;3
1621244321000;11585204;153.998;154.018;154.008;0;T;True;3
1621244322000;11585208;153.993;154.013;154.003;3;T;True;3
1621244323000;11585211;153.993;154.013;154.003;2;T;True;3
1621244324000;11585212;153.993;154.013;154.003;0;T;True;3
1621244325000;11585213;153.993;154.013;154.003;0;T;True;3
1621244326000;11585214;153.993;154.013;154.003;0;T;True;3
1621244327000;11585217;153.997;154.017;154.007;2;T;True;3
1621244328000;11585218;153.997;154.017;154.007;0;T;True;3
1621244329000;11585220;153.995;154.015;154.005;1;T;True;3
1621244330000;11585224;153.995;154.015;154.005;3;T;True;3
1621244331000;11585226;153.993;154.013;154.003;1;T;True;3
1621244332000;11585227;153.993;154.013;154.003;0;T;True;3
1621244333000;11585228;153.993;154.013;154.003;0;T;True;3
1621244334000;11585229;153.993;154.013;154.003;0;T;True;3
1621244335000;11585230;153.993;154.013;154.003;0;T;True;3
1621244336000;11585231;153.993;154.013;154.003;0;T;True;3
1621244337000;11585232;153.993;154.013;154.003;0;T;True;3
1621244338000;11585233;153.993;154.013;154.003;0;T;True;3
1621244339000;11585234;153.993;154.013;154.003;0;T;True;3
1621244340000;11585235;153.993;154.013;154.003;0;T;True;3
1621244341000;11585238;153.992;154.012;154.002;2;T;True;3
1621244342000;11585244;153.983;154.003;153.993;5;T;True;3
1621244343000;11585245;153.983;154.003;153.993;0;T;True;3
1621244344000;11585251;153.973;153.993;153.983;5;T;True;3
1621244345000;11585254;153.971;153.991;153.981;2;T;True;3
1621244346000;11585255;153.971;153.991;153.981;0;T;True;3
1621244347000;11585257;153.969;153.989;153.979;1;T;True;3
1621244348000;11585262;153.971;153.991;153.981;4;T;True;3
1621244349000;11585265;153.971;153.991;153.981;2;T;True;3
1621244350000;11585266;153.971;153.991;153.981;0;T;True;3
1621244351000;11585267;153.971;153.991;153.981;0;T;True;3
1621244352000;11585268;153.971;153.991;153.981;0;T;True;3
1621244353000;11585273;153.966;153.986;153.976;4;T;True;3
1621244354000;11585276;153.964;153.984;153.974;2;T;True;3
1621244355000;11585278;153.963;153.983;153.973;1;T;True;3
1621244356000;11585279;153.963;153.983;153.973;0;T;True;3
1621244357000;11585280;153.963;153.983;153.973;0;T;True;3
1621244358000;11585281;153.963;153.983;153.973;0;T;True;3
1621244359000;11585283;153.961;153.981;153.971;1;T;True;3
1621244360000;11585287;153.953;153.973;153.963;3;T;True;3
1621244361000;11585288;153.953;153.973;153.963;0;T;True;3
1621244362000;11585289;153.953;153.973;153.963;0;T;True;3
1621244363000;11585290;153.953;153.973;153.963;0;T;True;3
1621244364000;11585291;153.953;153.973;153.963;0;T;True;3
1621244365000;11585292;153.953;153.973;153.963;0;T;True;3
1621244366000;11585295;153.959;153.979;153.969;2;T;True;3
1621244367000;11585297;153.957;153.977;153.967;1;T;True;3
1621244368000;11585298;153.957;153.977;153.967;0;T;True;3
1621244369000;11585300;153.953;153.973;153.963;1;T;True;3
1621244370000;11585302;153.951;153.971;153.961;1;T;True;3
1621244371000;11585303;153.951;153.971;153.961;0;T;True;3
1621244372000;11585304;153.951;153.971;153.961;0;T;True;3
1621244373000;11585305;153.951;153.971;153.961;0;T;True;3
1621244374000;11585306;153.951;153.971;153.961;0;T;True;3
1621244375000;11585307;153.951;153.971;153.961;0;T;True;3
1621244376000;11585308;153.951;153.971;153.961;0;T;True;3
1621244377000;11585310;153.952;153.972;153.962;1;T;True;3
1621244378000;11585311;153.952;153.972;153.962;0;T;True;3
1621244379000;11585313;153.953;153.973;153.963;1;T;True;3
1621244380000;11585314;153.953;153.973;153.963;0;T;True;3
1621244381000;11585316;153.951;153.971;153.961;1;T;True;3
1621244382000;11585318;153.949;153.969;153.959;1;T;True;3
1621244383000;11585319;153.949;153.969;153.959;0;T;True;3
1621244384000;11585323;153.951;153.971;153.961;3;T;True;3
1621244385000;11585328;153.943;153.963;153.953;4;T;True;3
1621244386000;11585329;153.943;153.963;153.953;0;T;True;3
1621244387000;11585332;153.946;153.966;153.956;2;T;True;3
1621244388000;11585333;153.946;153.966;153.956;0;T;True;3
1621244389000;11585334;153.946;153.966;153.956;0;T;True;3
1621244390000;11585335;153.946;153.966;153.956;0;T;True;3
1621244391000;11585337;153.947;153.967;153.957;1;T;True;3
1621244392000;11585338;153.947;153.967;153.957;0;T;True;3
1621244393000;11585339;153.947;153.967;153.957;0;T;True;3
1621244394000;11585342;153.943;153.963;153.953;2;T;True;3
1621244395000;11585345;153.941;153.961;153.951;2;T;True;3
1621244396000;11585347;153.942;153.962;153.952;1;T;True;3
1621244397000;11585350;153.942;153.962;153.952;2;T;True;3
1621244398000;11585353;153.942;153.962;153.952;2;T;True;3
1621244399000;11585356;153.939;153.959;153.949;2;T;True;3
1621244400000;11585357;153.939;153.959;153.949;0;T;True;3
1621244401000;11585361;153.935;153.955;153.945;3;T;True;3
1621244402000;11585362;153.935;153.955;153.945;0;T;True;3
1621244403000;11585364;153.933;153.953;153.943;1;T;True;3
1621244404000;11585365;153.933;153.953;153.943;0;T;True;3
1621244405000;11585366;153.933;153.953;153.943;0;T;True;3
1621244406000;11585368;153.931;153.951;153.941;1;T;True;3
1621244407000;11585371;153.927;153.947;153.937;2;T;True;3
1621244408000;11585372;153.927;153.947;153.937;0;T;True;3
1621244409000;11585374;153.925;153.945;153.935;1;T;True;3
1621244410000;11585375;153.925;153.945;153.935;0;T;True;3
1621244411000;11585376;153.925;153.945;153.935;0;T;True;3
1621244412000;11585377;153.925;153.945;153.935;0;T;True;3
1621244413000;11585378;153.925;153.945;153.935;0;T;True;3
1621244414000;11585379;153.925;153.945;153.935;0;T;True;3
1621244415000;11585380;153.925;153.945;153.935;0;T;True;3
1621244416000;11585381;153.925;153.945;153.935;0;T;True;3
1621244417000;11585382;153.925;153.945;153.935;0;T;True;3
1621244418000;11585383;153.925;153.945;153.935;0;T;True;3
1621244419000;11585385;153.927;153.947;153.937;1;T;True;3
1621244420000;11585387;153.926;153.946;153.936;1;T;True;3
1621244421000;11585389;153.921;153.941;153.931;1;T;True;3
1621244422000;11585390;153.921;153.941;153.931;0;T;True;3
1621244423000;11585391;153.921;153.941;153.931;0;T;True;3
1621244424000;11585397;153.92;153.94;153.93;5;T;True;3
1621244425000;11585399;153.919;153.939;153.929;1;T;True;3
1621244426000;11585401;153.92;153.94;153.93;1;T;True;3
1621244427000;11585404;153.914;153.934;153.924;2;T;True;3
1621244428000;11585406;153.915;153.935;153.925;1;T;True;3
1621244429000;11585407;153.915;153.935;153.925;0;T;True;3
1621244430000;11585408;153.915;153.935;153.925;0;T;True;3
1621244431000;11585409;153.915;153.935;153.925;0;T;True;3
1621244432000;11585411;153.914;153.934;153.924;1;T;True;3
1621244433000;11585413;153.913;153.933;153.923;1;T;True;3
1621244434000;11585416;153.912;153.932;153.922;2;T;True;3
1621244435000;11585417;153.912;153.932;153.922;0;T;True;3
1621244436000;11585419;153.911;153.931;153.921;1;T;True;3
1621244437000;11585420;153.911;153.931;153.921;0;T;True;3
1621244438000;11585421;153.911;153.931;153.921;0;T;True;3
1621244439000;11585424;153.911;153.931;153.921;2;T;True;3
1621244440000;11585425;153.911;153.931;153.921;0;T;True;3
1621244441000;11585426;153.911;153.931;153.921;0;T;True;3
1621244442000;11585428;153.913;153.933;153.923;1;T;True;3
1621244443000;11585429;153.913;153.933;153.923;0;T;True;3
1621244444000;11585433;153.922;153.942;153.932;3;T;True;3
1621244445000;11585434;153.922;153.942;153.932;0;T;True;3
1621244446000;11585435;153.922;153.942;153.932;0;T;True;3
1621244447000;11585437;153.923;153.943;153.933;1;T;True;3
1621244448000;11585438;153.923;153.943;153.933;0;T;True;3
1621244449000;11585439;153.923;153.943;153.933;0;T;True;3
1621244450000;11585443;153.915;153.935;153.925;3;T;True;3
1621244451000;11585446;153.919;153.939;153.929;2;T;True;3
1621244452000;11585455;153.903;153.923;153.913;8;T;True;3
1621244453000;11585457;153.902;153.922;153.912;1;T;True;3
1621244454000;11585459;153.901;153.921;153.911;1;T;True;3
1621244455000;11585460;153.901;153.921;153.911;0;T;True;3
1621244456000;11585463;153.905;153.925;153.915;2;T;True;3
1621244457000;11585464;153.905;153.925;153.915;0;T;True;3
1621244458000;11585465;153.905;153.925;153.915;0;T;True;3
1621244459000;11585466;153.905;153.925;153.915;0;T;True;3
1621244460000;11585467;153.905;153.925;153.915;0;T;True;3
1621244461000;11585470;153.901;153.921;153.911;2;T;True;3
1621244462000;11585472;153.899;153.919;153.909;1;T;True;3
1621244463000;11585473;153.899;153.919;153.909;0;T;True;3
1621244464000;11585474;153.899;153.919;153.909;0;T;True;3
1621244465000;11585475;153.899;153.919;153.909;0;T;True;3
1621244466000;11585481;153.888;153.908;153.898;5;T;True;3
1621244467000;11585483;153.887;153.907;153.897;1;T;True;3
1621244468000;11585487;153.891;153.911;153.901;3;T;True;3
1621244469000;11585490;153.891;153.911;153.901;2;T;True;3
1621244470000;11585492;153.89;153.91;153.9;1;T;True;3
1621244471000;11585493;153.89;153.91;153.9;0;T;True;3
1621244472000;11585495;153.889;153.909;153.899;1;T;True;3
1621244473000;11585497;153.891;153.911;153.901;1;T;True;3
1621244474000;11585501;153.886;153.906;153.896;3;T;True;3
1621244475000;11585502;153.886;153.906;153.896;0;T;True;3
1621244476000;11585503;153.886;153.906;153.896;0;T;True;3
1621244477000;11585504;153.886;153.906;153.896;0;T;True;3
1621244478000;11585505;153.886;153.906;153.896;0;T;True;3
1621244479000;11585506;153.886;153.906;153.896;0;T;True;3
1621244480000;11585507;153.886;153.906;153.896;0;T;True;3
1621244481000;11585510;153.886;153.906;153.896;2;T;True;3
1621244482000;11585512;153.885;153.905;153.895;1;T;True;3
1621244483000;11585513;153.885;153.905;153.895;0;T;True;3
1621244484000;11585514;153.885;153.905;153.895;0;T;True;3
1621244485000;11585515;153.885;153.905;153.895;0;T;True;3
1621244486000;11585516;153.885;153.905;153.895;0;T;True;3
1621244487000;11585517;153.885;153.905;153.895;0;T;True;3
1621244488000;11585519;153.886;153.906;153.896;1;T;True;3
1621244489000;11585520;153.886;153.906;153.896;0;T;True;3
1621244490000;11585523;153.886;153.906;153.896;2;T;True;3
1621244491000;11585524;153.886;153.906;153.896;0;T;True;3
1621244492000;11585525;153.886;153.906;153.896;0;T;True;3
1621244493000;11585531;153.889;153.909;153.899;5;T;True;3
1621244494000;11585533;153.888;153.908;153.898;1;T;True;3
1621244495000;11585534;153.888;153.908;153.898;0;T;True;3
1621244496000;11585535;153.888;153.908;153.898;0;T;True;3
1621244497000;11585536;153.888;153.908;153.898;0;T;True;3
1621244498000;11585539;153.89;153.91;153.9;2;T;True;3
1621244499000;11585540;153.89;153.91;153.9;0;T;True;3
1621244500000;11585541;153.89;153.91;153.9;0;T;True;3
1621244501000;11585542;153.89;153.91;153.9;0;T;True;3
1621244502000;11585544;153.891;153.911;153.901;1;T;True;3
1621244503000;11585548;153.883;153.903;153.893;3;T;True;3
1621244504000;11585550;153.882;153.902;153.892;1;T;True;3
1621244505000;11585554;153.885;153.905;153.895;3;T;True;3
1621244506000;11585555;153.885;153.905;153.895;0;T;True;3
1621244507000;11585556;153.885;153.905;153.895;0;T;True;3
1621244508000;11585558;153.886;153.906;153.896;1;T;True;3
1621244509000;11585559;153.886;153.906;153.896;0;T;True;3
1621244510000;11585561;153.885;153.905;153.895;1;T;True;3
1621244511000;11585562;153.885;153.905;153.895;0;T;True;3
1621244512000;11585563;153.885;153.905;153.895;0;T;True;3
1621244513000;11585564;153.885;153.905;153.895;0;T;True;3
1621244514000;11585568;153.887;153.907;153.897;3;T;True;3
1621244515000;11585569;153.887;153.907;153.897;0;T;True;3
1621244516000;11585571;153.888;153.908;153.898;1;T;True;3
1621244517000;11585573;153.889;153.909;153.899;1;T;True;3
1621244518000;11585575;153.892;153.912;153.902;1;T;True;3
1621244519000;11585578;153.895;153.915;153.905;2;T;True;3
1621244520000;11585580;153.896;153.916;153.906;1;T;True;3
1621244521000;11585581;153.896;153.916;153.906;0;T;True;3
1621244522000;11585583;153.895;153.915;153.905;1;T;True;3
1621244523000;11585585;153.893;153.913;153.903;1;T;True;3
1621244524000;11585586;153.893;153.913;153.903;0;T;True;3
1621244525000;11585588;153.892;153.912;153.902;1;T;True;3
1621244526000;11585589;153.892;153.912;153.902;0;T;True;3
1621244527000;11585590;153.892;153.912;153.902;0;T;True;3
1621244528000;11585592;153.891;153.911;153.901;1;T;True;3
1621244529000;11585593;153.891;153.911;153.901;0;T;True;3
1621244530000;11585595;153.889;153.909;153.899;1;T;True;3
1621244531000;11585597;153.887;153.907;153.897;1;T;True;3
1621244532000;11585598;153.887;153.907;153.897;0;T;True;3
1621244533000;11585599;153.887;153.907;153.897;0;T;True;3
1621244534000;11585601;153.886;153.906;153.896;1;T;True;3
1621244535000;11585602;153.886;153.906;153.896;0;T;True;3
1621244536000;11585604;153.885;153.905;153.895;1;T;True;3
1621244537000;11585605;153.885;153.905;153.895;0;T;True;3
1621244538000;11585607;153.886;153.906;153.896;1;T;True;3
1621244539000;11585608;153.886;153.906;153.896;0;T;True;3
1621244540000;11585609;153.886;153.906;153.896;0;T;True;3
1621244541000;11585610;153.886;153.906;153.896;0;T;True;3
1621244542000;11585611;153.886;153.906;153.896;0;T;True;3
1621244543000;11585614;153.886;153.906;153.896;2;T;True;3
1621244544000;11585618;153.889;153.909;153.899;3;T;True;3
1621244545000;11585619;153.889;153.909;153.899;0;T;True;3
1621244546000;11585621;153.887;153.907;153.897;1;T;True;3
1621244547000;11585623;153.885;153.905;153.895;1;T;True;3
1621244548000;11585627;153.889;153.909;153.899;3;T;True;3
1621244549000;11585630;153.893;153.913;153.903;2;T;True;3
1621244550000;11585631;153.893;153.913;153.903;0;T;True;3
1621244551000;11585632;153.893;153.913;153.903;0;T;True;3
1621244552000;11585633;153.893;153.913;153.903;0;T;True;3
1621244553000;11585636;153.892;153.912;153.902;2;T;True;3
1621244554000;11585638;153.893;153.913;153.903;1;T;True;3
1621244555000;11585639;153.893;153.913;153.903;0;T;True;3
1621244556000;11585640;153.893;153.913;153.903;0;T;True;3
1621244557000;11585642;153.895;153.915;153.905;1;T;True;3
1621244558000;11585643;153.895;153.915;153.905;0;T;True;3
1621244559000;11585647;153.892;153.912;153.902;3;T;True;3
1621244560000;11585649;153.891;153.911;153.901;1;T;True;3
1621244561000;11585650;153.891;153.911;153.901;0;T;True;3
1621244562000;11585651;153.891;153.911;153.901;0;T;True;3
1621244563000;11585652;153.891;153.911;153.901;0;T;True;3
1621244564000;11585653;153.891;153.911;153.901;0;T;True;3
1621244565000;11585655;153.889;153.909;153.899;1;T;True;3
1621244566000;11585656;153.889;153.909;153.899;0;T;True;3
1621244567000;11585657;153.889;153.909;153.899;0;T;True;3
1621244568000;11585658;153.889;153.909;153.899;0;T;True;3
1621244569000;11585660;153.887;153.907;153.897;1;T;True;3
1621244570000;11585661;153.887;153.907;153.897;0;T;True;3
1621244571000;11585662;153.887;153.907;153.897;0;T;True;3
1621244572000;11585663;153.887;153.907;153.897;0;T;True;3
1621244573000;11585664;153.887;153.907;153.897;0;T;True;3
1621244574000;11585665;153.887;153.907;153.897;0;T;True;3
1621244575000;11585666;153.887;153.907;153.897;0;T;True;3
1621244576000;11585667;153.887;153.907;153.897;0;T;True;3
1621244577000;11585668;153.887;153.907;153.897;0;T;True;3
1621244578000;11585669;153.887;153.907;153.897;0;T;True;3
1621244579000;11585670;153.887;153.907;153.897;0;T;True;3
1621244580000;11585671;153.887;153.907;153.897;0;T;True;3
1621244581000;11585672;153.887;153.907;153.897;0;T;True;3
1621244582000;11585673;153.887;153.907;153.897;0;T;True;3
1621244583000;11585677;153.893;153.913;153.903;3;T;True;3
1621244584000;11585678;153.893;153.913;153.903;0;T;True;3
1621244585000;11585679;153.893;153.913;153.903;0;T;True;3
1621244586000;11585683;153.889;153.909;153.899;3;T;True;3
1621244587000;11585685;153.891;153.911;153.901;1;T;True;3
1621244588000;11585686;153.891;153.911;153.901;0;T;True;3
1621244589000;11585689;153.894;153.914;153.904;2;T;True;3
1621244590000;11585691;153.895;153.915;153.905;1;T;True;3
1621244591000;11585693;153.893;153.913;153.903;1;T;True;3
1621244592000;11585694;153.893;153.913;153.903;0;T;True;3
1621244593000;11585695;153.893;153.913;153.903;0;T;True;3
1621244594000;11585696;153.893;153.913;153.903;0;T;True;3
1621244595000;11585700;153.894;153.914;153.904;3;T;True;3
1621244596000;11585701;153.894;153.914;153.904;0;T;True;3
1621244597000;11585702;153.894;153.914;153.904;0;T;True;3
1621244598000;11585703;153.894;153.914;153.904;0;T;True;3
1621244599000;11585707;153.899;153.919;153.909;3;T;True;3
1621244600000;11585710;153.9;153.92;153.91;2;T;True;3
1621244601000;11585715;153.903;153.923;153.913;4;T;True;3
1621244602000;11585716;153.903;153.923;153.913;0;T;True;3
1621244603000;11585717;153.903;153.923;153.913;0;T;True;3
1621244604000;11585718;153.903;153.923;153.913;0;T;True;3
1621244605000;11585720;153.901;153.921;153.911;1;T;True;3
1621244606000;11585722;153.903;153.923;153.913;1;T;True;3
1621244607000;11585725;153.904;153.924;153.914;2;T;True;3
1621244608000;11585726;153.904;153.924;153.914;0;T;True;3
1621244609000;11585727;153.904;153.924;153.914;0;T;True;3
1621244610000;11585728;153.904;153.924;153.914;0;T;True;3
1621244611000;11585729;153.904;153.924;153.914;0;T;True;3
1621244612000;11585731;153.905;153.925;153.915;1;T;True;3
1621244613000;11585733;153.904;153.924;153.914;1;T;True;3
1621244614000;11585735;153.903;153.923;153.913;1;T;True;3
1621244615000;11585739;153.909;153.929;153.919;3;T;True;3
1621244616000;11585742;153.913;153.933;153.923;2;T;True;3
1621244617000;11585743;153.913;153.933;153.923;0;T;True;3
1621244618000;11585745;153.915;153.935;153.925;1;T;True;3
1621244619000;11585747;153.919;153.939;153.929;1;T;True;3
1621244620000;11585748;153.919;153.939;153.929;0;T;True;3
1621244621000;11585749;153.919;153.939;153.929;0;T;True;3
1621244622000;11585750;153.919;153.939;153.929;0;T;True;3
1621244623000;11585751;153.919;153.939;153.929;0;T;True;3
1621244624000;11585752;153.919;153.939;153.929;0;T;True;3
1621244625000;11585753;153.919;153.939;153.929;0;T;True;3
1621244626000;11585754;153.919;153.939;153.929;0;T;True;3
1621244627000;11585755;153.919;153.939;153.929;0;T;True;3
1621244628000;11585756;153.919;153.939;153.929;0;T;True;3
1621244629000;11585757;153.919;153.939;153.929;0;T;True;3
1621244630000;11585758;153.919;153.939;153.929;0;T;True;3
1621244631000;11585759;153.919;153.939;153.929;0;T;True;3
1621244632000;11585760;153.919;153.939;153.929;0;T;True;3
1621244633000;11585761;153.919;153.939;153.929;0;T;True;3
1621244634000;11585764;153.923;153.943;153.933;2;T;True;3
1621244635000;11585765;153.923;153.943;153.933;0;T;True;3
1621244636000;11585766;153.923;153.943;153.933;0;T;True;3
1621244637000;11585768;153.922;153.942;153.932;1;T;True;3
1621244638000;11585770;153.921;153.941;153.931;1;T;True;3
1621244639000;11585771;153.921;153.941;153.931;0;T;True;3
1621244640000;11585772;153.921;153.941;153.931;0;T;True;3
1621244641000;11585773;153.921;153.941;153.931;0;T;True;3
1621244642000;11585774;153.921;153.941;153.931;0;T;True;3
1621244643000;11585775;153.921;153.941;153.931;0;T;True;3
1621244644000;11585776;153.921;153.941;153.931;0;T;True;3
1621244645000;11585777;153.921;153.941;153.931;0;T;True;3
1621244646000;11585778;153.921;153.941;153.931;0;T;True;3
1621244647000;11585779;153.921;153.941;153.931;0;T;True;3
1621244648000;11585780;153.921;153.941;153.931;0;T;True;3
1621244649000;11585781;153.921;153.941;153.931;0;T;True;3
1621244650000;11585782;153.921;153.941;153.931;0;T;True;3
1621244651000;11585783;153.921;153.941;153.931;0;T;True;3
1621244652000;11585784;153.921;153.941;153.931;0;T;True;3
1621244653000;11585785;153.921;153.941;153.931;0;T;True;3
1621244654000;11585786;153.921;153.941;153.931;0;T;True;3
1621244655000;11585787;153.921;153.941;153.931;0;T;True;3
1621244656000;11585788;153.921;153.941;153.931;0;T;True;3
1621244657000;11585789;153.921;153.941;153.931;0;T;True;3
1621244658000;11585790;153.921;153.941;153.931;0;T;True;3
1621244659000;11585791;153.921;153.941;153.931;0;T;True;3
1621244660000;11585793;153.92;153.94;153.93;1;T;True;3
1621244661000;11585794;153.92;153.94;153.93;0;T;True;3
1621244662000;11585795;153.92;153.94;153.93;0;T;True;3
1621244663000;11585796;153.92;153.94;153.93;0;T;True;3
1621244664000;11585798;153.919;153.939;153.929;1;T;True;3
1621244665000;11585799;153.919;153.939;153.929;0;T;True;3
1621244666000;11585800;153.919;153.939;153.929;0;T;True;3
1621244667000;11585801;153.919;153.939;153.929;0;T;True;3
1621244668000;11585802;153.919;153.939;153.929;0;T;True;3
1621244669000;11585803;153.919;153.939;153.929;0;T;True;3
1621244670000;11585804;153.919;153.939;153.929;0;T;True;3
1621244671000;11585805;153.919;153.939;153.929;0;T;True;3
1621244672000;11585810;153.921;153.941;153.931;4;T;True;3
1621244673000;11585811;153.921;153.941;153.931;0;T;True;3
1621244674000;11585812;153.921;153.941;153.931;0;T;True;3
1621244675000;11585813;153.921;153.941;153.931;0;T;True;3
1621244676000;11585814;153.921;153.941;153.931;0;T;True;3
1621244677000;11585815;153.921;153.941;153.931;0;T;True;3
1621244678000;11585816;153.921;153.941;153.931;0;T;True;3
1621244679000;11585817;153.921;153.941;153.931;0;T;True;3
1621244680000;11585818;153.921;153.941;153.931;0;T;True;3
1621244681000;11585822;153.915;153.935;153.925;3;T;True;3
1621244682000;11585823;153.915;153.935;153.925;0;T;True;3
1621244683000;11585824;153.915;153.935;153.925;0;T;True;3
1621244684000;11585825;153.915;153.935;153.925;0;T;True;3
1621244685000;11585827;153.914;153.934;153.924;1;T;True;3
1621244686000;11585828;153.914;153.934;153.924;0;T;True;3
1621244687000;11585829;153.914;153.934;153.924;0;T;True;3
1621244688000;11585830;153.914;153.934;153.924;0;T;True;3
1621244689000;11585832;153.917;153.937;153.927;1;T;True;3
1621244690000;11585833;153.917;153.937;153.927;0;T;True;3
1621244691000;11585834;153.917;153.937;153.927;0;T;True;3
1621244692000;11585835;153.917;153.937;153.927;0;T;True;3
1621244693000;11585836;153.917;153.937;153.927;0;T;True;3
1621244694000;11585837;153.917;153.937;153.927;0;T;True;3
1621244695000;11585838;153.917;153.937;153.927;0;T;True;3
1621244696000;11585841;153.917;153.937;153.927;2;T;True;3
1621244697000;11585842;153.917;153.937;153.927;0;T;True;3
1621244698000;11585843;153.917;153.937;153.927;0;T;True;3
1621244699000;11585844;153.917;153.937;153.927;0;T;True;3
1621244700000;11585845;153.917;153.937;153.927;0;T;True;3
1621244701000;11585846;153.917;153.937;153.927;0;T;True;3
1621244702000;11585849;153.917;153.937;153.927;2;T;True;3
1621244703000;11585852;153.919;153.939;153.929;2;T;True;3
1621244704000;11585856;153.922;153.942;153.932;3;T;True;3
1621244705000;11585858;153.923;153.943;153.933;1;T;True;3
1621244706000;11585865;153.925;153.945;153.935;6;T;True;3
1621244707000;11585866;153.925;153.945;153.935;0;T;True;3
1621244708000;11585868;153.924;153.944;153.934;1;T;True;3
1621244709000;11585869;153.924;153.944;153.934;0;T;True;3
1621244710000;11585870;153.924;153.944;153.934;0;T;True;3
1621244711000;11585871;153.924;153.944;153.934;0;T;True;3
1621244712000;11585873;153.925;153.945;153.935;1;T;True;3
1621244713000;11585874;153.925;153.945;153.935;0;T;True;3
1621244714000;11585875;153.925;153.945;153.935;0;T;True;3
1621244715000;11585876;153.925;153.945;153.935;0;T;True;3
1621244716000;11585877;153.925;153.945;153.935;0;T;True;3
1621244717000;11585878;153.925;153.945;153.935;0;T;True;3
1621244718000;11585879;153.925;153.945;153.935;0;T;True;3
1621244719000;11585880;153.925;153.945;153.935;0;T;True;3
1621244720000;11585881;153.925;153.945;153.935;0;T;True;3
1621244721000;11585882;153.925;153.945;153.935;0;T;True;3
1621244722000;11585883;153.925;153.945;153.935;0;T;True;3
1621244723000;11585886;153.926;153.946;153.936;2;T;True;3
1621244724000;11585888;153.925;153.945;153.935;1;T;True;3
1621244725000;11585889;153.925;153.945;153.935;0;T;True;3
1621244726000;11585890;153.925;153.945;153.935;0;T;True;3
1621244727000;11585892;153.924;153.944;153.934;1;T;True;3
1621244728000;11585893;153.924;153.944;153.934;0;T;True;3
1621244729000;11585894;153.924;153.944;153.934;0;T;True;3
1621244730000;11585895;153.924;153.944;153.934;0;T;True;3
1621244731000;11585896;153.924;153.944;153.934;0;T;True;3
1621244732000;11585897;153.924;153.944;153.934;0;T;True;3
1621244733000;11585902;153.927;153.947;153.937;4;T;True;3
1621244734000;11585904;153.925;153.945;153.935;1;T;True;3
1621244735000;11585905;153.925;153.945;153.935;0;T;True;3
1621244736000;11585907;153.924;153.944;153.934;1;T;True;3
1621244737000;11585908;153.924;153.944;153.934;0;T;True;3
1621244738000;11585909;153.924;153.944;153.934;0;T;True;3
1621244739000;11585910;153.924;153.944;153.934;0;T;True;3
1621244740000;11585911;153.924;153.944;153.934;0;T;True;3
1621244741000;11585912;153.924;153.944;153.934;0;T;True;3
1621244742000;11585913;153.924;153.944;153.934;0;T;True;3
1621244743000;11585917;153.928;153.948;153.938;3;T;True;3
1621244744000;11585921;153.931;153.951;153.941;3;T;True;3
1621244745000;11585922;153.931;153.951;153.941;0;T;True;3
1621244746000;11585923;153.931;153.951;153.941;0;T;True;3
1621244747000;11585926;153.933;153.953;153.943;2;T;True;3
1621244748000;11585930;153.936;153.956;153.946;3;T;True;3
1621244749000;11585931;153.936;153.956;153.946;0;T;True;3
1621244750000;11585932;153.936;153.956;153.946;0;T;True;3
1621244751000;11585933;153.936;153.956;153.946;0;T;True;3
1621244752000;11585934;153.936;153.956;153.946;0;T;True;3
1621244753000;11585936;153.935;153.955;153.945;1;T;True;3
1621244754000;11585937;153.935;153.955;153.945;0;T;True;3
1621244755000;11585938;153.935;153.955;153.945;0;T;True;3
1621244756000;11585939;153.935;153.955;153.945;0;T;True;3
1621244757000;11585943;153.934;153.954;153.944;3;T;True;3
1621244758000;11585944;153.934;153.954;153.944;0;T;True;3
1621244759000;11585945;153.934;153.954;153.944;0;T;True;3
1621244760000;11585946;153.934;153.954;153.944;0;T;True;3
1621244761000;11585948;153.933;153.953;153.943;1;T;True;3
1621244762000;11585949;153.933;153.953;153.943;0;T;True;3
1621244763000;11585950;153.933;153.953;153.943;0;T;True;3
1621244764000;11585951;153.933;153.953;153.943;0;T;True;3
1621244765000;11585952;153.933;153.953;153.943;0;T;True;3
1621244766000;11585953;153.933;153.953;153.943;0;T;True;3
1621244767000;11585954;153.933;153.953;153.943;0;T;True;3
1621244768000;11585955;153.933;153.953;153.943;0;T;True;3
1621244769000;11585958;153.933;153.953;153.943;2;T;True;3
1621244770000;11585959;153.933;153.953;153.943;0;T;True;3
1621244771000;11585960;153.933;153.953;153.943;0;T;True;3
1621244772000;11585961;153.933;153.953;153.943;0;T;True;3
1621244773000;11585964;153.937;153.957;153.947;2;T;True;3
1621244774000;11585967;153.937;153.957;153.947;2;T;True;3
1621244775000;11585975;153.949;153.969;153.959;7;T;True;3
1621244776000;11585977;153.95;153.97;153.96;1;T;True;3
1621244777000;11585980;153.955;153.975;153.965;2;T;True;3
1621244778000;11585981;153.955;153.975;153.965;0;T;True;3
1621244779000;11585984;153.958;153.978;153.968;2;T;True;3
1621244780000;11585985;153.958;153.978;153.968;0;T;True;3
1621244781000;11585990;153.955;153.975;153.965;4;T;True;3
1621244782000;11585992;153.954;153.974;153.964;1;T;True;3
1621244783000;11585993;153.954;153.974;153.964;0;T;True;3
1621244784000;11585994;153.954;153.974;153.964;0;T;True;3
1621244785000;11585995;153.954;153.974;153.964;0;T;True;3
1621244786000;11585997;153.953;153.973;153.963;1;T;True;3
1621244787000;11585998;153.953;153.973;153.963;0;T;True;3
1621244788000;11586004;153.965;153.985;153.975;5;T;True;3
1621244789000;11586007;153.971;153.991;153.981;2;T;True;3
1621244790000;11586010;153.973;153.993;153.983;2;T;True;3
1621244791000;11586013;153.977;153.997;153.987;2;T;True;3
1621244792000;11586015;153.972;153.992;153.982;1;T;True;3
1621244793000;11586022;153.967;153.987;153.977;6;T;True;3
1621244794000;11586023;153.967;153.987;153.977;0;T;True;3
1621244795000;11586025;153.968;153.988;153.978;1;T;True;3
1621244796000;11586026;153.968;153.988;153.978;0;T;True;3
1621244797000;11586027;153.968;153.988;153.978;0;T;True;3
1621244798000;11586029;153.969;153.989;153.979;1;T;True;3
1621244799000;11586030;153.969;153.989;153.979;0;T;True;3
1621244800000;11586031;153.969;153.989;153.979;0;T;True;3
1621244801000;11586032;153.969;153.989;153.979;0;T;True;3
1621244802000;11586033;153.969;153.989;153.979;0;T;True;3
1621244803000;11586034;153.969;153.989;153.979;0;T;True;3
1621244804000;11586035;153.969;153.989;153.979;0;T;True;3
1621244805000;11586039;153.961;153.981;153.971;3;T;True;3
1621244806000;11586040;153.961;153.981;153.971;0;T;True;3
1621244807000;11586041;153.961;153.981;153.971;0;T;True;3
1621244808000;11586042;153.961;153.981;153.971;0;T;True;3
1621244809000;11586043;153.961;153.981;153.971;0;T;True;3
1621244810000;11586044;153.961;153.981;153.971;0;T;True;3
1621244811000;11586045;153.961;153.981;153.971;0;T;True;3
1621244812000;11586046;153.961;153.981;153.971;0;T;True;3
1621244813000;11586047;153.961;153.981;153.971;0;T;True;3
1621244814000;11586048;153.961;153.981;153.971;0;T;True;3
1621244815000;11586049;153.961;153.981;153.971;0;T;True;3
1621244816000;11586055;153.975;153.995;153.985;5;T;True;3
1621244817000;11586056;153.975;153.995;153.985;0;T;True;3
1621244818000;11586057;153.975;153.995;153.985;0;T;True;3
1621244819000;11586059;153.974;153.994;153.984;1;T;True;3
1621244820000;11586060;153.974;153.994;153.984;0;T;True;3
1621244821000;11586063;153.977;153.997;153.987;2;T;True;3
1621244822000;11586065;153.973;153.993;153.983;1;T;True;3
1621244823000;11586072;153.971;153.991;153.981;6;T;True;3
1621244824000;11586073;153.971;153.991;153.981;0;T;True;3
1621244825000;11586074;153.971;153.991;153.981;0;T;True;3
1621244826000;11586075;153.971;153.991;153.981;0;T;True;3
1621244827000;11586082;153.959;153.979;153.969;6;T;True;3
1621244828000;11586083;153.959;153.979;153.969;0;T;True;3
1621244829000;11586084;153.959;153.979;153.969;0;T;True;3
1621244830000;11586085;153.959;153.979;153.969;0;T;True;3
1621244831000;11586095;153.947;153.967;153.957;9;T;True;3
1621244832000;11586099;153.95;153.97;153.96;3;T;True;3
1621244833000;11586101;153.951;153.971;153.961;1;T;True;3
1621244834000;11586105;153.949;153.969;153.959;3;T;True;3
1621244835000;11586106;153.949;153.969;153.959;0;T;True;3
1621244836000;11586109;153.949;153.969;153.959;2;T;True;3
1621244837000;11586110;153.949;153.969;153.959;0;T;True;3
1621244838000;11586114;153.95;153.97;153.96;3;T;True;3
1621244839000;11586116;153.949;153.969;153.959;1;T;True;3
1621244840000;11586119;153.948;153.968;153.958;2;T;True;3
1621244841000;11586120;153.948;153.968;153.958;0;T;True;3
1621244842000;11586122;153.945;153.965;153.955;1;T;True;3
1621244843000;11586127;153.941;153.961;153.951;4;T;True;3
1621244844000;11586130;153.937;153.957;153.947;2;T;True;3
1621244845000;11586131;153.937;153.957;153.947;0;T;True;3
1621244846000;11586133;153.933;153.953;153.943;1;T;True;3
1621244847000;11586135;153.934;153.954;153.944;1;T;True;3
1621244848000;11586141;153.945;153.965;153.955;5;T;True;3
1621244849000;11586142;153.945;153.965;153.955;0;T;True;3
1621244850000;11586144;153.946;153.966;153.956;1;T;True;3
1621244851000;11586149;153.945;153.965;153.955;4;T;True;3
1621244852000;11586150;153.945;153.965;153.955;0;T;True;3
1621244853000;11586158;153.932;153.952;153.942;7;T;True;3
1621244854000;11586159;153.932;153.952;153.942;0;T;True;3
1621244855000;11586160;153.932;153.952;153.942;0;T;True;3
1621244856000;11586163;153.937;153.957;153.947;2;T;True;3
1621244857000;11586170;153.945;153.965;153.955;6;T;True;3
1621244858000;11586171;153.945;153.965;153.955;0;T;True;3
1621244859000;11586175;153.944;153.964;153.954;3;T;True;3
1621244860000;11586179;153.947;153.967;153.957;3;T;True;3
1621244861000;11586181;153.946;153.966;153.956;1;T;True;3
1621244862000;11586183;153.944;153.964;153.954;1;T;True;3
1621244863000;11586187;153.938;153.958;153.948;3;T;True;3
1621244864000;11586193;153.929;153.949;153.939;5;T;True;3
1621244865000;11586195;153.93;153.95;153.94;1;T;True;3
1621244866000;11586196;153.93;153.95;153.94;0;T;True;3
1621244867000;11586198;153.929;153.949;153.939;1;T;True;3
1621244868000;11586202;153.933;153.953;153.943;3;T;True;3
1621244869000;11586204;153.935;153.955;153.945;1;T;True;3
1621244870000;11586207;153.938;153.958;153.948;2;T;True;3
1621244871000;11586209;153.939;153.959;153.949;1;T;True;3
1621244872000;11586211;153.941;153.961;153.951;1;T;True;3
1621244873000;11586212;153.941;153.961;153.951;0;T;True;3
1621244874000;11586214;153.939;153.959;153.949;1;T;True;3
1621244875000;11586215;153.939;153.959;153.949;0;T;True;3
1621244876000;11586216;153.939;153.959;153.949;0;T;True;3
1621244877000;11586217;153.939;153.959;153.949;0;T;True;3
1621244878000;11586219;153.937;153.957;153.947;1;T;True;3
1621244879000;11586225;153.949;153.969;153.959;5;T;True;3
1621244880000;11586226;153.949;153.969;153.959;0;T;True;3
1621244881000;11586227;153.949;153.969;153.959;0;T;True;3
1621244882000;11586229;153.945;153.965;153.955;1;T;True;3
1621244883000;11586232;153.939;153.959;153.949;2;T;True;3
1621244884000;11586233;153.939;153.959;153.949;0;T;True;3
1621244885000;11586234;153.939;153.959;153.949;0;T;True;3
1621244886000;11586237;153.934;153.954;153.944;2;T;True;3
1621244887000;11586238;153.934;153.954;153.944;0;T;True;3
1621244888000;11586242;153.946;153.966;153.956;3;T;True;3
1621244889000;11586246;153.95;153.97;153.96;3;T;True;3
1621244890000;11586248;153.949;153.969;153.959;1;T;True;3
1621244891000;11586249;153.949;153.969;153.959;0;T;True;3
1621244892000;11586250;153.949;153.969;153.959;0;T;True;3
1621244893000;11586251;153.949;153.969;153.959;0;T;True;3
1621244894000;11586253;153.947;153.967;153.957;1;T;True;3
1621244895000;11586258;153.944;153.964;153.954;4;T;True;3
1621244896000;11586259;153.944;153.964;153.954;0;T;True;3
1621244897000;11586261;153.945;153.965;153.955;1;T;True;3
1621244898000;11586262;153.945;153.965;153.955;0;T;True;3
1621244899000;11586264;153.947;153.967;153.957;1;T;True;3
1621244900000;11586266;153.948;153.968;153.958;1;T;True;3
1621244901000;11586268;153.949;153.969;153.959;1;T;True;3
1621244902000;11586269;153.949;153.969;153.959;0;T;True;3
1621244903000;11586270;153.949;153.969;153.959;0;T;True;3
1621244904000;11586272;153.948;153.968;153.958;1;T;True;3
1621244905000;11586273;153.948;153.968;153.958;0;T;True;3
1621244906000;11586276;153.944;153.964;153.954;2;T;True;3
1621244907000;11586278;153.943;153.963;153.953;1;T;True;3
1621244908000;11586279;153.943;153.963;153.953;0;T;True;3
1621244909000;11586281;153.941;153.961;153.951;1;T;True;3
1621244910000;11586282;153.941;153.961;153.951;0;T;True;3
1621244911000;11586289;153.944;153.964;153.954;6;T;True;3
1621244912000;11586291;153.943;153.963;153.953;1;T;True;3
1621244913000;11586292;153.943;153.963;153.953;0;T;True;3
1621244914000;11586295;153.939;153.959;153.949;2;T;True;3
1621244915000;11586298;153.935;153.955;153.945;2;T;True;3
1621244916000;11586300;153.932;153.952;153.942;1;T;True;3
1621244917000;11586301;153.932;153.952;153.942;0;T;True;3
1621244918000;11586303;153.933;153.953;153.943;1;T;True;3
1621244919000;11586304;153.933;153.953;153.943;0;T;True;3
1621244920000;11586305;153.933;153.953;153.943;0;T;True;3
1621244921000;11586306;153.933;153.953;153.943;0;T;True;3
1621244922000;11586307;153.933;153.953;153.943;0;T;True;3
1621244923000;11586308;153.933;153.953;153.943;0;T;True;3
1621244924000;11586309;153.933;153.953;153.943;0;T;True;3
1621244925000;11586314;153.935;153.955;153.945;4;T;True;3
1621244926000;11586315;153.935;153.955;153.945;0;T;True;3
1621244927000;11586316;153.935;153.955;153.945;0;T;True;3
1621244928000;11586318;153.934;153.954;153.944;1;T;True;3
1621244929000;11586319;153.934;153.954;153.944;0;T;True;3
1621244930000;11586320;153.934;153.954;153.944;0;T;True;3
1621244931000;11586321;153.934;153.954;153.944;0;T;True;3
1621244932000;11586322;153.934;153.954;153.944;0;T;True;3
1621244933000;11586324;153.933;153.953;153.943;1;T;True;3
1621244934000;11586326;153.931;153.951;153.941;1;T;True;3
1621244935000;11586329;153.935;153.955;153.945;2;T;True;3
1621244936000;11586330;153.935;153.955;153.945;0;T;True;3
1621244937000;11586331;153.935;153.955;153.945;0;T;True;3
1621244938000;11586332;153.935;153.955;153.945;0;T;True;3
1621244939000;11586333;153.935;153.955;153.945;0;T;True;3
1621244940000;11586334;153.935;153.955;153.945;0;T;True;3
1621244941000;11586335;153.935;153.955;153.945;0;T;True;3
1621244942000;11586336;153.935;153.955;153.945;0;T;True;3
1621244943000;11586337;153.935;153.955;153.945;0;T;True;3
1621244944000;11586339;153.933;153.953;153.943;1;T;True;3
1621244945000;11586340;153.933;153.953;153.943;0;T;True;3
1621244946000;11586341;153.933;153.953;153.943;0;T;True;3
1621244947000;11586343;153.934;153.954;153.944;1;T;True;3
1621244948000;11586344;153.934;153.954;153.944;0;T;True;3
1621244949000;11586346;153.935;153.955;153.945;1;T;True;3
1621244950000;11586347;153.935;153.955;153.945;0;T;True;3
1621244951000;11586353;153.935;153.955;153.945;5;T;True;3
1621244952000;11586354;153.935;153.955;153.945;0;T;True;3
1621244953000;11586355;153.935;153.955;153.945;0;T;True;3
1621244954000;11586356;153.935;153.955;153.945;0;T;True;3
1621244955000;11586357;153.935;153.955;153.945;0;T;True;3
1621244956000;11586359;153.936;153.956;153.946;1;T;True;3
1621244957000;11586360;153.936;153.956;153.946;0;T;True;3
1621244958000;11586361;153.936;153.956;153.946;0;T;True;3
1621244959000;11586364;153.943;153.963;153.953;2;T;True;3
1621244960000;11586365;153.943;153.963;153.953;0;T;True;3
1621244961000;11586366;153.943;153.963;153.953;0;T;True;3
1621244962000;11586367;153.943;153.963;153.953;0;T;True;3
1621244963000;11586370;153.94;153.96;153.95;2;T;True;3
1621244964000;11586371;153.94;153.96;153.95;0;T;True;3
1621244965000;11586372;153.94;153.96;153.95;0;T;True;3
1621244966000;11586373;153.94;153.96;153.95;0;T;True;3
1621244967000;11586374;153.94;153.96;153.95;0;T;True;3
1621244968000;11586375;153.94;153.96;153.95;0;T;True;3
1621244969000;11586376;153.94;153.96;153.95;0;T;True;3
1621244970000;11586377;153.94;153.96;153.95;0;T;True;3
1621244971000;11586378;153.94;153.96;153.95;0;T;True;3
1621244972000;11586379;153.94;153.96;153.95;0;T;True;3
1621244973000;11586380;153.94;153.96;153.95;0;T;True;3
1621244974000;11586381;153.94;153.96;153.95;0;T;True;3
1621244975000;11586382;153.94;153.96;153.95;0;T;True;3
1621244976000;11586383;153.94;153.96;153.95;0;T;True;3
1621244977000;11586384;153.94;153.96;153.95;0;T;True;3
1621244978000;11586385;153.94;153.96;153.95;0;T;True;3
1621244979000;11586389;153.944;153.964;153.954;3;T;True;3
1621244980000;11586390;153.944;153.964;153.954;0;T;True;3
1621244981000;11586392;153.945;153.965;153.955;1;T;True;3
1621244982000;11586394;153.949;153.969;153.959;1;T;True;3
1621244983000;11586395;153.949;153.969;153.959;0;T;True;3
1621244984000;11586396;153.949;153.969;153.959;0;T;True;3
1621244985000;11586397;153.949;153.969;153.959;0;T;True;3
1621244986000;11586398;153.949;153.969;153.959;0;T;True;3
1621244987000;11586399;153.949;153.969;153.959;0;T;True;3
1621244988000;11586400;153.949;153.969;153.959;0;T;True;3
1621244989000;11586401;153.949;153.969;153.959;0;T;True;3
1621244990000;11586402;153.949;153.969;153.959;0;T;True;3
1621244991000;11586403;153.949;153.969;153.959;0;T;True;3
1621244992000;11586406;153.951;153.971;153.961;2;T;True;3
1621244993000;11586407;153.951;153.971;153.961;0;T;True;3
1621244994000;11586408;153.951;153.971;153.961;0;T;True;3
1621244995000;11586409;153.951;153.971;153.961;0;T;True;3
1621244996000;11586410;153.951;153.971;153.961;0;T;True;3
1621244997000;11586411;153.951;153.971;153.961;0;T;True;3
1621244998000;11586413;153.953;153.973;153.963;1;T;True;3
1621244999000;11586415;153.955;153.975;153.965;1;T;True;3
1621245000000;11586416;153.955;153.975;153.965;0;T;True;3
1621245001000;11586417;153.955;153.975;153.965;0;T;True;3
1621245002000;11586419;153.954;153.974;153.964;1;T;True;3
1621245003000;11586420;153.954;153.974;153.964;0;T;True;3
1621245004000;11586422;153.955;153.975;153.965;1;T;True;3
1621245005000;11586423;153.955;153.975;153.965;0;T;True;3
1621245006000;11586424;153.955;153.975;153.965;0;T;True;3
1621245007000;11586426;153.957;153.977;153.967;1;T;True;3
1621245008000;11586427;153.957;153.977;153.967;0;T;True;3
1621245009000;11586428;153.957;153.977;153.967;0;T;True;3
1621245010000;11586430;153.959;153.979;153.969;1;T;True;3
1621245011000;11586431;153.959;153.979;153.969;0;T;True;3
1621245012000;11586432;153.959;153.979;153.969;0;T;True;3
1621245013000;11586433;153.959;153.979;153.969;0;T;True;3
1621245014000;11586434;153.959;153.979;153.969;0;T;True;3
1621245015000;11586436;153.956;153.976;153.966;1;T;True;3
1621245016000;11586438;153.957;153.977;153.967;1;T;True;3
1621245017000;11586439;153.957;153.977;153.967;0;T;True;3
1621245018000;11586440;153.957;153.977;153.967;0;T;True;3
1621245019000;11586441;153.957;153.977;153.967;0;T;True;3
1621245020000;11586443;153.962;153.982;153.972;1;T;True;3
1621245021000;11586445;153.964;153.984;153.974;1;T;True;3
1621245022000;11586446;153.964;153.984;153.974;0;T;True;3
1621245023000;11586447;153.964;153.984;153.974;0;T;True;3
1621245024000;11586451;153.965;153.985;153.975;3;T;True;3
1621245025000;11586452;153.965;153.985;153.975;0;T;True;3
1621245026000;11586453;153.965;153.985;153.975;0;T;True;3
1621245027000;11586454;153.965;153.985;153.975;0;T;True;3
1621245028000;11586455;153.965;153.985;153.975;0;T;True;3
1621245029000;11586461;153.957;153.977;153.967;5;T;True;3
1621245030000;11586462;153.957;153.977;153.967;0;T;True;3
1621245031000;11586465;153.961;153.981;153.971;2;T;True;3
1621245032000;11586467;153.959;153.979;153.969;1;T;True;3
1621245033000;11586469;153.957;153.977;153.967;1;T;True;3
1621245034000;11586470;153.957;153.977;153.967;0;T;True;3
1621245035000;11586471;153.957;153.977;153.967;0;T;True;3
1621245036000;11586475;153.955;153.975;153.965;3;T;True;3
1621245037000;11586478;153.958;153.978;153.968;2;T;True;3
1621245038000;11586479;153.958;153.978;153.968;0;T;True;3
1621245039000;11586481;153.959;153.979;153.969;1;T;True;3
1621245040000;11586482;153.959;153.979;153.969;0;T;True;3
1621245041000;11586483;153.959;153.979;153.969;0;T;True;3
1621245042000;11586485;153.96;153.98;153.97;1;T;True;3
1621245043000;11586487;153.962;153.982;153.972;1;T;True;3
1621245044000;11586488;153.962;153.982;153.972;0;T;True;3
1621245045000;11586493;153.953;153.973;153.963;4;T;True;3
1621245046000;11586494;153.953;153.973;153.963;0;T;True;3
1621245047000;11586496;153.955;153.975;153.965;1;T;True;3
1621245048000;11586497;153.955;153.975;153.965;0;T;True;3
1621245049000;11586499;153.953;153.973;153.963;1;T;True;3
1621245050000;11586502;153.951;153.971;153.961;2;T;True;3
1621245051000;11586503;153.951;153.971;153.961;0;T;True;3
1621245052000;11586504;153.951;153.971;153.961;0;T;True;3
1621245053000;11586505;153.951;153.971;153.961;0;T;True;3
1621245054000;11586509;153.948;153.968;153.958;3;T;True;3
1621245055000;11586510;153.948;153.968;153.958;0;T;True;3
1621245056000;11586511;153.948;153.968;153.958;0;T;True;3
1621245057000;11586514;153.951;153.971;153.961;2;T;True;3
1621245058000;11586516;153.953;153.973;153.963;1;T;True;3
1621245059000;11586518;153.955;153.975;153.965;1;T;True;3
1621245060000;11586519;153.955;153.975;153.965;0;T;True;3
1621245061000;11586520;153.955;153.975;153.965;0;T;True;3
1621245062000;11586521;153.955;153.975;153.965;0;T;True;3
1621245063000;11586526;153.953;153.973;153.963;4;T;True;3
1621245064000;11586527;153.953;153.973;153.963;0;T;True;3
1621245065000;11586528;153.953;153.973;153.963;0;T;True;3
1621245066000;11586529;153.953;153.973;153.963;0;T;True;3
1621245067000;11586530;153.953;153.973;153.963;0;T;True;3
1621245068000;11586532;153.952;153.972;153.962;1;T;True;3
1621245069000;11586533;153.952;153.972;153.962;0;T;True;3
1621245070000;11586534;153.952;153.972;153.962;0;T;True;3
1621245071000;11586536;153.953;153.973;153.963;1;T;True;3
1621245072000;11586541;153.947;153.967;153.957;4;T;True;3
1621245073000;11586544;153.945;153.965;153.955;2;T;True;3
1621245074000;11586547;153.945;153.965;153.955;2;T;True;3
1621245075000;11586548;153.945;153.965;153.955;0;T;True;3
1621245076000;11586549;153.945;153.965;153.955;0;T;True;3
1621245077000;11586551;153.944;153.964;153.954;1;T;True;3
1621245078000;11586554;153.944;153.964;153.954;2;T;True;3
1621245079000;11586555;153.944;153.964;153.954;0;T;True;3
1621245080000;11586559;153.939;153.959;153.949;3;T;True;3
1621245081000;11586562;153.935;153.955;153.945;2;T;True;3
1621245082000;11586566;153.931;153.951;153.941;3;T;True;3
1621245083000;11586567;153.931;153.951;153.941;0;T;True;3
1621245084000;11586568;153.931;153.951;153.941;0;T;True;3
1621245085000;11586570;153.932;153.952;153.942;1;T;True;3
1621245086000;11586572;153.933;153.953;153.943;1;T;True;3
1621245087000;11586574;153.934;153.954;153.944;1;T;True;3
1621245088000;11586577;153.937;153.957;153.947;2;T;True;3
1621245089000;11586578;153.937;153.957;153.947;0;T;True;3
1621245090000;11586579;153.937;153.957;153.947;0;T;True;3
1621245091000;11586582;153.942;153.962;153.952;2;T;True;3
1621245092000;11586583;153.942;153.962;153.952;0;T;True;3
1621245093000;11586584;153.942;153.962;153.952;0;T;True;3
1621245094000;11586585;153.942;153.962;153.952;0;T;True;3
1621245095000;11586586;153.942;153.962;153.952;0;T;True;3
1621245096000;11586587;153.942;153.962;153.952;0;T;True;3
1621245097000;11586588;153.942;153.962;153.952;0;T;True;3
1621245098000;11586589;153.942;153.962;153.952;0;T;True;3
1621245099000;11586590;153.942;153.962;153.952;0;T;True;3
1621245100000;11586591;153.942;153.962;153.952;0;T;True;3
1621245101000;11586592;153.942;153.962;153.952;0;T;True;3
1621245102000;11586593;153.942;153.962;153.952;0;T;True;3
1621245103000;11586594;153.942;153.962;153.952;0;T;True;3
1621245104000;11586595;153.942;153.962;153.952;0;T;True;3
1621245105000;11586597;153.943;153.963;153.953;1;T;True;3
1621245106000;11586598;153.943;153.963;153.953;0;T;True;3
1621245107000;11586599;153.943;153.963;153.953;0;T;True;3
1621245108000;11586600;153.943;153.963;153.953;0;T;True;3
1621245109000;11586601;153.943;153.963;153.953;0;T;True;3
1621245110000;11586602;153.943;153.963;153.953;0;T;True;3
1621245111000;11586603;153.943;153.963;153.953;0;T;True;3
1621245112000;11586605;153.942;153.962;153.952;1;T;True;3
1621245113000;11586607;153.939;153.959;153.949;1;T;True;3
1621245114000;11586608;153.939;153.959;153.949;0;T;True;3
1621245115000;11586609;153.939;153.959;153.949;0;T;True;3
1621245116000;11586610;153.939;153.959;153.949;0;T;True;3
1621245117000;11586612;153.94;153.96;153.95;1;T;True;3
1621245118000;11586614;153.939;153.959;153.949;1;T;True;3
1621245119000;11586615;153.939;153.959;153.949;0;T;True;3
1621245120000;11586616;153.939;153.959;153.949;0;T;True;3
1621245121000;11586622;153.929;153.949;153.939;5;T;True;3
1621245122000;11586623;153.929;153.949;153.939;0;T;True;3
1621245123000;11586625;153.931;153.951;153.941;1;T;True;3
1621245124000;11586626;153.931;153.951;153.941;0;T;True;3
1621245125000;11586627;153.931;153.951;153.941;0;T;True;3
1621245126000;11586629;153.927;153.947;153.937;1;T;True;3
1621245127000;11586630;153.927;153.947;153.937;0;T;True;3
1621245128000;11586632;153.929;153.949;153.939;1;T;True;3
1621245129000;11586634;153.931;153.951;153.941;1;T;True;3
1621245130000;11586635;153.931;153.951;153.941;0;T;True;3
1621245131000;11586636;153.931;153.951;153.941;0;T;True;3
1621245132000;11586637;153.931;153.951;153.941;0;T;True;3
1621245133000;11586640;153.934;153.954;153.944;2;T;True;3
1621245134000;11586641;153.934;153.954;153.944;0;T;True;3
1621245135000;11586642;153.934;153.954;153.944;0;T;True;3
1621245136000;11586645;153.943;153.963;153.953;2;T;True;3
1621245137000;11586646;153.943;153.963;153.953;0;T;True;3
1621245138000;11586647;153.943;153.963;153.953;0;T;True;3
1621245139000;11586648;153.943;153.963;153.953;0;T;True;3
1621245140000;11586649;153.943;153.963;153.953;0;T;True;3
1621245141000;11586653;153.945;153.965;153.955;3;T;True;3
1621245142000;11586654;153.945;153.965;153.955;0;T;True;3
1621245143000;11586655;153.945;153.965;153.955;0;T;True;3
1621245144000;11586660;153.947;153.967;153.957;4;T;True;3
1621245145000;11586662;153.948;153.968;153.958;1;T;True;3
1621245146000;11586665;153.945;153.965;153.955;2;T;True;3
1621245147000;11586666;153.945;153.965;153.955;0;T;True;3
1621245148000;11586667;153.945;153.965;153.955;0;T;True;3
1621245149000;11586668;153.945;153.965;153.955;0;T;True;3
1621245150000;11586669;153.945;153.965;153.955;0;T;True;3
1621245151000;11586671;153.944;153.964;153.954;1;T;True;3
1621245152000;11586676;153.951;153.971;153.961;4;T;True;3
1621245153000;11586677;153.951;153.971;153.961;0;T;True;3
1621245154000;11586678;153.951;153.971;153.961;0;T;True;3
1621245155000;11586679;153.951;153.971;153.961;0;T;True;3
1621245156000;11586680;153.951;153.971;153.961;0;T;True;3
1621245157000;11586681;153.951;153.971;153.961;0;T;True;3
1621245158000;11586682;153.951;153.971;153.961;0;T;True;3
1621245159000;11586684;153.953;153.973;153.963;1;T;True;3
1621245160000;11586685;153.953;153.973;153.963;0;T;True;3
1621245161000;11586686;153.953;153.973;153.963;0;T;True;3
1621245162000;11586688;153.957;153.977;153.967;1;T;True;3
1621245163000;11586689;153.957;153.977;153.967;0;T;True;3
1621245164000;11586690;153.957;153.977;153.967;0;T;True;3
1621245165000;11586691;153.957;153.977;153.967;0;T;True;3
1621245166000;11586693;153.959;153.979;153.969;1;T;True;3
1621245167000;11586694;153.959;153.979;153.969;0;T;True;3
1621245168000;11586695;153.959;153.979;153.969;0;T;True;3
1621245169000;11586700;153.969;153.989;153.979;4;T;True;3
1621245170000;11586705;153.977;153.997;153.987;4;T;True;3
1621245171000;11586706;153.977;153.997;153.987;0;T;True;3
1621245172000;11586707;153.977;153.997;153.987;0;T;True;3
1621245173000;11586711;153.985;154.005;153.995;3;T;True;3
1621245174000;11586713;153.981;154.001;153.991;1;T;True;3
1621245175000;11586716;153.975;153.995;153.985;2;T;True;3
1621245176000;11586719;153.976;153.996;153.986;2;T;True;3
1621245177000;11586725;153.975;153.995;153.985;5;T;True;3
1621245178000;11586731;153.972;153.992;153.982;5;T;True;3
1621245179000;11586735;153.969;153.989;153.979;3;T;True;3
1621245180000;11586738;153.97;153.99;153.98;2;T;True;3
1621245181000;11586741;153.97;153.99;153.98;2;T;True;3
1621245182000;11586743;153.967;153.987;153.977;1;T;True;3
1621245183000;11586744;153.967;153.987;153.977;0;T;True;3
1621245184000;11586747;153.97;153.99;153.98;2;T;True;3
1621245185000;11586751;153.971;153.991;153.981;3;T;True;3
1621245186000;11586752;153.971;153.991;153.981;0;T;True;3
1621245187000;11586757;153.967;153.987;153.977;4;T;True;3
1621245188000;11586759;153.966;153.986;153.976;1;T;True;3
1621245189000;11586760;153.966;153.986;153.976;0;T;True;3
1621245190000;11586761;153.966;153.986;153.976;0;T;True;3
1621245191000;11586763;153.967;153.987;153.977;1;T;True;3
1621245192000;11586765;153.965;153.985;153.975;1;T;True;3
1621245193000;11586768;153.96;153.98;153.97;2;T;True;3
1621245194000;11586771;153.963;153.983;153.973;2;T;True;3
1621245195000;11586773;153.961;153.981;153.971;1;T;True;3
1621245196000;11586774;153.961;153.981;153.971;0;T;True;3
1621245197000;11586776;153.96;153.98;153.97;1;T;True;3
1621245198000;11586778;153.961;153.981;153.971;1;T;True;3
1621245199000;11586780;153.96;153.98;153.97;1;T;True;3
1621245200000;11586782;153.959;153.979;153.969;1;T;True;3
1621245201000;11586783;153.959;153.979;153.969;0;T;True;3
1621245202000;11586784;153.959;153.979;153.969;0;T;True;3
1621245203000;11586786;153.962;153.982;153.972;1;T;True;3
1621245204000;11586787;153.962;153.982;153.972;0;T;True;3
1621245205000;11586789;153.961;153.981;153.971;1;T;True;3
1621245206000;11586790;153.961;153.981;153.971;0;T;True;3
1621245207000;11586791;153.961;153.981;153.971;0;T;True;3
1621245208000;11586792;153.961;153.981;153.971;0;T;True;3
1621245209000;11586793;153.961;153.981;153.971;0;T;True;3
1621245210000;11586794;153.961;153.981;153.971;0;T;True;3
1621245211000;11586795;153.961;153.981;153.971;0;T;True;3
1621245212000;11586796;153.961;153.981;153.971;0;T;True;3
1621245213000;11586797;153.961;153.981;153.971;0;T;True;3
1621245214000;11586800;153.957;153.977;153.967;2;T;True;3
1621245215000;11586801;153.957;153.977;153.967;0;T;True;3
1621245216000;11586802;153.957;153.977;153.967;0;T;True;3
1621245217000;11586803;153.957;153.977;153.967;0;T;True;3
1621245218000;11586804;153.957;153.977;153.967;0;T;True;3
1621245219000;11586805;153.957;153.977;153.967;0;T;True;3
1621245220000;11586806;153.957;153.977;153.967;0;T;True;3
1621245221000;11586807;153.957;153.977;153.967;0;T;True;3
1621245222000;11586808;153.957;153.977;153.967;0;T;True;3
1621245223000;11586810;153.955;153.975;153.965;1;T;True;3
1621245224000;11586811;153.955;153.975;153.965;0;T;True;3
1621245225000;11586812;153.955;153.975;153.965;0;T;True;3
1621245226000;11586813;153.955;153.975;153.965;0;T;True;3
1621245227000;11586817;153.961;153.981;153.971;3;T;True;3
1621245228000;11586823;153.947;153.967;153.957;5;T;True;3
1621245229000;11586824;153.947;153.967;153.957;0;T;True;3
1621245230000;11586825;153.947;153.967;153.957;0;T;True;3
1621245231000;11586826;153.947;153.967;153.957;0;T;True;3
1621245232000;11586827;153.947;153.967;153.957;0;T;True;3
1621245233000;11586829;153.948;153.968;153.958;1;T;True;3
1621245234000;11586831;153.947;153.967;153.957;1;T;True;3
1621245235000;11586832;153.947;153.967;153.957;0;T;True;3
1621245236000;11586833;153.947;153.967;153.957;0;T;True;3
1621245237000;11586835;153.945;153.965;153.955;1;T;True;3
1621245238000;11586836;153.945;153.965;153.955;0;T;True;3
1621245239000;11586838;153.946;153.966;153.956;1;T;True;3
1621245240000;11586839;153.946;153.966;153.956;0;T;True;3
1621245241000;11586841;153.947;153.967;153.957;1;T;True;3
1621245242000;11586842;153.947;153.967;153.957;0;T;True;3
1621245243000;11586843;153.947;153.967;153.957;0;T;True;3
1621245244000;11586844;153.947;153.967;153.957;0;T;True;3
1621245245000;11586845;153.947;153.967;153.957;0;T;True;3
1621245246000;11586850;153.947;153.967;153.957;4;T;True;3
1621245247000;11586851;153.947;153.967;153.957;0;T;True;3
1621245248000;11586854;153.944;153.964;153.954;2;T;True;3
1621245249000;11586855;153.944;153.964;153.954;0;T;True;3
1621245250000;11586856;153.944;153.964;153.954;0;T;True;3
1621245251000;11586859;153.942;153.962;153.952;2;T;True;3
1621245252000;11586861;153.943;153.963;153.953;1;T;True;3
1621245253000;11586865;153.951;153.971;153.961;3;T;True;3
1621245254000;11586866;153.951;153.971;153.961;0;T;True;3
1621245255000;11586867;153.951;153.971;153.961;0;T;True;3
1621245256000;11586868;153.951;153.971;153.961;0;T;True;3
1621245257000;11586869;153.951;153.971;153.961;0;T;True;3
1621245258000;11586874;153.959;153.979;153.969;4;T;True;3
1621245259000;11586875;153.959;153.979;153.969;0;T;True;3
1621245260000;11586879;153.961;153.981;153.971;3;T;True;3
1621245261000;11586880;153.961;153.981;153.971;0;T;True;3
1621245262000;11586881;153.961;153.981;153.971;0;T;True;3
1621245263000;11586882;153.961;153.981;153.971;0;T;True;3
1621245264000;11586885;153.965;153.985;153.975;2;T;True;3
1621245265000;11586888;153.965;153.985;153.975;2;T;True;3
1621245266000;11586891;153.969;153.989;153.979;2;T;True;3
1621245267000;11586892;153.969;153.989;153.979;0;T;True;3
1621245268000;11586893;153.969;153.989;153.979;0;T;True;3
1621245269000;11586894;153.969;153.989;153.979;0;T;True;3
1621245270000;11586896;153.971;153.991;153.981;1;T;True;3
1621245271000;11586900;153.969;153.989;153.979;3;T;True;3
1621245272000;11586901;153.969;153.989;153.979;0;T;True;3
1621245273000;11586905;153.973;153.993;153.983;3;T;True;3
1621245274000;11586906;153.973;153.993;153.983;0;T;True;3
1621245275000;11586907;153.973;153.993;153.983;0;T;True;3
1621245276000;11586908;153.973;153.993;153.983;0;T;True;3
1621245277000;11586912;153.977;153.997;153.987;3;T;True;3
1621245278000;11586913;153.977;153.997;153.987;0;T;True;3
1621245279000;11586915;153.975;153.995;153.985;1;T;True;3
1621245280000;11586917;153.977;153.997;153.987;1;T;True;3
1621245281000;11586918;153.977;153.997;153.987;0;T;True;3
1621245282000;11586919;153.977;153.997;153.987;0;T;True;3
1621245283000;11586921;153.976;153.996;153.986;1;T;True;3
1621245284000;11586922;153.976;153.996;153.986;0;T;True;3
1621245285000;11586923;153.976;153.996;153.986;0;T;True;3
1621245286000;11586924;153.976;153.996;153.986;0;T;True;3
1621245287000;11586925;153.976;153.996;153.986;0;T;True;3
1621245288000;11586926;153.976;153.996;153.986;0;T;True;3
1621245289000;11586930;153.965;153.985;153.975;3;T;True;3
1621245290000;11586931;153.965;153.985;153.975;0;T;True;3
1621245291000;11586933;153.966;153.986;153.976;1;T;True;3
1621245292000;11586935;153.967;153.987;153.977;1;T;True;3
1621245293000;11586936;153.967;153.987;153.977;0;T;True;3
1621245294000;11586939;153.971;153.991;153.981;2;T;True;3
1621245295000;11586940;153.971;153.991;153.981;0;T;True;3
1621245296000;11586941;153.971;153.991;153.981;0;T;True;3
1621245297000;11586943;153.974;153.994;153.984;1;T;True;3
1621245298000;11586944;153.974;153.994;153.984;0;T;True;3
1621245299000;11586945;153.974;153.994;153.984;0;T;True;3
1621245300000;11586946;153.974;153.994;153.984;0;T;True;3
1621245301000;11586949;153.975;153.995;153.985;2;T;True;3
1621245302000;11586950;153.975;153.995;153.985;0;T;True;3
1621245303000;11586951;153.975;153.995;153.985;0;T;True;3
1621245304000;11586954;153.971;153.991;153.981;2;T;True;3
1621245305000;11586955;153.971;153.991;153.981;0;T;True;3
1621245306000;11586956;153.971;153.991;153.981;0;T;True;3
1621245307000;11586957;153.971;153.991;153.981;0;T;True;3
1621245308000;11586960;153.977;153.997;153.987;2;T;True;3
1621245309000;11586961;153.977;153.997;153.987;0;T;True;3
1621245310000;11586962;153.977;153.997;153.987;0;T;True;3
1621245311000;11586966;153.971;153.991;153.981;3;T;True;3
1621245312000;11586969;153.969;153.989;153.979;2;T;True;3
1621245313000;11586970;153.969;153.989;153.979;0;T;True;3
1621245314000;11586971;153.969;153.989;153.979;0;T;True;3
1621245315000;11586972;153.969;153.989;153.979;0;T;True;3
1621245316000;11586975;153.973;153.993;153.983;2;T;True;3
1621245317000;11586977;153.975;153.995;153.985;1;T;True;3
1621245318000;11586978;153.975;153.995;153.985;0;T;True;3
1621245319000;11586979;153.975;153.995;153.985;0;T;True;3
1621245320000;11586981;153.974;153.994;153.984;1;T;True;3
1621245321000;11586987;153.966;153.986;153.976;5;T;True;3
1621245322000;11586990;153.965;153.985;153.975;2;T;True;3
1621245323000;11586991;153.965;153.985;153.975;0;T;True;3
1621245324000;11586993;153.963;153.983;153.973;1;T;True;3
1621245325000;11586996;153.961;153.981;153.971;2;T;True;3
1621245326000;11586997;153.961;153.981;153.971;0;T;True;3
1621245327000;11586998;153.961;153.981;153.971;0;T;True;3
1621245328000;11586999;153.961;153.981;153.971;0;T;True;3
1621245329000;11587000;153.961;153.981;153.971;0;T;True;3
1621245330000;11587001;153.961;153.981;153.971;0;T;True;3
1621245331000;11587002;153.961;153.981;153.971;0;T;True;3
1621245332000;11587004;153.959;153.979;153.969;1;T;True;3
1621245333000;11587007;153.959;153.979;153.969;2;T;True;3
1621245334000;11587008;153.959;153.979;153.969;0;T;True;3
1621245335000;11587012;153.963;153.983;153.973;3;T;True;3
1621245336000;11587013;153.963;153.983;153.973;0;T;True;3
1621245337000;11587015;153.962;153.982;153.972;1;T;True;3
1621245338000;11587016;153.962;153.982;153.972;0;T;True;3
1621245339000;11587017;153.962;153.982;153.972;0;T;True;3
1621245340000;11587018;153.962;153.982;153.972;0;T;True;3
1621245341000;11587019;153.962;153.982;153.972;0;T;True;3
1621245342000;11587020;153.962;153.982;153.972;0;T;True;3
1621245343000;11587021;153.962;153.982;153.972;0;T;True;3
1621245344000;11587023;153.959;153.979;153.969;1;T;True;3
1621245345000;11587024;153.959;153.979;153.969;0;T;True;3
1621245346000;11587028;153.967;153.987;153.977;3;T;True;3
1621245347000;11587031;153.969;153.989;153.979;2;T;True;3
1621245348000;11587033;153.967;153.987;153.977;1;T;True;3
1621245349000;11587034;153.967;153.987;153.977;0;T;True;3
1621245350000;11587035;153.967;153.987;153.977;0;T;True;3
1621245351000;11587038;153.973;153.993;153.983;2;T;True;3
1621245352000;11587039;153.973;153.993;153.983;0;T;True;3
1621245353000;11587040;153.973;153.993;153.983;0;T;True;3
1621245354000;11587043;153.968;153.988;153.978;2;T;True;3
1621245355000;11587045;153.967;153.987;153.977;1;T;True;3
1621245356000;11587046;153.967;153.987;153.977;0;T;True;3
1621245357000;11587047;153.967;153.987;153.977;0;T;True;3
1621245358000;11587049;153.969;153.989;153.979;1;T;True;3
1621245359000;11587050;153.969;153.989;153.979;0;T;True;3
1621245360000;11587051;153.969;153.989;153.979;0;T;True;3
1621245361000;11587054;153.965;153.985;153.975;2;T;True;3
1621245362000;11587056;153.964;153.984;153.974;1;T;True;3
1621245363000;11587059;153.959;153.979;153.969;2;T;True;3
1621245364000;11587060;153.959;153.979;153.969;0;T;True;3
1621245365000;11587062;153.963;153.983;153.973;1;T;True;3
1621245366000;11587065;153.959;153.979;153.969;2;T;True;3
1621245367000;11587066;153.959;153.979;153.969;0;T;True;3
1621245368000;11587069;153.959;153.979;153.969;2;T;True;3
1621245369000;11587070;153.959;153.979;153.969;0;T;True;3
1621245370000;11587071;153.959;153.979;153.969;0;T;True;3
1621245371000;11587072;153.959;153.979;153.969;0;T;True;3
1621245372000;11587076;153.963;153.983;153.973;3;T;True;3
1621245373000;11587077;153.963;153.983;153.973;0;T;True;3
1621245374000;11587078;153.963;153.983;153.973;0;T;True;3
1621245375000;11587082;153.967;153.987;153.977;3;T;True;3
1621245376000;11587083;153.967;153.987;153.977;0;T;True;3
1621245377000;11587085;153.968;153.988;153.978;1;T;True;3
1621245378000;11587087;153.969;153.989;153.979;1;T;True;3
1621245379000;11587088;153.969;153.989;153.979;0;T;True;3
1621245380000;11587090;153.97;153.99;153.98;1;T;True;3
1621245381000;11587091;153.97;153.99;153.98;0;T;True;3
1621245382000;11587092;153.97;153.99;153.98;0;T;True;3
1621245383000;11587093;153.97;153.99;153.98;0;T;True;3
1621245384000;11587096;153.975;153.995;153.985;2;T;True;3
1621245385000;11587099;153.975;153.995;153.985;2;T;True;3
1621245386000;11587101;153.969;153.989;153.979;1;T;True;3
1621245387000;11587102;153.969;153.989;153.979;0;T;True;3
1621245388000;11587105;153.968;153.988;153.978;2;T;True;3
1621245389000;11587107;153.969;153.989;153.979;1;T;True;3
