ts;n;bid;ask;value;volume;phase;round;active_id
1621216662000;11540452;153.997;154.017;154.007;1;T;True;3
1621216663000;11540453;153.997;154.017;154.007;0;T;True;3
1621216664000;11540454;153.997;154.017;154.007;0;T;True;3
1621216665000;11540455;153.997;154.017;154.007;0;T;True;3
1621216666000;11540456;153.997;154.017;154.007;0;T;True;3
1621216667000;11540457;153.997;154.017;154.007;0;T;True;3
1621216668000;11540458;153.997;154.017;154.007;0;T;True;3
1621216669000;11540459;153.997;154.017;154.007;0;T;True;3
1621216670000;11540460;153.997;154.017;154.007;0;T;True;3
1621216671000;11540461;153.997;154.017;154.007;0;T;True;3
1621216672000;11540462;153.997;154.017;154.007;0;T;True;3
1621216673000;11540463;153.997;154.017;154.007;0;T;True;3
1621216674000;11540464;153.997;154.017;154.007;0;T;True;3
1621216675000;11540465;153.997;154.017;154.007;0;T;True;3
1621216676000;11540466;153.997;154.017;154.007;0;T;True;3
1621216677000;11540467;153.997;154.017;154.007;0;T;True;3
1621216678000;11540468;153.997;154.017;154.007;0;T;True;3
1621216679000;11540469;153.997;154.017;154.007;0;T;True;3
1621216680000;11540470;153.997;154.017;154.007;0;T;True;3
1621216681000;11540471;153.997;154.017;154.007;0;T;True;3
1621216682000;11540472;153.997;154.017;154.007;0;T;True;3
1621216683000;11540476;153.991;154.011;154.001;3;T;True;3
1621216684000;11540478;153.991;154.011;154.001;1;T;True;3
1621216685000;11540480;153.991;154.011;154.001;1;T;True;3
1621216686000;11540481;153.991;154.011;154.001;0;T;True;3
1621216687000;11540482;153.991;154.011;154.001;0;T;True;3
1621216688000;11540485;153.993;154.013;154.003;2;T;True;3
1621216689000;11540486;153.993;154.013;154.003;0;T;True;3
1621216690000;11540487;153.993;154.013;154.003;0;T;True;3
1621216691000;11540489;153.994;154.014;154.004;1;T;True;3
1621216692000;11540491;153.995;154.015;154.005;1;T;True;3
1621216693000;11540492;153.995;154.015;154.005;0;T;True;3
1621216694000;11540493;153.995;154.015;154.005;0;T;True;3
1621216695000;11540496;153.993;154.013;154.003;2;T;True;3
1621216696000;11540497;153.993;154.013;154.003;0;T;True;3
1621216697000;11540500;153.991;154.011;154.001;2;T;True;3
1621216698000;11540501;153.991;154.011;154.001;0;T;True;3
1621216699000;11540502;153.991;154.011;154.001;0;T;True;3
1621216700000;11540504;153.988;154.008;153.998;1;T;True;3
1621216701000;11540508;153.983;154.003;153.993;3;T;True;3
1621216702000;11540512;153.985;154.005;153.995;3;T;True;3
1621216703000;11540515;153.983;154.003;153.993;2;T;True;3
1621216704000;11540516;153.983;154.003;153.993;0;T;True;3
1621216705000;11540517;153.983;154.003;153.993;0;T;True;3
1621216706000;11540518;153.983;154.003;153.993;0;T;True;3
1621216707000;11540520;153.982;154.002;153.992;1;T;True;3
1621216708000;11540522;153.983;154.003;153.993;1;T;True;3
1621216709000;11540523;153.983;154.003;153.993;0;T;True;3
1621216710000;11540525;153.984;154.004;153.994;1;T;True;3
1621216711000;11540526;153.984;154.004;153.994;0;T;True;3
1621216712000;11540529;153.987;154.007;153.997;2;T;True;3
1621216713000;11540530;153.987;154.007;153.997;0;T;True;3
1621216714000;11540531;153.987;154.007;153.997;0;T;True;3
1621216715000;11540532;153.987;154.007;153.997;0;T;True;3
1621216716000;11540534;153.987;154.007;153.997;1;T;True;3
1621216717000;11540535;153.987;154.007;153.997;0;T;True;3
1621216718000;11540536;153.987;154.007;153.997;0;T;True;3
1621216719000;11540537;153.987;154.007;153.997;0;T;True;3
1621216720000;11540538;153.987;154.007;153.997;0;T;True;3
1621216721000;11540539;153.987;154.007;153.997;0;T;True;3
1621216722000;11540540;153.987;154.007;153.997;0;T;True;3
1621216723000;11540542;153.987;154.007;153.997;1;T;True;3
1621216724000;11540543;153.987;154.007;153.997;0;T;True;3
1621216725000;11540544;153.987;154.007;153.997;0;T;True;3
1621216726000;11540545;153.987;154.007;153.997;0;T;True;3
1621216727000;11540546;153.987;154.007;153.997;0;T;True;3
1621216728000;11540547;153.987;154.007;153.997;0;T;True;3
1621216729000;11540548;153.987;154.007;153.997;0;T;True;3
1621216730000;11540550;153.985;154.005;153.995;1;T;True;3
1621216731000;11540551;153.985;154.005;153.995;0;T;True;3
1621216732000;11540552;153.985;154.005;153.995;0;T;True;3
1621216733000;11540554;153.984;154.004;153.994;1;T;True;3
1621216734000;11540556;153.983;154.003;153.993;1;T;True;3
1621216735000;11540559;153.978;153.998;153.988;2;T;True;3
1621216736000;11540560;153.978;153.998;153.988;0;T;True;3
1621216737000;11540561;153.978;153.998;153.988;0;T;True;3
1621216738000;11540562;153.978;153.998;153.988;0;T;True;3
1621216739000;11540563;153.978;153.998;153.988;0;T;True;3
1621216740000;11540564;153.978;153.998;153.988;0;T;True;3
1621216741000;11540565;153.978;153.998;153.988;0;T;True;3
1621216742000;11540567;153.977;153.997;153.987;1;T;True;3
1621216743000;11540569;153.976;153.996;153.986;1;T;True;3
1621216744000;11540571;153.977;153.997;153.987;1;T;True;3
1621216745000;11540572;153.977;153.997;153.987;0;T;True;3
1621216746000;11540575;153.977;153.997;153.987;2;T;True;3
1621216747000;11540576;153.977;153.997;153.987;0;T;True;3
1621216748000;11540577;153.977;153.997;153.987;0;T;True;3
1621216749000;11540579;153.979;153.999;153.989;1;T;True;3
1621216750000;11540580;153.979;153.999;153.989;0;T;True;3
1621216751000;11540581;153.979;153.999;153.989;0;T;True;3
1621216752000;11540584;153.979;153.999;153.989;2;T;True;3
1621216753000;11540586;153.979;153.999;153.989;1;T;True;3
1621216754000;11540590;153.985;154.005;153.995;3;T;True;3
1621216755000;11540591;153.985;154.005;153.995;0;T;True;3
1621216756000;11540593;153.986;154.006;153.996;1;T;True;3
1621216757000;11540594;153.986;154.006;153.996;0;T;True;3
1621216758000;11540595;153.986;154.006;153.996;0;T;True;3
1621216759000;11540597;153.985;154.005;153.995;1;T;True;3
1621216760000;11540598;153.985;154.005;153.995;0;T;True;3
1621216761000;11540599;153.985;154.005;153.995;0;T;True;3
1621216762000;11540600;153.985;154.005;153.995;0;T;True;3
1621216763000;11540601;153.985;154.005;153.995;0;T;True;3
1621216764000;11540602;153.985;154.005;153.995;0;T;True;3
1621216765000;11540603;153.985;154.005;153.995;0;T;True;3
1621216766000;11540604;153.985;154.005;153.995;0;T;True;3
1621216767000;11540607;153.987;154.007;153.997;2;T;True;3
1621216768000;11540608;153.987;154.007;153.997;0;T;True;3
1621216769000;11540609;153.987;154.007;153.997;0;T;True;3
1621216770000;11540610;153.987;154.007;153.997;0;T;True;3
1621216771000;11540611;153.987;154.007;153.997;0;T;True;3
1621216772000;11540612;153.987;154.007;153.997;0;T;True;3
1621216773000;11540614;153.985;154.005;153.995;1;T;True;3
1621216774000;11540615;153.985;154.005;153.995;0;T;True;3
1621216775000;11540616;153.985;154.005;153.995;0;T;True;3
1621216776000;11540617;153.985;154.005;153.995;0;T;True;3
1621216777000;11540618;153.985;154.005;153.995;0;T;True;3
1621216778000;11540619;153.985;154.005;153.995;0;T;True;3
1621216779000;11540621;153.984;154.004;153.994;1;T;True;3
1621216780000;11540622;153.984;154.004;153.994;0;T;True;3
1621216781000;11540623;153.984;154.004;153.994;0;T;True;3
1621216782000;11540624;153.984;154.004;153.994;0;T;True;3
1621216783000;11540626;153.985;154.005;153.995;1;T;True;3
1621216784000;11540627;153.985;154.005;153.995;0;T;True;3
1621216785000;11540629;153.987;154.007;153.997;1;T;True;3
1621216786000;11540632;153.991;154.011;154.001;2;T;True;3
1621216787000;11540633;153.991;154.011;154.001;0;T;True;3
1621216788000;11540634;153.991;154.011;154.001;0;T;True;3
1621216789000;11540635;153.991;154.011;154.001;0;T;True;3
1621216790000;11540636;153.991;154.011;154.001;0;T;True;3
1621216791000;11540637;153.991;154.011;154.001;0;T;True;3
1621216792000;11540638;153.991;154.011;154.001;0;T;True;3
1621216793000;11540639;153.991;154.011;154.001;0;T;True;3
1621216794000;11540641;153.993;154.013;154.003;1;T;True;3
1621216795000;11540643;153.991;154.011;154.001;1;T;True;3
1621216796000;11540646;153.991;154.011;154.001;2;T;True;3
1621216797000;11540653;153.997;154.017;154.007;6;T;True;3
1621216798000;11540656;153.999;154.019;154.009;2;T;True;3
1621216799000;11540661;153.999;154.019;154.009;4;T;True;3
1621216800000;11540665;153.999;154.019;154.009;3;T;True;3
1621216801000;11540668;154.001;154.021;154.011;2;T;True;3
1621216802000;11540669;154.001;154.021;154.011;0;T;True;3
1621216803000;11540671;153.997;154.017;154.007;1;T;True;3
1621216804000;11540677;153.98;154.0;153.99;5;T;True;3
1621216805000;11540680;153.977;153.997;153.987;2;T;True;3
1621216806000;11540682;153.975;153.995;153.985;1;T;True;3
1621216807000;11540690;153.955;153.975;153.965;7;T;True;3
1621216808000;11540691;153.955;153.975;153.965;0;T;True;3
1621216809000;11540695;153.955;153.975;153.965;3;T;True;3
1621216810000;11540700;153.953;153.973;153.963;4;T;True;3
1621216811000;11540705;153.955;153.975;153.965;4;T;True;3
1621216812000;11540709;153.964;153.984;153.974;3;T;True;3
1621216813000;11540714;153.963;153.983;153.973;4;T;True;3
1621216814000;11540715;153.963;153.983;153.973;0;T;True;3
1621216815000;11540717;153.965;153.985;153.975;1;T;True;3
1621216816000;11540720;153.963;153.983;153.973;2;T;True;3
1621216817000;11540723;153.967;153.987;153.977;2;T;True;3
1621216818000;11540726;153.967;153.987;153.977;2;T;True;3
1621216819000;11540731;153.956;153.976;153.966;4;T;True;3
1621216820000;11540734;153.96;153.98;153.97;2;T;True;3
1621216821000;11540737;153.96;153.98;153.97;2;T;True;3
1621216822000;11540738;153.96;153.98;153.97;0;T;True;3
1621216823000;11540739;153.96;153.98;153.97;0;T;True;3
1621216824000;11540741;153.961;153.981;153.971;1;T;True;3
1621216825000;11540743;153.963;153.983;153.973;1;T;True;3
1621216826000;11540744;153.963;153.983;153.973;0;T;True;3
1621216827000;11540746;153.961;153.981;153.971;1;T;True;3
1621216828000;11540747;153.961;153.981;153.971;0;T;True;3
1621216829000;11540748;153.961;153.981;153.971;0;T;True;3
1621216830000;11540752;153.958;153.978;153.968;3;T;True;3
1621216831000;11540753;153.958;153.978;153.968;0;T;True;3
1621216832000;11540756;153.956;153.976;153.966;2;T;True;3
1621216833000;11540764;153.959;153.979;153.969;7;T;True;3
1621216834000;11540767;153.961;153.981;153.971;2;T;True;3
1621216835000;11540770;153.961;153.981;153.971;2;T;True;3
1621216836000;11540774;153.954;153.974;153.964;3;T;True;3
1621216837000;11540778;153.959;153.979;153.969;3;T;True;3
1621216838000;11540779;153.959;153.979;153.969;0;T;True;3
1621216839000;11540785;153.957;153.977;153.967;5;T;True;3
1621216840000;11540786;153.957;153.977;153.967;0;T;True;3
1621216841000;11540790;153.955;153.975;153.965;3;T;True;3
1621216842000;11540793;153.955;153.975;153.965;2;T;True;3
1621216843000;11540797;153.951;153.971;153.961;3;T;True;3
1621216844000;11540801;153.951;153.971;153.961;3;T;True;3
1621216845000;11540802;153.951;153.971;153.961;0;T;True;3
1621216846000;11540805;153.949;153.969;153.959;2;T;True;3
1621216847000;11540807;153.95;153.97;153.96;1;T;True;3
1621216848000;11540811;153.945;153.965;153.955;3;T;True;3
1621216849000;11540821;153.944;153.964;153.954;9;T;True;3
1621216850000;11540825;153.946;153.966;153.956;3;T;True;3
1621216851000;11540827;153.945;153.965;153.955;1;T;True;3
1621216852000;11540828;153.945;153.965;153.955;0;T;True;3
1621216853000;11540830;153.944;153.964;153.954;1;T;True;3
1621216854000;11540833;153.949;153.969;153.959;2;T;True;3
1621216855000;11540838;153.944;153.964;153.954;4;T;True;3
1621216856000;11540840;153.943;153.963;153.953;1;T;True;3
1621216857000;11540841;153.943;153.963;153.953;0;T;True;3
1621216858000;11540842;153.943;153.963;153.953;0;T;True;3
1621216859000;11540843;153.943;153.963;153.953;0;T;True;3
1621216860000;11540845;153.944;153.964;153.954;1;T;True;3
1621216861000;11540849;153.939;153.959;153.949;3;T;True;3
1621216862000;11540854;153.949;153.969;153.959;4;T;True;3
1621216863000;11540856;153.947;153.967;153.957;1;T;True;3
1621216864000;11540858;153.949;153.969;153.959;1;T;True;3
1621216865000;11540862;153.949;153.969;153.959;3;T;True;3
1621216866000;11540867;153.949;153.969;153.959;4;T;True;3
1621216867000;11540869;153.948;153.968;153.958;1;T;True;3
1621216868000;11540871;153.949;153.969;153.959;1;T;True;3
1621216869000;11540872;153.949;153.969;153.959;0;T;True;3
1621216870000;11540874;153.951;153.971;153.961;1;T;True;3
1621216871000;11540876;153.953;153.973;153.963;1;T;True;3
1621216872000;11540879;153.959;153.979;153.969;2;T;True;3
1621216873000;11540880;153.959;153.979;153.969;0;T;True;3
1621216874000;11540883;153.959;153.979;153.969;2;T;True;3
1621216875000;11540884;153.959;153.979;153.969;0;T;True;3
1621216876000;11540886;153.96;153.98;153.97;1;T;True;3
1621216877000;11540888;153.959;153.979;153.969;1;T;True;3
1621216878000;11540891;153.963;153.983;153.973;2;T;True;3
1621216879000;11540893;153.962;153.982;153.972;1;T;True;3
1621216880000;11540894;153.962;153.982;153.972;0;T;True;3
1621216881000;11540896;153.961;153.981;153.971;1;T;True;3
1621216882000;11540897;153.961;153.981;153.971;0;T;True;3
1621216883000;11540900;153.959;153.979;153.969;2;T;True;3
1621216884000;11540903;153.961;153.981;153.971;2;T;True;3
1621216885000;11540905;153.963;153.983;153.973;1;T;True;3
1621216886000;11540906;153.963;153.983;153.973;0;T;True;3
1621216887000;11540908;153.962;153.982;153.972;1;T;True;3
1621216888000;11540909;153.962;153.982;153.972;0;T;True;3
1621216889000;11540911;153.961;153.981;153.971;1;T;True;3
1621216890000;11540912;153.961;153.981;153.971;0;T;True;3
1621216891000;11540913;153.961;153.981;153.971;0;T;True;3
1621216892000;11540914;153.961;153.981;153.971;0;T;True;3
1621216893000;11540917;153.962;153.982;153.972;2;T;True;3
1621216894000;11540919;153.963;153.983;153.973;1;T;True;3
1621216895000;11540920;153.963;153.983;153.973;0;T;True;3
1621216896000;11540921;153.963;153.983;153.973;0;T;True;3
1621216897000;11540922;153.963;153.983;153.973;0;T;True;3
1621216898000;11540923;153.963;153.983;153.973;0;T;True;3
1621216899000;11540924;153.963;153.983;153.973;0;T;True;3
1621216900000;11540925;153.963;153.983;153.973;0;T;True;3
1621216901000;11540926;153.963;153.983;153.973;0;T;True;3
1621216902000;11540927;153.963;153.983;153.973;0;T;True;3
1621216903000;11540928;153.963;153.983;153.973;0;T;True;3
1621216904000;11540929;153.963;153.983;153.973;0;T;True;3
1621216905000;11540933;153.963;153.983;153.973;3;T;True;3
1621216906000;11540935;153.964;153.984;153.974;1;T;True;3
1621216907000;11540936;153.964;153.984;153.974;0;T;True;3
1621216908000;11540937;153.964;153.984;153.974;0;T;True;3
1621216909000;11540938;153.964;153.984;153.974;0;T;True;3
1621216910000;11540939;153.964;153.984;153.974;0;T;True;3
1621216911000;11540942;153.968;153.988;153.978;2;T;True;3
1621216912000;11540943;153.968;153.988;153.978;0;T;True;3
1621216913000;11540944;153.968;153.988;153.978;0;T;True;3
1621216914000;11540945;153.968;153.988;153.978;0;T;True;3
1621216915000;11540947;153.969;153.989;153.979;1;T;True;3
1621216916000;11540948;153.969;153.989;153.979;0;T;True;3
1621216917000;11540949;153.969;153.989;153.979;0;T;True;3
1621216918000;11540950;153.969;153.989;153.979;0;T;True;3
1621216919000;11540952;153.968;153.988;153.978;1;T;True;3
1621216920000;11540953;153.968;153.988;153.978;0;T;True;3
1621216921000;11540954;153.968;153.988;153.978;0;T;True;3
1621216922000;11540956;153.969;153.989;153.979;1;T;True;3
1621216923000;11540958;153.972;153.992;153.982;1;T;True;3
1621216924000;11540960;153.971;153.991;153.981;1;T;True;3
1621216925000;11540961;153.971;153.991;153.981;0;T;True;3
1621216926000;11540962;153.971;153.991;153.981;0;T;True;3
1621216927000;11540964;153.973;153.993;153.983;1;T;True;3
1621216928000;11540965;153.973;153.993;153.983;0;T;True;3
1621216929000;11540966;153.973;153.993;153.983;0;T;True;3
1621216930000;11540967;153.973;153.993;153.983;0;T;True;3
1621216931000;11540968;153.973;153.993;153.983;0;T;True;3
1621216932000;11540972;153.977;153.997;153.987;3;T;True;3
1621216933000;11540973;153.977;153.997;153.987;0;T;True;3
1621216934000;11540975;153.978;153.998;153.988;1;T;True;3
1621216935000;11540977;153.98;154.0;153.99;1;T;True;3
1621216936000;11540982;153.986;154.006;153.996;4;T;True;3
1621216937000;11540984;153.987;154.007;153.997;1;T;True;3
1621216938000;11540985;153.987;154.007;153.997;0;T;True;3
1621216939000;11540986;153.987;154.007;153.997;0;T;True;3
1621216940000;11540987;153.987;154.007;153.997;0;T;True;3
1621216941000;11540988;153.987;154.007;153.997;0;T;True;3
1621216942000;11540989;153.987;154.007;153.997;0;T;True;3
1621216943000;11540990;153.987;154.007;153.997;0;T;True;3
1621216944000;11540991;153.987;154.007;153.997;0;T;True;3
1621216945000;11540992;153.987;154.007;153.997;0;T;True;3
1621216946000;11540993;153.987;154.007;153.997;0;T;True;3
1621216947000;11540996;153.985;154.005;153.995;2;T;True;3
1621216948000;11540998;153.984;154.004;153.994;1;T;True;3
1621216949000;11541000;153.982;154.002;153.992;1;T;True;3
1621216950000;11541002;153.981;154.001;153.991;1;T;True;3
1621216951000;11541003;153.981;154.001;153.991;0;T;True;3
1621216952000;11541005;153.985;154.005;153.995;1;T;True;3
1621216953000;11541006;153.985;154.005;153.995;0;T;True;3
1621216954000;11541007;153.985;154.005;153.995;0;T;True;3
1621216955000;11541008;153.985;154.005;153.995;0;T;True;3
1621216956000;11541009;153.985;154.005;153.995;0;T;True;3
1621216957000;11541010;153.985;154.005;153.995;0;T;True;3
1621216958000;11541012;153.983;154.003;153.993;1;T;True;3
1621216959000;11541014;153.984;154.004;153.994;1;T;True;3
1621216960000;11541015;153.984;154.004;153.994;0;T;True;3
1621216961000;11541016;153.984;154.004;153.994;0;T;True;3
1621216962000;11541017;153.984;154.004;153.994;0;T;True;3
1621216963000;11541018;153.984;154.004;153.994;0;T;True;3
1621216964000;11541023;153.981;154.001;153.991;4;T;True;3
1621216965000;11541024;153.981;154.001;153.991;0;T;True;3
1621216966000;11541025;153.981;154.001;153.991;0;T;True;3
1621216967000;11541027;153.98;154.0;153.99;1;T;True;3
1621216968000;11541029;153.979;153.999;153.989;1;T;True;3
1621216969000;11541031;153.977;153.997;153.987;1;T;True;3
1621216970000;11541032;153.977;153.997;153.987;0;T;True;3
1621216971000;11541033;153.977;153.997;153.987;0;T;True;3
1621216972000;11541034;153.977;153.997;153.987;0;T;True;3
1621216973000;11541035;153.977;153.997;153.987;0;T;True;3
1621216974000;11541036;153.977;153.997;153.987;0;T;True;3
1621216975000;11541038;153.978;153.998;153.988;1;T;True;3
1621216976000;11541040;153.98;154.0;153.99;1;T;True;3
1621216977000;11541042;153.981;154.001;153.991;1;T;True;3
1621216978000;11541044;153.979;153.999;153.989;1;T;True;3
1621216979000;11541046;153.977;153.997;153.987;1;T;True;3
1621216980000;11541047;153.977;153.997;153.987;0;T;True;3
1621216981000;11541050;153.975;153.995;153.985;2;T;True;3
1621216982000;11541051;153.975;153.995;153.985;0;T;True;3
1621216983000;11541053;153.976;153.996;153.986;1;T;True;3
1621216984000;11541055;153.975;153.995;153.985;1;T;True;3
1621216985000;11541056;153.975;153.995;153.985;0;T;True;3
1621216986000;11541058;153.974;153.994;153.984;1;T;True;3
1621216987000;11541060;153.973;153.993;153.983;1;T;True;3
1621216988000;11541061;153.973;153.993;153.983;0;T;True;3
1621216989000;11541064;153.973;153.993;153.983;2;T;True;3
1621216990000;11541065;153.973;153.993;153.983;0;T;True;3
1621216991000;11541066;153.973;153.993;153.983;0;T;True;3
1621216992000;11541068;153.971;153.991;153.981;1;T;True;3
1621216993000;11541070;153.967;153.987;153.977;1;T;True;3
1621216994000;11541073;153.967;153.987;153.977;2;T;True;3
1621216995000;11541074;153.967;153.987;153.977;0;T;True;3
1621216996000;11541076;153.968;153.988;153.978;1;T;True;3
1621216997000;11541078;153.969;153.989;153.979;1;T;True;3
1621216998000;11541079;153.969;153.989;153.979;0;T;True;3
1621216999000;11541080;153.969;153.989;153.979;0;T;True;3
1621217000000;11541081;153.969;153.989;153.979;0;T;True;3
1621217001000;11541082;153.969;153.989;153.979;0;T;True;3
1621217002000;11541083;153.969;153.989;153.979;0;T;True;3
1621217003000;11541084;153.969;153.989;153.979;0;T;True;3
1621217004000;11541085;153.969;153.989;153.979;0;T;True;3
1621217005000;11541086;153.969;153.989;153.979;0;T;True;3
1621217006000;11541087;153.969;153.989;153.979;0;T;True;3
1621217007000;11541088;153.969;153.989;153.979;0;T;True;3
1621217008000;11541089;153.969;153.989;153.979;0;T;True;3
1621217009000;11541090;153.969;153.989;153.979;0;T;True;3
1621217010000;11541091;153.969;153.989;153.979;0;T;True;3
1621217011000;11541093;153.967;153.987;153.977;1;T;True;3
1621217012000;11541094;153.967;153.987;153.977;0;T;True;3
1621217013000;11541095;153.967;153.987;153.977;0;T;True;3
1621217014000;11541096;153.967;153.987;153.977;0;T;True;3
1621217015000;11541097;153.967;153.987;153.977;0;T;True;3
1621217016000;11541098;153.967;153.987;153.977;0;T;True;3
1621217017000;11541099;153.967;153.987;153.977;0;T;True;3
1621217018000;11541100;153.967;153.987;153.977;0;T;True;3
1621217019000;11541101;153.967;153.987;153.977;0;T;True;3
1621217020000;11541102;153.967;153.987;153.977;0;T;True;3
1621217021000;11541103;153.967;153.987;153.977;0;T;True;3
1621217022000;11541104;153.967;153.987;153.977;0;T;True;3
1621217023000;11541105;153.967;153.987;153.977;0;T;True;3
1621217024000;11541108;153.962;153.982;153.972;2;T;True;3
1621217025000;11541111;153.96;153.98;153.97;2;T;True;3
1621217026000;11541113;153.959;153.979;153.969;1;T;True;3
1621217027000;11541114;153.959;153.979;153.969;0;T;True;3
1621217028000;11541115;153.959;153.979;153.969;0;T;True;3
1621217029000;11541116;153.959;153.979;153.969;0;T;True;3
1621217030000;11541118;153.96;153.98;153.97;1;T;True;3
1621217031000;11541122;153.959;153.979;153.969;3;T;True;3
1621217032000;11541124;153.958;153.978;153.968;1;T;True;3
1621217033000;11541127;153.958;153.978;153.968;2;T;True;3
1621217034000;11541129;153.957;153.977;153.967;1;T;True;3
1621217035000;11541130;153.957;153.977;153.967;0;T;True;3
1621217036000;11541131;153.957;153.977;153.967;0;T;True;3
1621217037000;11541132;153.957;153.977;153.967;0;T;True;3
1621217038000;11541133;153.957;153.977;153.967;0;T;True;3
1621217039000;11541134;153.957;153.977;153.967;0;T;True;3
1621217040000;11541135;153.957;153.977;153.967;0;T;True;3
1621217041000;11541136;153.957;153.977;153.967;0;T;True;3
1621217042000;11541137;153.957;153.977;153.967;0;T;True;3
1621217043000;11541138;153.957;153.977;153.967;0;T;True;3
1621217044000;11541139;153.957;153.977;153.967;0;T;True;3
1621217045000;11541141;153.956;153.976;153.966;1;T;True;3
1621217046000;11541142;153.956;153.976;153.966;0;T;True;3
1621217047000;11541143;153.956;153.976;153.966;0;T;True;3
1621217048000;11541145;153.957;153.977;153.967;1;T;True;3
1621217049000;11541147;153.956;153.976;153.966;1;T;True;3
1621217050000;11541149;153.957;153.977;153.967;1;T;True;3
1621217051000;11541150;153.957;153.977;153.967;0;T;True;3
1621217052000;11541151;153.957;153.977;153.967;0;T;True;3
1621217053000;11541153;153.956;153.976;153.966;1;T;True;3
1621217054000;11541156;153.954;153.974;153.964;2;T;True;3
1621217055000;11541158;153.955;153.975;153.965;1;T;True;3
1621217056000;11541159;153.955;153.975;153.965;0;T;True;3
1621217057000;11541160;153.955;153.975;153.965;0;T;True;3
1621217058000;11541162;153.956;153.976;153.966;1;T;True;3
1621217059000;11541164;153.955;153.975;153.965;1;T;True;3
1621217060000;11541167;153.955;153.975;153.965;2;T;True;3
1621217061000;11541168;153.955;153.975;153.965;0;T;True;3
1621217062000;11541171;153.953;153.973;153.963;2;T;True;3
1621217063000;11541174;153.951;153.971;153.961;2;T;True;3
1621217064000;11541175;153.951;153.971;153.961;0;T;True;3
1621217065000;11541176;153.951;153.971;153.961;0;T;True;3
1621217066000;11541178;153.95;153.97;153.96;1;T;True;3
1621217067000;11541180;153.949;153.969;153.959;1;T;True;3
1621217068000;11541181;153.949;153.969;153.959;0;T;True;3
1621217069000;11541182;153.949;153.969;153.959;0;T;True;3
1621217070000;11541183;153.949;153.969;153.959;0;T;True;3
1621217071000;11541187;153.955;153.975;153.965;3;T;True;3
1621217072000;11541189;153.956;153.976;153.966;1;T;True;3
1621217073000;11541191;153.958;153.978;153.968;1;T;True;3
1621217074000;11541192;153.958;153.978;153.968;0;T;True;3
1621217075000;11541194;153.959;153.979;153.969;1;T;True;3
1621217076000;11541195;153.959;153.979;153.969;0;T;True;3
1621217077000;11541197;153.96;153.98;153.97;1;T;True;3
1621217078000;11541198;153.96;153.98;153.97;0;T;True;3
1621217079000;11541200;153.961;153.981;153.971;1;T;True;3
1621217080000;11541201;153.961;153.981;153.971;0;T;True;3
1621217081000;11541202;153.961;153.981;153.971;0;T;True;3
1621217082000;11541203;153.961;153.981;153.971;0;T;True;3
1621217083000;11541206;153.961;153.981;153.971;2;T;True;3
1621217084000;11541208;153.963;153.983;153.973;1;T;True;3
1621217085000;11541210;153.965;153.985;153.975;1;T;True;3
1621217086000;11541213;153.955;153.975;153.965;2;T;True;3
1621217087000;11541214;153.955;153.975;153.965;0;T;True;3
1621217088000;11541215;153.955;153.975;153.965;0;T;True;3
1621217089000;11541216;153.955;153.975;153.965;0;T;True;3
1621217090000;11541217;153.955;153.975;153.965;0;T;True;3
1621217091000;11541222;153.949;153.969;153.959;4;T;True;3
1621217092000;11541223;153.949;153.969;153.959;0;T;True;3
1621217093000;11541225;153.955;153.975;153.965;1;T;True;3
1621217094000;11541227;153.957;153.977;153.967;1;T;True;3
1621217095000;11541228;153.957;153.977;153.967;0;T;True;3
1621217096000;11541230;153.958;153.978;153.968;1;T;True;3
1621217097000;11541232;153.959;153.979;153.969;1;T;True;3
1621217098000;11541234;153.96;153.98;153.97;1;T;True;3
1621217099000;11541235;153.96;153.98;153.97;0;T;True;3
1621217100000;11541236;153.96;153.98;153.97;0;T;True;3
1621217101000;11541237;153.96;153.98;153.97;0;T;True;3
1621217102000;11541239;153.959;153.979;153.969;1;T;True;3
1621217103000;11541242;153.953;153.973;153.963;2;T;True;3
1621217104000;11541244;153.951;153.971;153.961;1;T;True;3
1621217105000;11541245;153.951;153.971;153.961;0;T;True;3
1621217106000;11541247;153.949;153.969;153.959;1;T;True;3
1621217107000;11541248;153.949;153.969;153.959;0;T;True;3
1621217108000;11541253;153.955;153.975;153.965;4;T;True;3
1621217109000;11541259;153.954;153.974;153.964;5;T;True;3
1621217110000;11541263;153.953;153.973;153.963;3;T;True;3
1621217111000;11541270;153.957;153.977;153.967;6;T;True;3
1621217112000;11541272;153.959;153.979;153.969;1;T;True;3
1621217113000;11541274;153.957;153.977;153.967;1;T;True;3
1621217114000;11541276;153.959;153.979;153.969;1;T;True;3
1621217115000;11541277;153.959;153.979;153.969;0;T;True;3
1621217116000;11541278;153.959;153.979;153.969;0;T;True;3
1621217117000;11541279;153.959;153.979;153.969;0;T;True;3
1621217118000;11541280;153.959;153.979;153.969;0;T;True;3
1621217119000;11541282;153.958;153.978;153.968;1;T;True;3
1621217120000;11541284;153.959;153.979;153.969;1;T;True;3
1621217121000;11541286;153.96;153.98;153.97;1;T;True;3
1621217122000;11541288;153.959;153.979;153.969;1;T;True;3
1621217123000;11541289;153.959;153.979;153.969;0;T;True;3
1621217124000;11541291;153.958;153.978;153.968;1;T;True;3
1621217125000;11541292;153.958;153.978;153.968;0;T;True;3
1621217126000;11541293;153.958;153.978;153.968;0;T;True;3
1621217127000;11541295;153.957;153.977;153.967;1;T;True;3
1621217128000;11541296;153.957;153.977;153.967;0;T;True;3
1621217129000;11541297;153.957;153.977;153.967;0;T;True;3
1621217130000;11541298;153.957;153.977;153.967;0;T;True;3
1621217131000;11541299;153.957;153.977;153.967;0;T;True;3
1621217132000;11541302;153.959;153.979;153.969;2;T;True;3
1621217133000;11541304;153.957;153.977;153.967;1;T;True;3
1621217134000;11541305;153.957;153.977;153.967;0;T;True;3
1621217135000;11541306;153.957;153.977;153.967;0;T;True;3
1621217136000;11541307;153.957;153.977;153.967;0;T;True;3
1621217137000;11541308;153.957;153.977;153.967;0;T;True;3
1621217138000;11541309;153.957;153.977;153.967;0;T;True;3
1621217139000;11541310;153.957;153.977;153.967;0;T;True;3
1621217140000;11541311;153.957;153.977;153.967;0;T;True;3
1621217141000;11541312;153.957;153.977;153.967;0;T;True;3
1621217142000;11541313;153.957;153.977;153.967;0;T;True;3
1621217143000;11541314;153.957;153.977;153.967;0;T;True;3
1621217144000;11541316;153.956;153.976;153.966;1;T;True;3
1621217145000;11541317;153.956;153.976;153.966;0;T;True;3
1621217146000;11541318;153.956;153.976;153.966;0;T;True;3
1621217147000;11541320;153.957;153.977;153.967;1;T;True;3
1621217148000;11541321;153.957;153.977;153.967;0;T;True;3
1621217149000;11541322;153.957;153.977;153.967;0;T;True;3
1621217150000;11541323;153.957;153.977;153.967;0;T;True;3
1621217151000;11541325;153.958;153.978;153.968;1;T;True;3
1621217152000;11541328;153.956;153.976;153.966;2;T;True;3
1621217153000;11541330;153.957;153.977;153.967;1;T;True;3
1621217154000;11541331;153.957;153.977;153.967;0;T;True;3
1621217155000;11541334;153.955;153.975;153.965;2;T;True;3
1621217156000;11541335;153.955;153.975;153.965;0;T;True;3
1621217157000;11541336;153.955;153.975;153.965;0;T;True;3
1621217158000;11541341;153.964;153.984;153.974;4;T;True;3
1621217159000;11541342;153.964;153.984;153.974;0;T;True;3
1621217160000;11541343;153.964;153.984;153.974;0;T;True;3
1621217161000;11541345;153.965;153.985;153.975;1;T;True;3
1621217162000;11541347;153.966;153.986;153.976;1;T;True;3
1621217163000;11541348;153.966;153.986;153.976;0;T;True;3
1621217164000;11541351;153.965;153.985;153.975;2;T;True;3
1621217165000;11541353;153.967;153.987;153.977;1;T;True;3
1621217166000;11541354;153.967;153.987;153.977;0;T;True;3
1621217167000;11541355;153.967;153.987;153.977;0;T;True;3
1621217168000;11541356;153.967;153.987;153.977;0;T;True;3
1621217169000;11541358;153.966;153.986;153.976;1;T;True;3
1621217170000;11541359;153.966;153.986;153.976;0;T;True;3
1621217171000;11541360;153.966;153.986;153.976;0;T;True;3
1621217172000;11541363;153.968;153.988;153.978;2;T;True;3
1621217173000;11541365;153.967;153.987;153.977;1;T;True;3
1621217174000;11541366;153.967;153.987;153.977;0;T;True;3
1621217175000;11541367;153.967;153.987;153.977;0;T;True;3
1621217176000;11541368;153.967;153.987;153.977;0;T;True;3
1621217177000;11541369;153.967;153.987;153.977;0;T;True;3
1621217178000;11541371;153.968;153.988;153.978;1;T;True;3
1621217179000;11541372;153.968;153.988;153.978;0;T;True;3
1621217180000;11541373;153.968;153.988;153.978;0;T;True;3
1621217181000;11541375;153.967;153.987;153.977;1;T;True;3
1621217182000;11541378;153.964;153.984;153.974;2;T;True;3
1621217183000;11541379;153.964;153.984;153.974;0;T;True;3
1621217184000;11541382;153.961;153.981;153.971;2;T;True;3
1621217185000;11541383;153.961;153.981;153.971;0;T;True;3
1621217186000;11541386;153.957;153.977;153.967;2;T;True;3
1621217187000;11541388;153.959;153.979;153.969;1;T;True;3
1621217188000;11541389;153.959;153.979;153.969;0;T;True;3
1621217189000;11541390;153.959;153.979;153.969;0;T;True;3
1621217190000;11541391;153.959;153.979;153.969;0;T;True;3
1621217191000;11541392;153.959;153.979;153.969;0;T;True;3
1621217192000;11541393;153.959;153.979;153.969;0;T;True;3
1621217193000;11541394;153.959;153.979;153.969;0;T;True;3
1621217194000;11541396;153.958;153.978;153.968;1;T;True;3
1621217195000;11541398;153.957;153.977;153.967;1;T;True;3
1621217196000;11541399;153.957;153.977;153.967;0;T;True;3
1621217197000;11541400;153.957;153.977;153.967;0;T;True;3
1621217198000;11541401;153.957;153.977;153.967;0;T;True;3
1621217199000;11541402;153.957;153.977;153.967;0;T;True;3
1621217200000;11541403;153.957;153.977;153.967;0;T;True;3
1621217201000;11541404;153.957;153.977;153.967;0;T;True;3
1621217202000;11541405;153.957;153.977;153.967;0;T;True;3
1621217203000;11541406;153.957;153.977;153.967;0;T;True;3
1621217204000;11541407;153.957;153.977;153.967;0;T;True;3
1621217205000;11541408;153.957;153.977;153.967;0;T;True;3
1621217206000;11541409;153.957;153.977;153.967;0;T;True;3
1621217207000;11541410;153.957;153.977;153.967;0;T;True;3
1621217208000;11541412;153.958;153.978;153.968;1;T;True;3
1621217209000;11541413;153.958;153.978;153.968;0;T;True;3
1621217210000;11541414;153.958;153.978;153.968;0;T;True;3
1621217211000;11541415;153.958;153.978;153.968;0;T;True;3
1621217212000;11541417;153.959;153.979;153.969;1;T;True;3
1621217213000;11541418;153.959;153.979;153.969;0;T;True;3
1621217214000;11541419;153.959;153.979;153.969;0;T;True;3
1621217215000;11541420;153.959;153.979;153.969;0;T;True;3
1621217216000;11541421;153.959;153.979;153.969;0;T;True;3
1621217217000;11541422;153.959;153.979;153.969;0;T;True;3
1621217218000;11541423;153.959;153.979;153.969;0;T;True;3
1621217219000;11541424;153.959;153.979;153.969;0;T;True;3
1621217220000;11541428;153.967;153.987;153.977;3;T;True;3
1621217221000;11541430;153.968;153.988;153.978;1;T;True;3
1621217222000;11541431;153.968;153.988;153.978;0;T;True;3
1621217223000;11541432;153.968;153.988;153.978;0;T;True;3
1621217224000;11541434;153.967;153.987;153.977;1;T;True;3
1621217225000;11541435;153.967;153.987;153.977;0;T;True;3
1621217226000;11541436;153.967;153.987;153.977;0;T;True;3
1621217227000;11541437;153.967;153.987;153.977;0;T;True;3
1621217228000;11541439;153.968;153.988;153.978;1;T;True;3
1621217229000;11541440;153.968;153.988;153.978;0;T;True;3
1621217230000;11541441;153.968;153.988;153.978;0;T;True;3
1621217231000;11541442;153.968;153.988;153.978;0;T;True;3
1621217232000;11541443;153.968;153.988;153.978;0;T;True;3
1621217233000;11541444;153.968;153.988;153.978;0;T;True;3
1621217234000;11541445;153.968;153.988;153.978;0;T;True;3
1621217235000;11541446;153.968;153.988;153.978;0;T;True;3
1621217236000;11541448;153.969;153.989;153.979;1;T;True;3
1621217237000;11541450;153.968;153.988;153.978;1;T;True;3
1621217238000;11541451;153.968;153.988;153.978;0;T;True;3
1621217239000;11541452;153.968;153.988;153.978;0;T;True;3
1621217240000;11541453;153.968;153.988;153.978;0;T;True;3
1621217241000;11541454;153.968;153.988;153.978;0;T;True;3
1621217242000;11541455;153.968;153.988;153.978;0;T;True;3
1621217243000;11541456;153.968;153.988;153.978;0;T;True;3
1621217244000;11541457;153.968;153.988;153.978;0;T;True;3
1621217245000;11541458;153.968;153.988;153.978;0;T;True;3
1621217246000;11541459;153.968;153.988;153.978;0;T;True;3
1621217247000;11541460;153.968;153.988;153.978;0;T;True;3
1621217248000;11541461;153.968;153.988;153.978;0;T;True;3
1621217249000;11541462;153.968;153.988;153.978;0;T;True;3
1621217250000;11541463;153.968;153.988;153.978;0;T;True;3
1621217251000;11541465;153.967;153.987;153.977;1;T;True;3
1621217252000;11541468;153.967;153.987;153.977;2;T;True;3
1621217253000;11541469;153.967;153.987;153.977;0;T;True;3
1621217254000;11541472;153.961;153.981;153.971;2;T;True;3
1621217255000;11541473;153.961;153.981;153.971;0;T;True;3
1621217256000;11541474;153.961;153.981;153.971;0;T;True;3
1621217257000;11541478;153.965;153.985;153.975;3;T;True;3
1621217258000;11541479;153.965;153.985;153.975;0;T;True;3
1621217259000;11541480;153.965;153.985;153.975;0;T;True;3
1621217260000;11541481;153.965;153.985;153.975;0;T;True;3
1621217261000;11541483;153.966;153.986;153.976;1;T;True;3
1621217262000;11541484;153.966;153.986;153.976;0;T;True;3
1621217263000;11541485;153.966;153.986;153.976;0;T;True;3
1621217264000;11541486;153.966;153.986;153.976;0;T;True;3
1621217265000;11541487;153.966;153.986;153.976;0;T;True;3
1621217266000;11541488;153.966;153.986;153.976;0;T;True;3
1621217267000;11541489;153.966;153.986;153.976;0;T;True;3
1621217268000;11541490;153.966;153.986;153.976;0;T;True;3
1621217269000;11541491;153.966;153.986;153.976;0;T;True;3
1621217270000;11541492;153.966;153.986;153.976;0;T;True;3
1621217271000;11541493;153.966;153.986;153.976;0;T;True;3
1621217272000;11541494;153.966;153.986;153.976;0;T;True;3
1621217273000;11541495;153.966;153.986;153.976;0;T;True;3
1621217274000;11541496;153.966;153.986;153.976;0;T;True;3
1621217275000;11541499;153.964;153.984;153.974;2;T;True;3
1621217276000;11541500;153.964;153.984;153.974;0;T;True;3
1621217277000;11541501;153.964;153.984;153.974;0;T;True;3
1621217278000;11541502;153.964;153.984;153.974;0;T;True;3
1621217279000;11541503;153.964;153.984;153.974;0;T;True;3
1621217280000;11541504;153.964;153.984;153.974;0;T;True;3
1621217281000;11541505;153.964;153.984;153.974;0;T;True;3
1621217282000;11541507;153.965;153.985;153.975;1;T;True;3
1621217283000;11541508;153.965;153.985;153.975;0;T;True;3
1621217284000;11541509;153.965;153.985;153.975;0;T;True;3
1621217285000;11541510;153.965;153.985;153.975;0;T;True;3
1621217286000;11541511;153.965;153.985;153.975;0;T;True;3
1621217287000;11541512;153.965;153.985;153.975;0;T;True;3
1621217288000;11541513;153.965;153.985;153.975;0;T;True;3
1621217289000;11541514;153.965;153.985;153.975;0;T;True;3
1621217290000;11541515;153.965;153.985;153.975;0;T;True;3
1621217291000;11541516;153.965;153.985;153.975;0;T;True;3
1621217292000;11541517;153.965;153.985;153.975;0;T;True;3
1621217293000;11541518;153.965;153.985;153.975;0;T;True;3
1621217294000;11541519;153.965;153.985;153.975;0;T;True;3
1621217295000;11541523;153.964;153.984;153.974;3;T;True;3
1621217296000;11541525;153.965;153.985;153.975;1;T;True;3
1621217297000;11541526;153.965;153.985;153.975;0;T;True;3
1621217298000;11541527;153.965;153.985;153.975;0;T;True;3
1621217299000;11541528;153.965;153.985;153.975;0;T;True;3
1621217300000;11541529;153.965;153.985;153.975;0;T;True;3
1621217301000;11541530;153.965;153.985;153.975;0;T;True;3
1621217302000;11541531;153.965;153.985;153.975;0;T;True;3
1621217303000;11541533;153.966;153.986;153.976;1;T;True;3
1621217304000;11541535;153.965;153.985;153.975;1;T;True;3
1621217305000;11541536;153.965;153.985;153.975;0;T;True;3
1621217306000;11541537;153.965;153.985;153.975;0;T;True;3
1621217307000;11541538;153.965;153.985;153.975;0;T;True;3
1621217308000;11541542;153.973;153.993;153.983;3;T;True;3
1621217309000;11541544;153.974;153.994;153.984;1;T;True;3
1621217310000;11541545;153.974;153.994;153.984;0;T;True;3
1621217311000;11541546;153.974;153.994;153.984;0;T;True;3
1621217312000;11541547;153.974;153.994;153.984;0;T;True;3
1621217313000;11541548;153.974;153.994;153.984;0;T;True;3
1621217314000;11541549;153.974;153.994;153.984;0;T;True;3
1621217315000;11541550;153.974;153.994;153.984;0;T;True;3
1621217316000;11541552;153.975;153.995;153.985;1;T;True;3
1621217317000;11541553;153.975;153.995;153.985;0;T;True;3
1621217318000;11541554;153.975;153.995;153.985;0;T;True;3
1621217319000;11541555;153.975;153.995;153.985;0;T;True;3
1621217320000;11541556;153.975;153.995;153.985;0;T;True;3
1621217321000;11541557;153.975;153.995;153.985;0;T;True;3
1621217322000;11541558;153.975;153.995;153.985;0;T;True;3
1621217323000;11541560;153.974;153.994;153.984;1;T;True;3
1621217324000;11541561;153.974;153.994;153.984;0;T;True;3
1621217325000;11541562;153.974;153.994;153.984;0;T;True;3
1621217326000;11541563;153.974;153.994;153.984;0;T;True;3
1621217327000;11541564;153.974;153.994;153.984;0;T;True;3
1621217328000;11541565;153.974;153.994;153.984;0;T;True;3
1621217329000;11541566;153.974;153.994;153.984;0;T;True;3
1621217330000;11541567;153.974;153.994;153.984;0;T;True;3
1621217331000;11541568;153.974;153.994;153.984;0;T;True;3
1621217332000;11541569;153.974;153.994;153.984;0;T;True;3
1621217333000;11541570;153.974;153.994;153.984;0;T;True;3
1621217334000;11541572;153.975;153.995;153.985;1;T;True;3
1621217335000;11541573;153.975;153.995;153.985;0;T;True;3
1621217336000;11541574;153.975;153.995;153.985;0;T;True;3
1621217337000;11541575;153.975;153.995;153.985;0;T;True;3
1621217338000;11541576;153.975;153.995;153.985;0;T;True;3
1621217339000;11541577;153.975;153.995;153.985;0;T;True;3
1621217340000;11541578;153.975;153.995;153.985;0;T;True;3
1621217341000;11541579;153.975;153.995;153.985;0;T;True;3
1621217342000;11541580;153.975;153.995;153.985;0;T;True;3
1621217343000;11541581;153.975;153.995;153.985;0;T;True;3
1621217344000;11541583;153.977;153.997;153.987;1;T;True;3
1621217345000;11541584;153.977;153.997;153.987;0;T;True;3
1621217346000;11541587;153.975;153.995;153.985;2;T;True;3
1621217347000;11541588;153.975;153.995;153.985;0;T;True;3
1621217348000;11541590;153.976;153.996;153.986;1;T;True;3
1621217349000;11541592;153.977;153.997;153.987;1;T;True;3
1621217350000;11541593;153.977;153.997;153.987;0;T;True;3
1621217351000;11541594;153.977;153.997;153.987;0;T;True;3
1621217352000;11541595;153.977;153.997;153.987;0;T;True;3
1621217353000;11541596;153.977;153.997;153.987;0;T;True;3
1621217354000;11541597;153.977;153.997;153.987;0;T;True;3
1621217355000;11541598;153.977;153.997;153.987;0;T;True;3
1621217356000;11541600;153.976;153.996;153.986;1;T;True;3
1621217357000;11541601;153.976;153.996;153.986;0;T;True;3
1621217358000;11541602;153.976;153.996;153.986;0;T;True;3
1621217359000;11541603;153.976;153.996;153.986;0;T;True;3
1621217360000;11541604;153.976;153.996;153.986;0;T;True;3
1621217361000;11541607;153.971;153.991;153.981;2;T;True;3
1621217362000;11541608;153.971;153.991;153.981;0;T;True;3
1621217363000;11541609;153.971;153.991;153.981;0;T;True;3
1621217364000;11541610;153.971;153.991;153.981;0;T;True;3
1621217365000;11541611;153.971;153.991;153.981;0;T;True;3
1621217366000;11541616;153.976;153.996;153.986;4;T;True;3
1621217367000;11541618;153.974;153.994;153.984;1;T;True;3
1621217368000;11541619;153.974;153.994;153.984;0;T;True;3
1621217369000;11541620;153.974;153.994;153.984;0;T;True;3
1621217370000;11541621;153.974;153.994;153.984;0;T;True;3
1621217371000;11541622;153.974;153.994;153.984;0;T;True;3
1621217372000;11541623;153.974;153.994;153.984;0;T;True;3
1621217373000;11541624;153.974;153.994;153.984;0;T;True;3
1621217374000;11541625;153.974;153.994;153.984;0;T;True;3
1621217375000;11541627;153.973;153.993;153.983;1;T;True;3
1621217376000;11541628;153.973;153.993;153.983;0;T;True;3
1621217377000;11541631;153.973;153.993;153.983;2;T;True;3
1621217378000;11541632;153.973;153.993;153.983;0;T;True;3
1621217379000;11541633;153.973;153.993;153.983;0;T;True;3
1621217380000;11541634;153.973;153.993;153.983;0;T;True;3
1621217381000;11541635;153.973;153.993;153.983;0;T;True;3
1621217382000;11541636;153.973;153.993;153.983;0;T;True;3
1621217383000;11541637;153.973;153.993;153.983;0;T;True;3
1621217384000;11541638;153.973;153.993;153.983;0;T;True;3
1621217385000;11541639;153.973;153.993;153.983;0;T;True;3
1621217386000;11541640;153.973;153.993;153.983;0;T;True;3
1621217387000;11541643;153.975;153.995;153.985;2;T;True;3
1621217388000;11541644;153.975;153.995;153.985;0;T;True;3
1621217389000;11541645;153.975;153.995;153.985;0;T;True;3
1621217390000;11541648;153.975;153.995;153.985;2;T;True;3
1621217391000;11541650;153.972;153.992;153.982;1;T;True;3
1621217392000;11541652;153.971;153.991;153.981;1;T;True;3
1621217393000;11541653;153.971;153.991;153.981;0;T;True;3
1621217394000;11541654;153.971;153.991;153.981;0;T;True;3
1621217395000;11541655;153.971;153.991;153.981;0;T;True;3
1621217396000;11541656;153.971;153.991;153.981;0;T;True;3
1621217397000;11541657;153.971;153.991;153.981;0;T;True;3
1621217398000;11541660;153.975;153.995;153.985;2;T;True;3
1621217399000;11541663;153.974;153.994;153.984;2;T;True;3
1621217400000;11541664;153.974;153.994;153.984;0;T;True;3
1621217401000;11541665;153.974;153.994;153.984;0;T;True;3
1621217402000;11541668;153.979;153.999;153.989;2;T;True;3
1621217403000;11541669;153.979;153.999;153.989;0;T;True;3
1621217404000;11541670;153.979;153.999;153.989;0;T;True;3
1621217405000;11541671;153.979;153.999;153.989;0;T;True;3
1621217406000;11541672;153.979;153.999;153.989;0;T;True;3
1621217407000;11541674;153.977;153.997;153.987;1;T;True;3
1621217408000;11541675;153.977;153.997;153.987;0;T;True;3
1621217409000;11541677;153.976;153.996;153.986;1;T;True;3
1621217410000;11541680;153.978;153.998;153.988;2;T;True;3
1621217411000;11541683;153.981;154.001;153.991;2;T;True;3
1621217412000;11541687;153.985;154.005;153.995;3;T;True;3
1621217413000;11541689;153.987;154.007;153.997;1;T;True;3
1621217414000;11541692;153.993;154.013;154.003;2;T;True;3
1621217415000;11541695;153.995;154.015;154.005;2;T;True;3
1621217416000;11541696;153.995;154.015;154.005;0;T;True;3
1621217417000;11541697;153.995;154.015;154.005;0;T;True;3
1621217418000;11541699;153.996;154.016;154.006;1;T;True;3
1621217419000;11541700;153.996;154.016;154.006;0;T;True;3
1621217420000;11541704;154.001;154.021;154.011;3;T;True;3
1621217421000;11541705;154.001;154.021;154.011;0;T;True;3
1621217422000;11541706;154.001;154.021;154.011;0;T;True;3
1621217423000;11541708;154.003;154.023;154.013;1;T;True;3
1621217424000;11541710;154.002;154.022;154.012;1;T;True;3
1621217425000;11541711;154.002;154.022;154.012;0;T;True;3
1621217426000;11541713;154.003;154.023;154.013;1;T;True;3
1621217427000;11541714;154.003;154.023;154.013;0;T;True;3
1621217428000;11541715;154.003;154.023;154.013;0;T;True;3
1621217429000;11541716;154.003;154.023;154.013;0;T;True;3
1621217430000;11541717;154.003;154.023;154.013;0;T;True;3
1621217431000;11541720;154.006;154.026;154.016;2;T;True;3
1621217432000;11541721;154.006;154.026;154.016;0;T;True;3
1621217433000;11541722;154.006;154.026;154.016;0;T;True;3
1621217434000;11541724;154.007;154.027;154.017;1;T;True;3
1621217435000;11541725;154.007;154.027;154.017;0;T;True;3
1621217436000;11541726;154.007;154.027;154.017;0;T;True;3
1621217437000;11541727;154.007;154.027;154.017;0;T;True;3
1621217438000;11541729;154.012;154.032;154.022;1;T;True;3
1621217439000;11541730;154.012;154.032;154.022;0;T;True;3
1621217440000;11541734;154.013;154.033;154.023;3;T;True;3
1621217441000;11541735;154.013;154.033;154.023;0;T;True;3
1621217442000;11541737;154.015;154.035;154.025;1;T;True;3
1621217443000;11541738;154.015;154.035;154.025;0;T;True;3
1621217444000;11541741;154.017;154.037;154.027;2;T;True;3
1621217445000;11541742;154.017;154.037;154.027;0;T;True;3
1621217446000;11541745;154.015;154.035;154.025;2;T;True;3
1621217447000;11541748;154.017;154.037;154.027;2;T;True;3
1621217448000;11541750;154.015;154.035;154.025;1;T;True;3
1621217449000;11541751;154.015;154.035;154.025;0;T;True;3
1621217450000;11541753;154.013;154.033;154.023;1;T;True;3
1621217451000;11541754;154.013;154.033;154.023;0;T;True;3
1621217452000;11541755;154.013;154.033;154.023;0;T;True;3
1621217453000;11541756;154.013;154.033;154.023;0;T;True;3
1621217454000;11541757;154.013;154.033;154.023;0;T;True;3
1621217455000;11541758;154.013;154.033;154.023;0;T;True;3
1621217456000;11541759;154.013;154.033;154.023;0;T;True;3
1621217457000;11541760;154.013;154.033;154.023;0;T;True;3
1621217458000;11541761;154.013;154.033;154.023;0;T;True;3
1621217459000;11541762;154.013;154.033;154.023;0;T;True;3
1621217460000;11541763;154.013;154.033;154.023;0;T;True;3
1621217461000;11541764;154.013;154.033;154.023;0;T;True;3
1621217462000;11541765;154.013;154.033;154.023;0;T;True;3
1621217463000;11541766;154.013;154.033;154.023;0;T;True;3
1621217464000;11541767;154.013;154.033;154.023;0;T;True;3
1621217465000;11541768;154.013;154.033;154.023;0;T;True;3
1621217466000;11541770;154.015;154.035;154.025;1;T;True;3
1621217467000;11541772;154.013;154.033;154.023;1;T;True;3
1621217468000;11541774;154.01;154.03;154.02;1;T;True;3
1621217469000;11541776;154.011;154.031;154.021;1;T;True;3
1621217470000;11541777;154.011;154.031;154.021;0;T;True;3
1621217471000;11541779;154.01;154.03;154.02;1;T;True;3
1621217472000;11541782;154.007;154.027;154.017;2;T;True;3
1621217473000;11541784;154.009;154.029;154.019;1;T;True;3
1621217474000;11541788;154.005;154.025;154.015;3;T;True;3
1621217475000;11541789;154.005;154.025;154.015;0;T;True;3
1621217476000;11541792;154.001;154.021;154.011;2;T;True;3
1621217477000;11541793;154.001;154.021;154.011;0;T;True;3
1621217478000;11541794;154.001;154.021;154.011;0;T;True;3
1621217479000;11541797;154.001;154.021;154.011;2;T;True;3
1621217480000;11541798;154.001;154.021;154.011;0;T;True;3
1621217481000;11541800;154.003;154.023;154.013;1;T;True;3
1621217482000;11541802;154.004;154.024;154.014;1;T;True;3
1621217483000;11541804;154.006;154.026;154.016;1;T;True;3
1621217484000;11541812;154.01;154.03;154.02;7;T;True;3
1621217485000;11541814;154.009;154.029;154.019;1;T;True;3
1621217486000;11541815;154.009;154.029;154.019;0;T;True;3
1621217487000;11541816;154.009;154.029;154.019;0;T;True;3
1621217488000;11541819;154.015;154.035;154.025;2;T;True;3
1621217489000;11541820;154.015;154.035;154.025;0;T;True;3
1621217490000;11541822;154.016;154.036;154.026;1;T;True;3
1621217491000;11541823;154.016;154.036;154.026;0;T;True;3
1621217492000;11541824;154.016;154.036;154.026;0;T;True;3
1621217493000;11541826;154.017;154.037;154.027;1;T;True;3
1621217494000;11541827;154.017;154.037;154.027;0;T;True;3
1621217495000;11541829;154.021;154.041;154.031;1;T;True;3
1621217496000;11541830;154.021;154.041;154.031;0;T;True;3
1621217497000;11541831;154.021;154.041;154.031;0;T;True;3
1621217498000;11541834;154.015;154.035;154.025;2;T;True;3
1621217499000;11541837;154.014;154.034;154.024;2;T;True;3
1621217500000;11541839;154.015;154.035;154.025;1;T;True;3
1621217501000;11541845;154.007;154.027;154.017;5;T;True;3
1621217502000;11541847;154.005;154.025;154.015;1;T;True;3
1621217503000;11541851;154.009;154.029;154.019;3;T;True;3
1621217504000;11541852;154.009;154.029;154.019;0;T;True;3
1621217505000;11541853;154.009;154.029;154.019;0;T;True;3
1621217506000;11541857;154.012;154.032;154.022;3;T;True;3
1621217507000;11541859;154.013;154.033;154.023;1;T;True;3
1621217508000;11541862;154.013;154.033;154.023;2;T;True;3
1621217509000;11541863;154.013;154.033;154.023;0;T;True;3
1621217510000;11541864;154.013;154.033;154.023;0;T;True;3
1621217511000;11541865;154.013;154.033;154.023;0;T;True;3
1621217512000;11541866;154.013;154.033;154.023;0;T;True;3
1621217513000;11541867;154.013;154.033;154.023;0;T;True;3
1621217514000;11541868;154.013;154.033;154.023;0;T;True;3
1621217515000;11541870;154.011;154.031;154.021;1;T;True;3
1621217516000;11541873;154.011;154.031;154.021;2;T;True;3
1621217517000;11541874;154.011;154.031;154.021;0;T;True;3
1621217518000;11541875;154.011;154.031;154.021;0;T;True;3
1621217519000;11541876;154.011;154.031;154.021;0;T;True;3
1621217520000;11541877;154.011;154.031;154.021;0;T;True;3
1621217521000;11541879;154.009;154.029;154.019;1;T;True;3
1621217522000;11541882;154.007;154.027;154.017;2;T;True;3
1621217523000;11541883;154.007;154.027;154.017;0;T;True;3
1621217524000;11541886;154.007;154.027;154.017;2;T;True;3
1621217525000;11541889;154.007;154.027;154.017;2;T;True;3
1621217526000;11541890;154.007;154.027;154.017;0;T;True;3
1621217527000;11541895;154.009;154.029;154.019;4;T;True;3
1621217528000;11541898;154.005;154.025;154.015;2;T;True;3
1621217529000;11541899;154.005;154.025;154.015;0;T;True;3
1621217530000;11541900;154.005;154.025;154.015;0;T;True;3
1621217531000;11541902;154.003;154.023;154.013;1;T;True;3
1621217532000;11541904;154.001;154.021;154.011;1;T;True;3
1621217533000;11541905;154.001;154.021;154.011;0;T;True;3
1621217534000;11541906;154.001;154.021;154.011;0;T;True;3
1621217535000;11541910;154.01;154.03;154.02;3;T;True;3
1621217536000;11541913;154.012;154.032;154.022;2;T;True;3
1621217537000;11541915;154.013;154.033;154.023;1;T;True;3
1621217538000;11541921;154.023;154.043;154.033;5;T;True;3
1621217539000;11541924;154.024;154.044;154.034;2;T;True;3
1621217540000;11541927;154.022;154.042;154.032;2;T;True;3
1621217541000;11541928;154.022;154.042;154.032;0;T;True;3
1621217542000;11541930;154.023;154.043;154.033;1;T;True;3
1621217543000;11541932;154.022;154.042;154.032;1;T;True;3
1621217544000;11541934;154.021;154.041;154.031;1;T;True;3
1621217545000;11541935;154.021;154.041;154.031;0;T;True;3
1621217546000;11541940;154.013;154.033;154.023;4;T;True;3
1621217547000;11541941;154.013;154.033;154.023;0;T;True;3
1621217548000;11541942;154.013;154.033;154.023;0;T;True;3
1621217549000;11541943;154.013;154.033;154.023;0;T;True;3
1621217550000;11541944;154.013;154.033;154.023;0;T;True;3
1621217551000;11541945;154.013;154.033;154.023;0;T;True;3
1621217552000;11541947;154.011;154.031;154.021;1;T;True;3
1621217553000;11541948;154.011;154.031;154.021;0;T;True;3
1621217554000;11541949;154.011;154.031;154.021;0;T;True;3
1621217555000;11541950;154.011;154.031;154.021;0;T;True;3
1621217556000;11541954;154.009;154.029;154.019;3;T;True;3
1621217557000;11541955;154.009;154.029;154.019;0;T;True;3
1621217558000;11541956;154.009;154.029;154.019;0;T;True;3
1621217559000;11541957;154.009;154.029;154.019;0;T;True;3
1621217560000;11541958;154.009;154.029;154.019;0;T;True;3
1621217561000;11541959;154.009;154.029;154.019;0;T;True;3
1621217562000;11541960;154.009;154.029;154.019;0;T;True;3
1621217563000;11541961;154.009;154.029;154.019;0;T;True;3
1621217564000;11541962;154.009;154.029;154.019;0;T;True;3
1621217565000;11541963;154.009;154.029;154.019;0;T;True;3
1621217566000;11541964;154.009;154.029;154.019;0;T;True;3
1621217567000;11541965;154.009;154.029;154.019;0;T;True;3
1621217568000;11541966;154.009;154.029;154.019;0;T;True;3
1621217569000;11541967;154.009;154.029;154.019;0;T;True;3
1621217570000;11541968;154.009;154.029;154.019;0;T;True;3
1621217571000;11541969;154.009;154.029;154.019;0;T;True;3
1621217572000;11541970;154.009;154.029;154.019;0;T;True;3
1621217573000;11541971;154.009;154.029;154.019;0;T;True;3
1621217574000;11541972;154.009;154.029;154.019;0;T;True;3
1621217575000;11541973;154.009;154.029;154.019;0;T;True;3
1621217576000;11541974;154.009;154.029;154.019;0;T;True;3
1621217577000;11541975;154.009;154.029;154.019;0;T;True;3
1621217578000;11541977;154.008;154.028;154.018;1;T;True;3
1621217579000;11541978;154.008;154.028;154.018;0;T;True;3
1621217580000;11541982;153.999;154.019;154.009;3;T;True;3
1621217581000;11541985;153.997;154.017;154.007;2;T;True;3
1621217582000;11541987;153.996;154.016;154.006;1;T;True;3
1621217583000;11541988;153.996;154.016;154.006;0;T;True;3
1621217584000;11541993;153.991;154.011;154.001;4;T;True;3
1621217585000;11541994;153.991;154.011;154.001;0;T;True;3
1621217586000;11541995;153.991;154.011;154.001;0;T;True;3
1621217587000;11541996;153.991;154.011;154.001;0;T;True;3
1621217588000;11541997;153.991;154.011;154.001;0;T;True;3
1621217589000;11541998;153.991;154.011;154.001;0;T;True;3
1621217590000;11541999;153.991;154.011;154.001;0;T;True;3
1621217591000;11542001;153.992;154.012;154.002;1;T;True;3
1621217592000;11542002;153.992;154.012;154.002;0;T;True;3
1621217593000;11542006;153.989;154.009;153.999;3;T;True;3
1621217594000;11542008;153.991;154.011;154.001;1;T;True;3
1621217595000;11542009;153.991;154.011;154.001;0;T;True;3
1621217596000;11542015;154.001;154.021;154.011;5;T;True;3
1621217597000;11542019;154.007;154.027;154.017;3;T;True;3
1621217598000;11542020;154.007;154.027;154.017;0;T;True;3
1621217599000;11542021;154.007;154.027;154.017;0;T;True;3
1621217600000;11542022;154.007;154.027;154.017;0;T;True;3
1621217601000;11542023;154.007;154.027;154.017;0;T;True;3
1621217602000;11542025;154.008;154.028;154.018;1;T;True;3
1621217603000;11542026;154.008;154.028;154.018;0;T;True;3
1621217604000;11542028;154.009;154.029;154.019;1;T;True;3
1621217605000;11542030;154.01;154.03;154.02;1;T;True;3
1621217606000;11542031;154.01;154.03;154.02;0;T;True;3
1621217607000;11542032;154.01;154.03;154.02;0;T;True;3
1621217608000;11542034;154.011;154.031;154.021;1;T;True;3
1621217609000;11542035;154.011;154.031;154.021;0;T;True;3
1621217610000;11542037;154.014;154.034;154.024;1;T;True;3
1621217611000;11542038;154.014;154.034;154.024;0;T;True;3
1621217612000;11542039;154.014;154.034;154.024;0;T;True;3
1621217613000;11542042;154.017;154.037;154.027;2;T;True;3
1621217614000;11542043;154.017;154.037;154.027;0;T;True;3
1621217615000;11542046;154.013;154.033;154.023;2;T;True;3
1621217616000;11542048;154.012;154.032;154.022;1;T;True;3
1621217617000;11542050;154.011;154.031;154.021;1;T;True;3
1621217618000;11542051;154.011;154.031;154.021;0;T;True;3
1621217619000;11542052;154.011;154.031;154.021;0;T;True;3
1621217620000;11542056;154.012;154.032;154.022;3;T;True;3
1621217621000;11542059;154.011;154.031;154.021;2;T;True;3
1621217622000;11542060;154.011;154.031;154.021;0;T;True;3
1621217623000;11542063;154.009;154.029;154.019;2;T;True;3
1621217624000;11542065;154.01;154.03;154.02;1;T;True;3
1621217625000;11542067;154.009;154.029;154.019;1;T;True;3
1621217626000;11542070;154.006;154.026;154.016;2;T;True;3
1621217627000;11542072;154.005;154.025;154.015;1;T;True;3
1621217628000;11542073;154.005;154.025;154.015;0;T;True;3
1621217629000;11542074;154.005;154.025;154.015;0;T;True;3
1621217630000;11542078;154.001;154.021;154.011;3;T;True;3
1621217631000;11542079;154.001;154.021;154.011;0;T;True;3
1621217632000;11542081;153.999;154.019;154.009;1;T;True;3
1621217633000;11542083;154.0;154.02;154.01;1;T;True;3
1621217634000;11542085;154.001;154.021;154.011;1;T;True;3
1621217635000;11542086;154.001;154.021;154.011;0;T;True;3
1621217636000;11542087;154.001;154.021;154.011;0;T;True;3
1621217637000;11542088;154.001;154.021;154.011;0;T;True;3
1621217638000;11542090;154.003;154.023;154.013;1;T;True;3
1621217639000;11542095;154.01;154.03;154.02;4;T;True;3
1621217640000;11542097;154.009;154.029;154.019;1;T;True;3
1621217641000;11542098;154.009;154.029;154.019;0;T;True;3
1621217642000;11542100;154.011;154.031;154.021;1;T;True;3
1621217643000;11542101;154.011;154.031;154.021;0;T;True;3
1621217644000;11542102;154.011;154.031;154.021;0;T;True;3
1621217645000;11542105;154.015;154.035;154.025;2;T;True;3
1621217646000;11542107;154.013;154.033;154.023;1;T;True;3
1621217647000;11542108;154.013;154.033;154.023;0;T;True;3
1621217648000;11542111;154.013;154.033;154.023;2;T;True;3
1621217649000;11542114;154.013;154.033;154.023;2;T;True;3
1621217650000;11542115;154.013;154.033;154.023;0;T;True;3
1621217651000;11542116;154.013;154.033;154.023;0;T;True;3
1621217652000;11542117;154.013;154.033;154.023;0;T;True;3
1621217653000;11542119;154.011;154.031;154.021;1;T;True;3
1621217654000;11542121;154.009;154.029;154.019;1;T;True;3
1621217655000;11542122;154.009;154.029;154.019;0;T;True;3
1621217656000;11542123;154.009;154.029;154.019;0;T;True;3
1621217657000;11542124;154.009;154.029;154.019;0;T;True;3
1621217658000;11542125;154.009;154.029;154.019;0;T;True;3
1621217659000;11542126;154.009;154.029;154.019;0;T;True;3
1621217660000;11542128;154.01;154.03;154.02;1;T;True;3
1621217661000;11542133;154.001;154.021;154.011;4;T;True;3
1621217662000;11542134;154.001;154.021;154.011;0;T;True;3
1621217663000;11542138;154.003;154.023;154.013;3;T;True;3
1621217664000;11542139;154.003;154.023;154.013;0;T;True;3
1621217665000;11542144;154.009;154.029;154.019;4;T;True;3
1621217666000;11542147;154.009;154.029;154.019;2;T;True;3
1621217667000;11542148;154.009;154.029;154.019;0;T;True;3
1621217668000;11542149;154.009;154.029;154.019;0;T;True;3
1621217669000;11542150;154.009;154.029;154.019;0;T;True;3
1621217670000;11542151;154.009;154.029;154.019;0;T;True;3
1621217671000;11542152;154.009;154.029;154.019;0;T;True;3
1621217672000;11542154;154.011;154.031;154.021;1;T;True;3
1621217673000;11542155;154.011;154.031;154.021;0;T;True;3
1621217674000;11542157;154.01;154.03;154.02;1;T;True;3
1621217675000;11542159;154.009;154.029;154.019;1;T;True;3
1621217676000;11542160;154.009;154.029;154.019;0;T;True;3
1621217677000;11542163;154.007;154.027;154.017;2;T;True;3
1621217678000;11542166;154.005;154.025;154.015;2;T;True;3
1621217679000;11542168;154.006;154.026;154.016;1;T;True;3
1621217680000;11542171;154.006;154.026;154.016;2;T;True;3
1621217681000;11542175;154.0;154.02;154.01;3;T;True;3
1621217682000;11542179;154.005;154.025;154.015;3;T;True;3
1621217683000;11542181;154.003;154.023;154.013;1;T;True;3
1621217684000;11542182;154.003;154.023;154.013;0;T;True;3
1621217685000;11542183;154.003;154.023;154.013;0;T;True;3
1621217686000;11542184;154.003;154.023;154.013;0;T;True;3
1621217687000;11542185;154.003;154.023;154.013;0;T;True;3
1621217688000;11542187;154.001;154.021;154.011;1;T;True;3
1621217689000;11542188;154.001;154.021;154.011;0;T;True;3
1621217690000;11542189;154.001;154.021;154.011;0;T;True;3
1621217691000;11542190;154.001;154.021;154.011;0;T;True;3
1621217692000;11542191;154.001;154.021;154.011;0;T;True;3
1621217693000;11542192;154.001;154.021;154.011;0;T;True;3
1621217694000;11542193;154.001;154.021;154.011;0;T;True;3
1621217695000;11542194;154.001;154.021;154.011;0;T;True;3
1621217696000;11542195;154.001;154.021;154.011;0;T;True;3
1621217697000;11542196;154.001;154.021;154.011;0;T;True;3
1621217698000;11542197;154.001;154.021;154.011;0;T;True;3
1621217699000;11542198;154.001;154.021;154.011;0;T;True;3
1621217700000;11542199;154.001;154.021;154.011;0;T;True;3
1621217701000;11542201;154.003;154.023;154.013;1;T;True;3
1621217702000;11542202;154.003;154.023;154.013;0;T;True;3
1621217703000;11542203;154.003;154.023;154.013;0;T;True;3
1621217704000;11542205;154.002;154.022;154.012;1;T;True;3
1621217705000;11542206;154.002;154.022;154.012;0;T;True;3
1621217706000;11542207;154.002;154.022;154.012;0;T;True;3
1621217707000;11542208;154.002;154.022;154.012;0;T;True;3
1621217708000;11542209;154.002;154.022;154.012;0;T;True;3
1621217709000;11542210;154.002;154.022;154.012;0;T;True;3
1621217710000;11542211;154.002;154.022;154.012;0;T;True;3
1621217711000;11542212;154.002;154.022;154.012;0;T;True;3
1621217712000;11542215;154.0;154.02;154.01;2;T;True;3
1621217713000;11542216;154.0;154.02;154.01;0;T;True;3
1621217714000;11542218;153.997;154.017;154.007;1;T;True;3
1621217715000;11542223;154.0;154.02;154.01;4;T;True;3
1621217716000;11542224;154.0;154.02;154.01;0;T;True;3
1621217717000;11542226;154.001;154.021;154.011;1;T;True;3
1621217718000;11542229;154.007;154.027;154.017;2;T;True;3
1621217719000;11542230;154.007;154.027;154.017;0;T;True;3
1621217720000;11542231;154.007;154.027;154.017;0;T;True;3
1621217721000;11542234;154.009;154.029;154.019;2;T;True;3
1621217722000;11542235;154.009;154.029;154.019;0;T;True;3
1621217723000;11542236;154.009;154.029;154.019;0;T;True;3
1621217724000;11542237;154.009;154.029;154.019;0;T;True;3
1621217725000;11542238;154.009;154.029;154.019;0;T;True;3
1621217726000;11542241;154.007;154.027;154.017;2;T;True;3
1621217727000;11542242;154.007;154.027;154.017;0;T;True;3
1621217728000;11542243;154.007;154.027;154.017;0;T;True;3
1621217729000;11542244;154.007;154.027;154.017;0;T;True;3
1621217730000;11542245;154.007;154.027;154.017;0;T;True;3
1621217731000;11542247;154.003;154.023;154.013;1;T;True;3
1621217732000;11542248;154.003;154.023;154.013;0;T;True;3
1621217733000;11542249;154.003;154.023;154.013;0;T;True;3
1621217734000;11542253;154.007;154.027;154.017;3;T;True;3
1621217735000;11542254;154.007;154.027;154.017;0;T;True;3
1621217736000;11542255;154.007;154.027;154.017;0;T;True;3
1621217737000;11542256;154.007;154.027;154.017;0;T;True;3
1621217738000;11542257;154.007;154.027;154.017;0;T;True;3
1621217739000;11542259;154.0;154.02;154.01;1;T;True;3
1621217740000;11542261;153.999;154.019;154.009;1;T;True;3
1621217741000;11542262;153.999;154.019;154.009;0;T;True;3
1621217742000;11542263;153.999;154.019;154.009;0;T;True;3
1621217743000;11542264;153.999;154.019;154.009;0;T;True;3
1621217744000;11542266;153.998;154.018;154.008;1;T;True;3
1621217745000;11542268;153.997;154.017;154.007;1;T;True;3
1621217746000;11542270;153.995;154.015;154.005;1;T;True;3
1621217747000;11542273;153.997;154.017;154.007;2;T;True;3
1621217748000;11542274;153.997;154.017;154.007;0;T;True;3
1621217749000;11542277;153.995;154.015;154.005;2;T;True;3
1621217750000;11542278;153.995;154.015;154.005;0;T;True;3
1621217751000;11542279;153.995;154.015;154.005;0;T;True;3
1621217752000;11542281;153.993;154.013;154.003;1;T;True;3
1621217753000;11542282;153.993;154.013;154.003;0;T;True;3
1621217754000;11542283;153.993;154.013;154.003;0;T;True;3
1621217755000;11542286;153.995;154.015;154.005;2;T;True;3
1621217756000;11542288;153.996;154.016;154.006;1;T;True;3
1621217757000;11542289;153.996;154.016;154.006;0;T;True;3
1621217758000;11542290;153.996;154.016;154.006;0;T;True;3
1621217759000;11542292;153.995;154.015;154.005;1;T;True;3
1621217760000;11542295;153.985;154.005;153.995;2;T;True;3
1621217761000;11542299;153.984;154.004;153.994;3;T;True;3
1621217762000;11542303;153.981;154.001;153.991;3;T;True;3
1621217763000;11542304;153.981;154.001;153.991;0;T;True;3
1621217764000;11542305;153.981;154.001;153.991;0;T;True;3
1621217765000;11542306;153.981;154.001;153.991;0;T;True;3
1621217766000;11542307;153.981;154.001;153.991;0;T;True;3
1621217767000;11542309;153.98;154.0;153.99;1;T;True;3
1621217768000;11542310;153.98;154.0;153.99;0;T;True;3
1621217769000;11542311;153.98;154.0;153.99;0;T;True;3
1621217770000;11542313;153.979;153.999;153.989;1;T;True;3
1621217771000;11542314;153.979;153.999;153.989;0;T;True;3
1621217772000;11542316;153.98;154.0;153.99;1;T;True;3
1621217773000;11542317;153.98;154.0;153.99;0;T;True;3
1621217774000;11542319;153.981;154.001;153.991;1;T;True;3
1621217775000;11542320;153.981;154.001;153.991;0;T;True;3
1621217776000;11542321;153.981;154.001;153.991;0;T;True;3
1621217777000;11542322;153.981;154.001;153.991;0;T;True;3
1621217778000;11542323;153.981;154.001;153.991;0;T;True;3
1621217779000;11542325;153.979;153.999;153.989;1;T;True;3
1621217780000;11542326;153.979;153.999;153.989;0;T;True;3
1621217781000;11542327;153.979;153.999;153.989;0;T;True;3
1621217782000;11542330;153.981;154.001;153.991;2;T;True;3
1621217783000;11542334;153.987;154.007;153.997;3;T;True;3
1621217784000;11542335;153.987;154.007;153.997;0;T;True;3
1621217785000;11542336;153.987;154.007;153.997;0;T;True;3
1621217786000;11542337;153.987;154.007;153.997;0;T;True;3
1621217787000;11542339;153.989;154.009;153.999;1;T;True;3
1621217788000;11542340;153.989;154.009;153.999;0;T;True;3
1621217789000;11542341;153.989;154.009;153.999;0;T;True;3
1621217790000;11542342;153.989;154.009;153.999;0;T;True;3
1621217791000;11542343;153.989;154.009;153.999;0;T;True;3
1621217792000;11542344;153.989;154.009;153.999;0;T;True;3
1621217793000;11542347;153.983;154.003;153.993;2;T;True;3
1621217794000;11542348;153.983;154.003;153.993;0;T;True;3
1621217795000;11542349;153.983;154.003;153.993;0;T;True;3
1621217796000;11542351;153.982;154.002;153.992;1;T;True;3
1621217797000;11542352;153.982;154.002;153.992;0;T;True;3
1621217798000;11542353;153.982;154.002;153.992;0;T;True;3
1621217799000;11542354;153.982;154.002;153.992;0;T;True;3
1621217800000;11542359;153.978;153.998;153.988;4;T;True;3
1621217801000;11542360;153.978;153.998;153.988;0;T;True;3
1621217802000;11542361;153.978;153.998;153.988;0;T;True;3
1621217803000;11542365;153.969;153.989;153.979;3;T;True;3
1621217804000;11542366;153.969;153.989;153.979;0;T;True;3
1621217805000;11542368;153.975;153.995;153.985;1;T;True;3
1621217806000;11542370;153.978;153.998;153.988;1;T;True;3
1621217807000;11542372;153.979;153.999;153.989;1;T;True;3
1621217808000;11542374;153.977;153.997;153.987;1;T;True;3
1621217809000;11542375;153.977;153.997;153.987;0;T;True;3
1621217810000;11542376;153.977;153.997;153.987;0;T;True;3
1621217811000;11542378;153.976;153.996;153.986;1;T;True;3
1621217812000;11542381;153.974;153.994;153.984;2;T;True;3
1621217813000;11542382;153.974;153.994;153.984;0;T;True;3
1621217814000;11542384;153.973;153.993;153.983;1;T;True;3
1621217815000;11542386;153.975;153.995;153.985;1;T;True;3
1621217816000;11542387;153.975;153.995;153.985;0;T;True;3
1621217817000;11542388;153.975;153.995;153.985;0;T;True;3
1621217818000;11542391;153.975;153.995;153.985;2;T;True;3
1621217819000;11542392;153.975;153.995;153.985;0;T;True;3
1621217820000;11542393;153.975;153.995;153.985;0;T;True;3
1621217821000;11542394;153.975;153.995;153.985;0;T;True;3
1621217822000;11542395;153.975;153.995;153.985;0;T;True;3
1621217823000;11542396;153.975;153.995;153.985;0;T;True;3
1621217824000;11542398;153.977;153.997;153.987;1;T;True;3
1621217825000;11542400;153.975;153.995;153.985;1;T;True;3
1621217826000;11542401;153.975;153.995;153.985;0;T;True;3
1621217827000;11542404;153.975;153.995;153.985;2;T;True;3
1621217828000;11542406;153.971;153.991;153.981;1;T;True;3
1621217829000;11542407;153.971;153.991;153.981;0;T;True;3
1621217830000;11542408;153.971;153.991;153.981;0;T;True;3
1621217831000;11542410;153.97;153.99;153.98;1;T;True;3
1621217832000;11542411;153.97;153.99;153.98;0;T;True;3
1621217833000;11542413;153.969;153.989;153.979;1;T;True;3
1621217834000;11542414;153.969;153.989;153.979;0;T;True;3
1621217835000;11542417;153.969;153.989;153.979;2;T;True;3
1621217836000;11542418;153.969;153.989;153.979;0;T;True;3
1621217837000;11542420;153.971;153.991;153.981;1;T;True;3
1621217838000;11542423;153.972;153.992;153.982;2;T;True;3
1621217839000;11542428;153.967;153.987;153.977;4;T;True;3
1621217840000;11542430;153.969;153.989;153.979;1;T;True;3
1621217841000;11542432;153.967;153.987;153.977;1;T;True;3
1621217842000;11542433;153.967;153.987;153.977;0;T;True;3
1621217843000;11542434;153.967;153.987;153.977;0;T;True;3
1621217844000;11542435;153.967;153.987;153.977;0;T;True;3
1621217845000;11542437;153.968;153.988;153.978;1;T;True;3
1621217846000;11542441;153.966;153.986;153.976;3;T;True;3
1621217847000;11542443;153.967;153.987;153.977;1;T;True;3
1621217848000;11542444;153.967;153.987;153.977;0;T;True;3
1621217849000;11542445;153.967;153.987;153.977;0;T;True;3
1621217850000;11542446;153.967;153.987;153.977;0;T;True;3
1621217851000;11542447;153.967;153.987;153.977;0;T;True;3
1621217852000;11542448;153.967;153.987;153.977;0;T;True;3
1621217853000;11542450;153.968;153.988;153.978;1;T;True;3
1621217854000;11542451;153.968;153.988;153.978;0;T;True;3
1621217855000;11542452;153.968;153.988;153.978;0;T;True;3
1621217856000;11542453;153.968;153.988;153.978;0;T;True;3
1621217857000;11542457;153.973;153.993;153.983;3;T;True;3
1621217858000;11542459;153.974;153.994;153.984;1;T;True;3
1621217859000;11542461;153.975;153.995;153.985;1;T;True;3
1621217860000;11542462;153.975;153.995;153.985;0;T;True;3
1621217861000;11542464;153.974;153.994;153.984;1;T;True;3
1621217862000;11542465;153.974;153.994;153.984;0;T;True;3
1621217863000;11542466;153.974;153.994;153.984;0;T;True;3
1621217864000;11542467;153.974;153.994;153.984;0;T;True;3
1621217865000;11542468;153.974;153.994;153.984;0;T;True;3
1621217866000;11542470;153.973;153.993;153.983;1;T;True;3
1621217867000;11542473;153.975;153.995;153.985;2;T;True;3
1621217868000;11542474;153.975;153.995;153.985;0;T;True;3
1621217869000;11542476;153.971;153.991;153.981;1;T;True;3
1621217870000;11542480;153.975;153.995;153.985;3;T;True;3
1621217871000;11542481;153.975;153.995;153.985;0;T;True;3
1621217872000;11542482;153.975;153.995;153.985;0;T;True;3
1621217873000;11542484;153.974;153.994;153.984;1;T;True;3
1621217874000;11542486;153.975;153.995;153.985;1;T;True;3
1621217875000;11542488;153.973;153.993;153.983;1;T;True;3
1621217876000;11542491;153.971;153.991;153.981;2;T;True;3
1621217877000;11542493;153.97;153.99;153.98;1;T;True;3
1621217878000;11542495;153.969;153.989;153.979;1;T;True;3
1621217879000;11542497;153.971;153.991;153.981;1;T;True;3
1621217880000;11542498;153.971;153.991;153.981;0;T;True;3
1621217881000;11542499;153.971;153.991;153.981;0;T;True;3
1621217882000;11542500;153.971;153.991;153.981;0;T;True;3
1621217883000;11542501;153.971;153.991;153.981;0;T;True;3
1621217884000;11542502;153.971;153.991;153.981;0;T;True;3
1621217885000;11542503;153.971;153.991;153.981;0;T;True;3
1621217886000;11542504;153.971;153.991;153.981;0;T;True;3
1621217887000;11542505;153.971;153.991;153.981;0;T;True;3
1621217888000;11542506;153.971;153.991;153.981;0;T;True;3
1621217889000;11542508;153.97;153.99;153.98;1;T;True;3
1621217890000;11542511;153.97;153.99;153.98;2;T;True;3
1621217891000;11542512;153.97;153.99;153.98;0;T;True;3
1621217892000;11542513;153.97;153.99;153.98;0;T;True;3
1621217893000;11542514;153.97;153.99;153.98;0;T;True;3
1621217894000;11542515;153.97;153.99;153.98;0;T;True;3
1621217895000;11542516;153.97;153.99;153.98;0;T;True;3
1621217896000;11542517;153.97;153.99;153.98;0;T;True;3
1621217897000;11542518;153.97;153.99;153.98;0;T;True;3
1621217898000;11542519;153.97;153.99;153.98;0;T;True;3
1621217899000;11542520;153.97;153.99;153.98;0;T;True;3
1621217900000;11542522;153.971;153.991;153.981;1;T;True;3
1621217901000;11542524;153.973;153.993;153.983;1;T;True;3
1621217902000;11542527;153.975;153.995;153.985;2;T;True;3
1621217903000;11542529;153.973;153.993;153.983;1;T;True;3
1621217904000;11542530;153.973;153.993;153.983;0;T;True;3
1621217905000;11542531;153.973;153.993;153.983;0;T;True;3
1621217906000;11542532;153.973;153.993;153.983;0;T;True;3
1621217907000;11542533;153.973;153.993;153.983;0;T;True;3
1621217908000;11542534;153.973;153.993;153.983;0;T;True;3
1621217909000;11542535;153.973;153.993;153.983;0;T;True;3
1621217910000;11542536;153.973;153.993;153.983;0;T;True;3
1621217911000;11542538;153.975;153.995;153.985;1;T;True;3
1621217912000;11542539;153.975;153.995;153.985;0;T;True;3
1621217913000;11542540;153.975;153.995;153.985;0;T;True;3
1621217914000;11542541;153.975;153.995;153.985;0;T;True;3
1621217915000;11542542;153.975;153.995;153.985;0;T;True;3
1621217916000;11542543;153.975;153.995;153.985;0;T;True;3
1621217917000;11542544;153.975;153.995;153.985;0;T;True;3
1621217918000;11542547;153.974;153.994;153.984;2;T;True;3
1621217919000;11542548;153.974;153.994;153.984;0;T;True;3
1621217920000;11542550;153.975;153.995;153.985;1;T;True;3
1621217921000;11542551;153.975;153.995;153.985;0;T;True;3
1621217922000;11542552;153.975;153.995;153.985;0;T;True;3
1621217923000;11542554;153.977;153.997;153.987;1;T;True;3
1621217924000;11542555;153.977;153.997;153.987;0;T;True;3
1621217925000;11542556;153.977;153.997;153.987;0;T;True;3
1621217926000;11542557;153.977;153.997;153.987;0;T;True;3
1621217927000;11542558;153.977;153.997;153.987;0;T;True;3
1621217928000;11542559;153.977;153.997;153.987;0;T;True;3
1621217929000;11542560;153.977;153.997;153.987;0;T;True;3
1621217930000;11542561;153.977;153.997;153.987;0;T;True;3
1621217931000;11542562;153.977;153.997;153.987;0;T;True;3
1621217932000;11542563;153.977;153.997;153.987;0;T;True;3
1621217933000;11542564;153.977;153.997;153.987;0;T;True;3
1621217934000;11542566;153.979;153.999;153.989;1;T;True;3
1621217935000;11542568;153.981;154.001;153.991;1;T;True;3
1621217936000;11542572;153.977;153.997;153.987;3;T;True;3
1621217937000;11542573;153.977;153.997;153.987;0;T;True;3
1621217938000;11542575;153.975;153.995;153.985;1;T;True;3
1621217939000;11542576;153.975;153.995;153.985;0;T;True;3
1621217940000;11542578;153.974;153.994;153.984;1;T;True;3
1621217941000;11542579;153.974;153.994;153.984;0;T;True;3
1621217942000;11542580;153.974;153.994;153.984;0;T;True;3
1621217943000;11542581;153.974;153.994;153.984;0;T;True;3
1621217944000;11542582;153.974;153.994;153.984;0;T;True;3
1621217945000;11542583;153.974;153.994;153.984;0;T;True;3
1621217946000;11542585;153.975;153.995;153.985;1;T;True;3
1621217947000;11542589;153.972;153.992;153.982;3;T;True;3
1621217948000;11542590;153.972;153.992;153.982;0;T;True;3
1621217949000;11542591;153.972;153.992;153.982;0;T;True;3
1621217950000;11542592;153.972;153.992;153.982;0;T;True;3
1621217951000;11542593;153.972;153.992;153.982;0;T;True;3
1621217952000;11542594;153.972;153.992;153.982;0;T;True;3
1621217953000;11542595;153.972;153.992;153.982;0;T;True;3
1621217954000;11542596;153.972;153.992;153.982;0;T;True;3
1621217955000;11542597;153.972;153.992;153.982;0;T;True;3
1621217956000;11542598;153.972;153.992;153.982;0;T;True;3
1621217957000;11542600;153.973;153.993;153.983;1;T;True;3
1621217958000;11542601;153.973;153.993;153.983;0;T;True;3
1621217959000;11542602;153.973;153.993;153.983;0;T;True;3
1621217960000;11542603;153.973;153.993;153.983;0;T;True;3
1621217961000;11542604;153.973;153.993;153.983;0;T;True;3
1621217962000;11542605;153.973;153.993;153.983;0;T;True;3
1621217963000;11542606;153.973;153.993;153.983;0;T;True;3
1621217964000;11542607;153.973;153.993;153.983;0;T;True;3
1621217965000;11542608;153.973;153.993;153.983;0;T;True;3
1621217966000;11542609;153.973;153.993;153.983;0;T;True;3
1621217967000;11542610;153.973;153.993;153.983;0;T;True;3
1621217968000;11542611;153.973;153.993;153.983;0;T;True;3
1621217969000;11542612;153.973;153.993;153.983;0;T;True;3
1621217970000;11542613;153.973;153.993;153.983;0;T;True;3
1621217971000;11542614;153.973;153.993;153.983;0;T;True;3
1621217972000;11542615;153.973;153.993;153.983;0;T;True;3
1621217973000;11542616;153.973;153.993;153.983;0;T;True;3
1621217974000;11542617;153.973;153.993;153.983;0;T;True;3
1621217975000;11542618;153.973;153.993;153.983;0;T;True;3
1621217976000;11542620;153.971;153.991;153.981;1;T;True;3
1621217977000;11542621;153.971;153.991;153.981;0;T;True;3
1621217978000;11542622;153.971;153.991;153.981;0;T;True;3
1621217979000;11542626;153.969;153.989;153.979;3;T;True;3
1621217980000;11542627;153.969;153.989;153.979;0;T;True;3
1621217981000;11542628;153.969;153.989;153.979;0;T;True;3
1621217982000;11542629;153.969;153.989;153.979;0;T;True;3
1621217983000;11542630;153.969;153.989;153.979;0;T;True;3
1621217984000;11542631;153.969;153.989;153.979;0;T;True;3
1621217985000;11542632;153.969;153.989;153.979;0;T;True;3
1621217986000;11542634;153.971;153.991;153.981;1;T;True;3
1621217987000;11542637;153.973;153.993;153.983;2;T;True;3
1621217988000;11542638;153.973;153.993;153.983;0;T;True;3
1621217989000;11542639;153.973;153.993;153.983;0;T;True;3
1621217990000;11542640;153.973;153.993;153.983;0;T;True;3
1621217991000;11542643;153.969;153.989;153.979;2;T;True;3
1621217992000;11542644;153.969;153.989;153.979;0;T;True;3
1621217993000;11542647;153.969;153.989;153.979;2;T;True;3
1621217994000;11542648;153.969;153.989;153.979;0;T;True;3
1621217995000;11542650;153.975;153.995;153.985;1;T;True;3
1621217996000;11542653;153.979;153.999;153.989;2;T;True;3
1621217997000;11542654;153.979;153.999;153.989;0;T;True;3
1621217998000;11542655;153.979;153.999;153.989;0;T;True;3
1621217999000;11542656;153.979;153.999;153.989;0;T;True;3
1621218000000;11542657;153.979;153.999;153.989;0;T;True;3
1621218001000;11542660;153.979;153.999;153.989;2;T;True;3
1621218002000;11542661;153.979;153.999;153.989;0;T;True;3
1621218003000;11542662;153.979;153.999;153.989;0;T;True;3
1621218004000;11542663;153.979;153.999;153.989;0;T;True;3
1621218005000;11542665;153.977;153.997;153.987;1;T;True;3
1621218006000;11542667;153.978;153.998;153.988;1;T;True;3
1621218007000;11542668;153.978;153.998;153.988;0;T;True;3
1621218008000;11542669;153.978;153.998;153.988;0;T;True;3
1621218009000;11542670;153.978;153.998;153.988;0;T;True;3
1621218010000;11542671;153.978;153.998;153.988;0;T;True;3
1621218011000;11542673;153.979;153.999;153.989;1;T;True;3
1621218012000;11542674;153.979;153.999;153.989;0;T;True;3
1621218013000;11542675;153.979;153.999;153.989;0;T;True;3
1621218014000;11542676;153.979;153.999;153.989;0;T;True;3
1621218015000;11542677;153.979;153.999;153.989;0;T;True;3
1621218016000;11542678;153.979;153.999;153.989;0;T;True;3
1621218017000;11542679;153.979;153.999;153.989;0;T;True;3
1621218018000;11542680;153.979;153.999;153.989;0;T;True;3
1621218019000;11542681;153.979;153.999;153.989;0;T;True;3
1621218020000;11542682;153.979;153.999;153.989;0;T;True;3
1621218021000;11542683;153.979;153.999;153.989;0;T;True;3
1621218022000;11542684;153.979;153.999;153.989;0;T;True;3
1621218023000;11542687;153.98;154.0;153.99;2;T;True;3
1621218024000;11542689;153.979;153.999;153.989;1;T;True;3
1621218025000;11542692;153.98;154.0;153.99;2;T;True;3
1621218026000;11542693;153.98;154.0;153.99;0;T;True;3
1621218027000;11542694;153.98;154.0;153.99;0;T;True;3
1621218028000;11542695;153.98;154.0;153.99;0;T;True;3
1621218029000;11542696;153.98;154.0;153.99;0;T;True;3
1621218030000;11542697;153.98;154.0;153.99;0;T;True;3
1621218031000;11542698;153.98;154.0;153.99;0;T;True;3
1621218032000;11542699;153.98;154.0;153.99;0;T;True;3
1621218033000;11542700;153.98;154.0;153.99;0;T;True;3
1621218034000;11542701;153.98;154.0;153.99;0;T;True;3
1621218035000;11542702;153.98;154.0;153.99;0;T;True;3
1621218036000;11542703;153.98;154.0;153.99;0;T;True;3
1621218037000;11542704;153.98;154.0;153.99;0;T;True;3
1621218038000;11542705;153.98;154.0;153.99;0;T;True;3
1621218039000;11542706;153.98;154.0;153.99;0;T;True;3
1621218040000;11542707;153.98;154.0;153.99;0;T;True;3
1621218041000;11542708;153.98;154.0;153.99;0;T;True;3
1621218042000;11542709;153.98;154.0;153.99;0;T;True;3
1621218043000;11542710;153.98;154.0;153.99;0;T;True;3
1621218044000;11542711;153.98;154.0;153.99;0;T;True;3
1621218045000;11542712;153.98;154.0;153.99;0;T;True;3
1621218046000;11542714;153.979;153.999;153.989;1;T;True;3
1621218047000;11542715;153.979;153.999;153.989;0;T;True;3
1621218048000;11542717;153.981;154.001;153.991;1;T;True;3
1621218049000;11542718;153.981;154.001;153.991;0;T;True;3
1621218050000;11542719;153.981;154.001;153.991;0;T;True;3
1621218051000;11542720;153.981;154.001;153.991;0;T;True;3
1621218052000;11542721;153.981;154.001;153.991;0;T;True;3
1621218053000;11542722;153.981;154.001;153.991;0;T;True;3
1621218054000;11542723;153.981;154.001;153.991;0;T;True;3
1621218055000;11542724;153.981;154.001;153.991;0;T;True;3
1621218056000;11542725;153.981;154.001;153.991;0;T;True;3
1621218057000;11542726;153.981;154.001;153.991;0;T;True;3
1621218058000;11542727;153.981;154.001;153.991;0;T;True;3
1621218059000;11542728;153.981;154.001;153.991;0;T;True;3
1621218060000;11542729;153.981;154.001;153.991;0;T;True;3
1621218061000;11542731;153.98;154.0;153.99;1;T;True;3
1621218062000;11542732;153.98;154.0;153.99;0;T;True;3
1621218063000;11542734;153.979;153.999;153.989;1;T;True;3
1621218064000;11542737;153.979;153.999;153.989;2;T;True;3
1621218065000;11542738;153.979;153.999;153.989;0;T;True;3
1621218066000;11542739;153.979;153.999;153.989;0;T;True;3
1621218067000;11542740;153.979;153.999;153.989;0;T;True;3
1621218068000;11542741;153.979;153.999;153.989;0;T;True;3
1621218069000;11542742;153.979;153.999;153.989;0;T;True;3
1621218070000;11542743;153.979;153.999;153.989;0;T;True;3
1621218071000;11542744;153.979;153.999;153.989;0;T;True;3
1621218072000;11542745;153.979;153.999;153.989;0;T;True;3
1621218073000;11542746;153.979;153.999;153.989;0;T;True;3
1621218074000;11542748;153.98;154.0;153.99;1;T;True;3
1621218075000;11542750;153.979;153.999;153.989;1;T;True;3
1621218076000;11542751;153.979;153.999;153.989;0;T;True;3
1621218077000;11542752;153.979;153.999;153.989;0;T;True;3
1621218078000;11542753;153.979;153.999;153.989;0;T;True;3
1621218079000;11542754;153.979;153.999;153.989;0;T;True;3
1621218080000;11542755;153.979;153.999;153.989;0;T;True;3
1621218081000;11542756;153.979;153.999;153.989;0;T;True;3
1621218082000;11542757;153.979;153.999;153.989;0;T;True;3
1621218083000;11542758;153.979;153.999;153.989;0;T;True;3
1621218084000;11542760;153.98;154.0;153.99;1;T;True;3
1621218085000;11542761;153.98;154.0;153.99;0;T;True;3
1621218086000;11542762;153.98;154.0;153.99;0;T;True;3
1621218087000;11542764;153.979;153.999;153.989;1;T;True;3
1621218088000;11542765;153.979;153.999;153.989;0;T;True;3
1621218089000;11542769;153.989;154.009;153.999;3;T;True;3
1621218090000;11542770;153.989;154.009;153.999;0;T;True;3
1621218091000;11542771;153.989;154.009;153.999;0;T;True;3
1621218092000;11542772;153.989;154.009;153.999;0;T;True;3
1621218093000;11542773;153.989;154.009;153.999;0;T;True;3
1621218094000;11542775;153.987;154.007;153.997;1;T;True;3
1621218095000;11542777;153.986;154.006;153.996;1;T;True;3
1621218096000;11542780;153.983;154.003;153.993;2;T;True;3
1621218097000;11542781;153.983;154.003;153.993;0;T;True;3
1621218098000;11542785;153.986;154.006;153.996;3;T;True;3
1621218099000;11542786;153.986;154.006;153.996;0;T;True;3
1621218100000;11542788;153.987;154.007;153.997;1;T;True;3
1621218101000;11542789;153.987;154.007;153.997;0;T;True;3
1621218102000;11542790;153.987;154.007;153.997;0;T;True;3
1621218103000;11542791;153.987;154.007;153.997;0;T;True;3
1621218104000;11542794;153.984;154.004;153.994;2;T;True;3
1621218105000;11542795;153.984;154.004;153.994;0;T;True;3
1621218106000;11542796;153.984;154.004;153.994;0;T;True;3
1621218107000;11542800;153.991;154.011;154.001;3;T;True;3
1621218108000;11542801;153.991;154.011;154.001;0;T;True;3
1621218109000;11542805;153.995;154.015;154.005;3;T;True;3
1621218110000;11542806;153.995;154.015;154.005;0;T;True;3
1621218111000;11542807;153.995;154.015;154.005;0;T;True;3
1621218112000;11542808;153.995;154.015;154.005;0;T;True;3
1621218113000;11542809;153.995;154.015;154.005;0;T;True;3
1621218114000;11542810;153.995;154.015;154.005;0;T;True;3
1621218115000;11542812;153.994;154.014;154.004;1;T;True;3
1621218116000;11542815;153.996;154.016;154.006;2;T;True;3
1621218117000;11542816;153.996;154.016;154.006;0;T;True;3
1621218118000;11542818;153.993;154.013;154.003;1;T;True;3
1621218119000;11542819;153.993;154.013;154.003;0;T;True;3
1621218120000;11542820;153.993;154.013;154.003;0;T;True;3
1621218121000;11542821;153.993;154.013;154.003;0;T;True;3
1621218122000;11542822;153.993;154.013;154.003;0;T;True;3
1621218123000;11542823;153.993;154.013;154.003;0;T;True;3
1621218124000;11542824;153.993;154.013;154.003;0;T;True;3
1621218125000;11542825;153.993;154.013;154.003;0;T;True;3
1621218126000;11542826;153.993;154.013;154.003;0;T;True;3
1621218127000;11542827;153.993;154.013;154.003;0;T;True;3
1621218128000;11542829;153.992;154.012;154.002;1;T;True;3
1621218129000;11542831;153.991;154.011;154.001;1;T;True;3
1621218130000;11542832;153.991;154.011;154.001;0;T;True;3
1621218131000;11542833;153.991;154.011;154.001;0;T;True;3
1621218132000;11542834;153.991;154.011;154.001;0;T;True;3
1621218133000;11542836;153.99;154.01;154.0;1;T;True;3
1621218134000;11542839;153.985;154.005;153.995;2;T;True;3
1621218135000;11542841;153.983;154.003;153.993;1;T;True;3
1621218136000;11542843;153.985;154.005;153.995;1;T;True;3
1621218137000;11542845;153.981;154.001;153.991;1;T;True;3
1621218138000;11542846;153.981;154.001;153.991;0;T;True;3
1621218139000;11542848;153.98;154.0;153.99;1;T;True;3
1621218140000;11542849;153.98;154.0;153.99;0;T;True;3
1621218141000;11542850;153.98;154.0;153.99;0;T;True;3
1621218142000;11542851;153.98;154.0;153.99;0;T;True;3
1621218143000;11542852;153.98;154.0;153.99;0;T;True;3
1621218144000;11542853;153.98;154.0;153.99;0;T;True;3
1621218145000;11542855;153.979;153.999;153.989;1;T;True;3
1621218146000;11542856;153.979;153.999;153.989;0;T;True;3
1621218147000;11542857;153.979;153.999;153.989;0;T;True;3
1621218148000;11542860;153.978;153.998;153.988;2;T;True;3
1621218149000;11542862;153.976;153.996;153.986;1;T;True;3
1621218150000;11542863;153.976;153.996;153.986;0;T;True;3
1621218151000;11542864;153.976;153.996;153.986;0;T;True;3
1621218152000;11542865;153.976;153.996;153.986;0;T;True;3
1621218153000;11542867;153.977;153.997;153.987;1;T;True;3
1621218154000;11542869;153.975;153.995;153.985;1;T;True;3
1621218155000;11542870;153.975;153.995;153.985;0;T;True;3
1621218156000;11542871;153.975;153.995;153.985;0;T;True;3
1621218157000;11542872;153.975;153.995;153.985;0;T;True;3
1621218158000;11542873;153.975;153.995;153.985;0;T;True;3
1621218159000;11542875;153.972;153.992;153.982;1;T;True;3
1621218160000;11542877;153.971;153.991;153.981;1;T;True;3
1621218161000;11542879;153.972;153.992;153.982;1;T;True;3
1621218162000;11542881;153.973;153.993;153.983;1;T;True;3
1621218163000;11542882;153.973;153.993;153.983;0;T;True;3
1621218164000;11542883;153.973;153.993;153.983;0;T;True;3
1621218165000;11542884;153.973;153.993;153.983;0;T;True;3
1621218166000;11542885;153.973;153.993;153.983;0;T;True;3
1621218167000;11542886;153.973;153.993;153.983;0;T;True;3
1621218168000;11542887;153.973;153.993;153.983;0;T;True;3
1621218169000;11542888;153.973;153.993;153.983;0;T;True;3
1621218170000;11542889;153.973;153.993;153.983;0;T;True;3
1621218171000;11542890;153.973;153.993;153.983;0;T;True;3
1621218172000;11542891;153.973;153.993;153.983;0;T;True;3
1621218173000;11542892;153.973;153.993;153.983;0;T;True;3
1621218174000;11542893;153.973;153.993;153.983;0;T;True;3
1621218175000;11542894;153.973;153.993;153.983;0;T;True;3
1621218176000;11542895;153.973;153.993;153.983;0;T;True;3
1621218177000;11542896;153.973;153.993;153.983;0;T;True;3
1621218178000;11542897;153.973;153.993;153.983;0;T;True;3
1621218179000;11542899;153.974;153.994;153.984;1;T;True;3
1621218180000;11542900;153.974;153.994;153.984;0;T;True;3
1621218181000;11542901;153.974;153.994;153.984;0;T;True;3
1621218182000;11542902;153.974;153.994;153.984;0;T;True;3
1621218183000;11542903;153.974;153.994;153.984;0;T;True;3
1621218184000;11542905;153.973;153.993;153.983;1;T;True;3
1621218185000;11542906;153.973;153.993;153.983;0;T;True;3
1621218186000;11542908;153.974;153.994;153.984;1;T;True;3
1621218187000;11542909;153.974;153.994;153.984;0;T;True;3
1621218188000;11542910;153.974;153.994;153.984;0;T;True;3
1621218189000;11542911;153.974;153.994;153.984;0;T;True;3
1621218190000;11542912;153.974;153.994;153.984;0;T;True;3
1621218191000;11542913;153.974;153.994;153.984;0;T;True;3
1621218192000;11542914;153.974;153.994;153.984;0;T;True;3
1621218193000;11542916;153.973;153.993;153.983;1;T;True;3
1621218194000;11542917;153.973;153.993;153.983;0;T;True;3
1621218195000;11542918;153.973;153.993;153.983;0;T;True;3
1621218196000;11542920;153.974;153.994;153.984;1;T;True;3
1621218197000;11542921;153.974;153.994;153.984;0;T;True;3
1621218198000;11542924;153.968;153.988;153.978;2;T;True;3
1621218199000;11542928;153.972;153.992;153.982;3;T;True;3
1621218200000;11542929;153.972;153.992;153.982;0;T;True;3
1621218201000;11542930;153.972;153.992;153.982;0;T;True;3
1621218202000;11542931;153.972;153.992;153.982;0;T;True;3
1621218203000;11542932;153.972;153.992;153.982;0;T;True;3
1621218204000;11542933;153.972;153.992;153.982;0;T;True;3
1621218205000;11542934;153.972;153.992;153.982;0;T;True;3
1621218206000;11542935;153.972;153.992;153.982;0;T;True;3
1621218207000;11542936;153.972;153.992;153.982;0;T;True;3
1621218208000;11542937;153.972;153.992;153.982;0;T;True;3
1621218209000;11542939;153.971;153.991;153.981;1;T;True;3
1621218210000;11542940;153.971;153.991;153.981;0;T;True;3
1621218211000;11542941;153.971;153.991;153.981;0;T;True;3
1621218212000;11542942;153.971;153.991;153.981;0;T;True;3
1621218213000;11542943;153.971;153.991;153.981;0;T;True;3
1621218214000;11542944;153.971;153.991;153.981;0;T;True;3
1621218215000;11542946;153.969;153.989;153.979;1;T;True;3
1621218216000;11542947;153.969;153.989;153.979;0;T;True;3
1621218217000;11542948;153.969;153.989;153.979;0;T;True;3
1621218218000;11542949;153.969;153.989;153.979;0;T;True;3
1621218219000;11542950;153.969;153.989;153.979;0;T;True;3
1621218220000;11542951;153.969;153.989;153.979;0;T;True;3
1621218221000;11542952;153.969;153.989;153.979;0;T;True;3
1621218222000;11542954;153.967;153.987;153.977;1;T;True;3
1621218223000;11542955;153.967;153.987;153.977;0;T;True;3
1621218224000;11542957;153.966;153.986;153.976;1;T;True;3
1621218225000;11542958;153.966;153.986;153.976;0;T;True;3
1621218226000;11542959;153.966;153.986;153.976;0;T;True;3
1621218227000;11542960;153.966;153.986;153.976;0;T;True;3
1621218228000;11542961;153.966;153.986;153.976;0;T;True;3
1621218229000;11542962;153.966;153.986;153.976;0;T;True;3
1621218230000;11542963;153.966;153.986;153.976;0;T;True;3
1621218231000;11542964;153.966;153.986;153.976;0;T;True;3
1621218232000;11542965;153.966;153.986;153.976;0;T;True;3
1621218233000;11542966;153.966;153.986;153.976;0;T;True;3
1621218234000;11542967;153.966;153.986;153.976;0;T;True;3
1621218235000;11542968;153.966;153.986;153.976;0;T;True;3
1621218236000;11542969;153.966;153.986;153.976;0;T;True;3
1621218237000;11542970;153.966;153.986;153.976;0;T;True;3
1621218238000;11542971;153.966;153.986;153.976;0;T;True;3
1621218239000;11542972;153.966;153.986;153.976;0;T;True;3
1621218240000;11542973;153.966;153.986;153.976;0;T;True;3
1621218241000;11542974;153.966;153.986;153.976;0;T;True;3
1621218242000;11542975;153.966;153.986;153.976;0;T;True;3
1621218243000;11542976;153.966;153.986;153.976;0;T;True;3
1621218244000;11542977;153.966;153.986;153.976;0;T;True;3
1621218245000;11542978;153.966;153.986;153.976;0;T;True;3
1621218246000;11542979;153.966;153.986;153.976;0;T;True;3
1621218247000;11542980;153.966;153.986;153.976;0;T;True;3
1621218248000;11542982;153.967;153.987;153.977;1;T;True;3
1621218249000;11542983;153.967;153.987;153.977;0;T;True;3
1621218250000;11542984;153.967;153.987;153.977;0;T;True;3
1621218251000;11542985;153.967;153.987;153.977;0;T;True;3
1621218252000;11542986;153.967;153.987;153.977;0;T;True;3
1621218253000;11542987;153.967;153.987;153.977;0;T;True;3
1621218254000;11542989;153.966;153.986;153.976;1;T;True;3
1621218255000;11542990;153.966;153.986;153.976;0;T;True;3
1621218256000;11542991;153.966;153.986;153.976;0;T;True;3
1621218257000;11542992;153.966;153.986;153.976;0;T;True;3
1621218258000;11542993;153.966;153.986;153.976;0;T;True;3
1621218259000;11542995;153.965;153.985;153.975;1;T;True;3
1621218260000;11542996;153.965;153.985;153.975;0;T;True;3
1621218261000;11542997;153.965;153.985;153.975;0;T;True;3
1621218262000;11542998;153.965;153.985;153.975;0;T;True;3
1621218263000;11542999;153.965;153.985;153.975;0;T;True;3
1621218264000;11543000;153.965;153.985;153.975;0;T;True;3
1621218265000;11543001;153.965;153.985;153.975;0;T;True;3
1621218266000;11543003;153.963;153.983;153.973;1;T;True;3
1621218267000;11543004;153.963;153.983;153.973;0;T;True;3
1621218268000;11543005;153.963;153.983;153.973;0;T;True;3
1621218269000;11543006;153.963;153.983;153.973;0;T;True;3
1621218270000;11543008;153.962;153.982;153.972;1;T;True;3
1621218271000;11543009;153.962;153.982;153.972;0;T;True;3
1621218272000;11543010;153.962;153.982;153.972;0;T;True;3
1621218273000;11543011;153.962;153.982;153.972;0;T;True;3
1621218274000;11543012;153.962;153.982;153.972;0;T;True;3
1621218275000;11543013;153.962;153.982;153.972;0;T;True;3
1621218276000;11543014;153.962;153.982;153.972;0;T;True;3
1621218277000;11543015;153.962;153.982;153.972;0;T;True;3
1621218278000;11543016;153.962;153.982;153.972;0;T;True;3
1621218279000;11543017;153.962;153.982;153.972;0;T;True;3
1621218280000;11543018;153.962;153.982;153.972;0;T;True;3
1621218281000;11543019;153.962;153.982;153.972;0;T;True;3
1621218282000;11543020;153.962;153.982;153.972;0;T;True;3
1621218283000;11543021;153.962;153.982;153.972;0;T;True;3
1621218284000;11543022;153.962;153.982;153.972;0;T;True;3
1621218285000;11543024;153.961;153.981;153.971;1;T;True;3
1621218286000;11543025;153.961;153.981;153.971;0;T;True;3
1621218287000;11543026;153.961;153.981;153.971;0;T;True;3
1621218288000;11543027;153.961;153.981;153.971;0;T;True;3
1621218289000;11543028;153.961;153.981;153.971;0;T;True;3
1621218290000;11543029;153.961;153.981;153.971;0;T;True;3
1621218291000;11543030;153.961;153.981;153.971;0;T;True;3
1621218292000;11543031;153.961;153.981;153.971;0;T;True;3
1621218293000;11543032;153.961;153.981;153.971;0;T;True;3
1621218294000;11543033;153.961;153.981;153.971;0;T;True;3
1621218295000;11543035;153.965;153.985;153.975;1;T;True;3
1621218296000;11543036;153.965;153.985;153.975;0;T;True;3
1621218297000;11543038;153.969;153.989;153.979;1;T;True;3
1621218298000;11543039;153.969;153.989;153.979;0;T;True;3
1621218299000;11543040;153.969;153.989;153.979;0;T;True;3
1621218300000;11543041;153.969;153.989;153.979;0;T;True;3
1621218301000;11543046;153.966;153.986;153.976;4;T;True;3
1621218302000;11543047;153.966;153.986;153.976;0;T;True;3
1621218303000;11543049;153.967;153.987;153.977;1;T;True;3
1621218304000;11543050;153.967;153.987;153.977;0;T;True;3
1621218305000;11543051;153.967;153.987;153.977;0;T;True;3
1621218306000;11543052;153.967;153.987;153.977;0;T;True;3
1621218307000;11543053;153.967;153.987;153.977;0;T;True;3
1621218308000;11543054;153.967;153.987;153.977;0;T;True;3
1621218309000;11543055;153.967;153.987;153.977;0;T;True;3
1621218310000;11543056;153.967;153.987;153.977;0;T;True;3
1621218311000;11543058;153.969;153.989;153.979;1;T;True;3
1621218312000;11543059;153.969;153.989;153.979;0;T;True;3
1621218313000;11543060;153.969;153.989;153.979;0;T;True;3
1621218314000;11543061;153.969;153.989;153.979;0;T;True;3
1621218315000;11543062;153.969;153.989;153.979;0;T;True;3
1621218316000;11543063;153.969;153.989;153.979;0;T;True;3
1621218317000;11543064;153.969;153.989;153.979;0;T;True;3
1621218318000;11543065;153.969;153.989;153.979;0;T;True;3
1621218319000;11543066;153.969;153.989;153.979;0;T;True;3
1621218320000;11543068;153.97;153.99;153.98;1;T;True;3
1621218321000;11543069;153.97;153.99;153.98;0;T;True;3
1621218322000;11543070;153.97;153.99;153.98;0;T;True;3
1621218323000;11543071;153.97;153.99;153.98;0;T;True;3
1621218324000;11543072;153.97;153.99;153.98;0;T;True;3
1621218325000;11543073;153.97;153.99;153.98;0;T;True;3
1621218326000;11543074;153.97;153.99;153.98;0;T;True;3
1621218327000;11543075;153.97;153.99;153.98;0;T;True;3
1621218328000;11543077;153.971;153.991;153.981;1;T;True;3
1621218329000;11543078;153.971;153.991;153.981;0;T;True;3
1621218330000;11543082;153.979;153.999;153.989;3;T;True;3
1621218331000;11543084;153.981;154.001;153.991;1;T;True;3
1621218332000;11543085;153.981;154.001;153.991;0;T;True;3
1621218333000;11543086;153.981;154.001;153.991;0;T;True;3
1621218334000;11543087;153.981;154.001;153.991;0;T;True;3
1621218335000;11543088;153.981;154.001;153.991;0;T;True;3
1621218336000;11543090;153.983;154.003;153.993;1;T;True;3
1621218337000;11543091;153.983;154.003;153.993;0;T;True;3
1621218338000;11543092;153.983;154.003;153.993;0;T;True;3
1621218339000;11543093;153.983;154.003;153.993;0;T;True;3
1621218340000;11543095;153.985;154.005;153.995;1;T;True;3
1621218341000;11543098;153.983;154.003;153.993;2;T;True;3
1621218342000;11543099;153.983;154.003;153.993;0;T;True;3
1621218343000;11543102;153.983;154.003;153.993;2;T;True;3
1621218344000;11543103;153.983;154.003;153.993;0;T;True;3
1621218345000;11543105;153.984;154.004;153.994;1;T;True;3
1621218346000;11543106;153.984;154.004;153.994;0;T;True;3
1621218347000;11543107;153.984;154.004;153.994;0;T;True;3
1621218348000;11543108;153.984;154.004;153.994;0;T;True;3
1621218349000;11543109;153.984;154.004;153.994;0;T;True;3
1621218350000;11543110;153.984;154.004;153.994;0;T;True;3
1621218351000;11543112;153.985;154.005;153.995;1;T;True;3
1621218352000;11543113;153.985;154.005;153.995;0;T;True;3
1621218353000;11543114;153.985;154.005;153.995;0;T;True;3
1621218354000;11543115;153.985;154.005;153.995;0;T;True;3
1621218355000;11543116;153.985;154.005;153.995;0;T;True;3
1621218356000;11543117;153.985;154.005;153.995;0;T;True;3
1621218357000;11543118;153.985;154.005;153.995;0;T;True;3
1621218358000;11543119;153.985;154.005;153.995;0;T;True;3
1621218359000;11543121;153.984;154.004;153.994;1;T;True;3
1621218360000;11543123;153.985;154.005;153.995;1;T;True;3
1621218361000;11543124;153.985;154.005;153.995;0;T;True;3
1621218362000;11543126;153.986;154.006;153.996;1;T;True;3
1621218363000;11543129;153.986;154.006;153.996;2;T;True;3
1621218364000;11543134;153.988;154.008;153.998;4;T;True;3
1621218365000;11543135;153.988;154.008;153.998;0;T;True;3
1621218366000;11543136;153.988;154.008;153.998;0;T;True;3
1621218367000;11543137;153.988;154.008;153.998;0;T;True;3
1621218368000;11543138;153.988;154.008;153.998;0;T;True;3
1621218369000;11543140;153.989;154.009;153.999;1;T;True;3
1621218370000;11543141;153.989;154.009;153.999;0;T;True;3
1621218371000;11543142;153.989;154.009;153.999;0;T;True;3
1621218372000;11543143;153.989;154.009;153.999;0;T;True;3
1621218373000;11543144;153.989;154.009;153.999;0;T;True;3
1621218374000;11543146;153.991;154.011;154.001;1;T;True;3
1621218375000;11543148;153.99;154.01;154.0;1;T;True;3
1621218376000;11543149;153.99;154.01;154.0;0;T;True;3
1621218377000;11543151;153.988;154.008;153.998;1;T;True;3
1621218378000;11543152;153.988;154.008;153.998;0;T;True;3
1621218379000;11543153;153.988;154.008;153.998;0;T;True;3
1621218380000;11543155;153.987;154.007;153.997;1;T;True;3
1621218381000;11543156;153.987;154.007;153.997;0;T;True;3
1621218382000;11543157;153.987;154.007;153.997;0;T;True;3
1621218383000;11543158;153.987;154.007;153.997;0;T;True;3
1621218384000;11543164;153.975;153.995;153.985;5;T;True;3
1621218385000;11543167;153.972;153.992;153.982;2;T;True;3
1621218386000;11543169;153.973;153.993;153.983;1;T;True;3
1621218387000;11543170;153.973;153.993;153.983;0;T;True;3
1621218388000;11543171;153.973;153.993;153.983;0;T;True;3
1621218389000;11543172;153.973;153.993;153.983;0;T;True;3
1621218390000;11543174;153.972;153.992;153.982;1;T;True;3
