ts;n;bid;ask;value;volume;phase;round;active_id
1621259862000;11613392;153.895;153.915;153.905;0;T;True;3
1621259863000;11613393;153.895;153.915;153.905;0;T;True;3
1621259864000;11613394;153.895;153.915;153.905;0;T;True;3
1621259865000;11613396;153.893;153.913;153.903;1;T;True;3
1621259866000;11613397;153.893;153.913;153.903;0;T;True;3
1621259867000;11613398;153.893;153.913;153.903;0;T;True;3
1621259868000;11613399;153.893;153.913;153.903;0;T;True;3
1621259869000;11613400;153.893;153.913;153.903;0;T;True;3
1621259870000;11613401;153.893;153.913;153.903;0;T;True;3
1621259871000;11613403;153.894;153.914;153.904;1;T;True;3
1621259872000;11613404;153.894;153.914;153.904;0;T;True;3
1621259873000;11613405;153.894;153.914;153.904;0;T;True;3
1621259874000;11613408;153.897;153.917;153.907;2;T;True;3
1621259875000;11613409;153.897;153.917;153.907;0;T;True;3
1621259876000;11613411;153.899;153.919;153.909;1;T;True;3
1621259877000;11613413;153.901;153.921;153.911;1;T;True;3
1621259878000;11613414;153.901;153.921;153.911;0;T;True;3
1621259879000;11613417;153.902;153.922;153.912;2;T;True;3
1621259880000;11613418;153.902;153.922;153.912;0;T;True;3
1621259881000;11613420;153.903;153.923;153.913;1;T;True;3
1621259882000;11613424;153.909;153.929;153.919;3;T;True;3
1621259883000;11613428;153.907;153.927;153.917;3;T;True;3
1621259884000;11613430;153.909;153.929;153.919;1;T;True;3
1621259885000;11613432;153.907;153.927;153.917;1;T;True;3
1621259886000;11613433;153.907;153.927;153.917;0;T;True;3
1621259887000;11613434;153.907;153.927;153.917;0;T;True;3
1621259888000;11613435;153.907;153.927;153.917;0;T;True;3
1621259889000;11613436;153.907;153.927;153.917;0;T;True;3
1621259890000;11613437;153.907;153.927;153.917;0;T;True;3
1621259891000;11613438;153.907;153.927;153.917;0;T;True;3
1621259892000;11613440;153.904;153.924;153.914;1;T;True;3
1621259893000;11613441;153.904;153.924;153.914;0;T;True;3
1621259894000;11613443;153.903;153.923;153.913;1;T;True;3
1621259895000;11613445;153.899;153.919;153.909;1;T;True;3
1621259896000;11613447;153.897;153.917;153.907;1;T;True;3
1621259897000;11613448;153.897;153.917;153.907;0;T;True;3
1621259898000;11613450;153.895;153.915;153.905;1;T;True;3
1621259899000;11613452;153.897;153.917;153.907;1;T;True;3
1621259900000;11613455;153.899;153.919;153.909;2;T;True;3
1621259901000;11613458;153.899;153.919;153.909;2;T;True;3
1621259902000;11613461;153.905;153.925;153.915;2;T;True;3
1621259903000;11613462;153.905;153.925;153.915;0;T;True;3
1621259904000;11613464;153.903;153.923;153.913;1;T;True;3
1621259905000;11613465;153.903;153.923;153.913;0;T;True;3
1621259906000;11613466;153.903;153.923;153.913;0;T;True;3
1621259907000;11613467;153.903;153.923;153.913;0;T;True;3
1621259908000;11613468;153.903;153.923;153.913;0;T;True;3
1621259909000;11613469;153.903;153.923;153.913;0;T;True;3
1621259910000;11613471;153.901;153.921;153.911;1;T;True;3
1621259911000;11613472;153.901;153.921;153.911;0;T;True;3
1621259912000;11613474;153.902;153.922;153.912;1;T;True;3
1621259913000;11613475;153.902;153.922;153.912;0;T;True;3
1621259914000;11613477;153.906;153.926;153.916;1;T;True;3
1621259915000;11613480;153.91;153.93;153.92;2;T;True;3
1621259916000;11613482;153.913;153.933;153.923;1;T;True;3
1621259917000;11613483;153.913;153.933;153.923;0;T;True;3
1621259918000;11613486;153.913;153.933;153.923;2;T;True;3
1621259919000;11613487;153.913;153.933;153.923;0;T;True;3
1621259920000;11613490;153.917;153.937;153.927;2;T;True;3
1621259921000;11613492;153.915;153.935;153.925;1;T;True;3
1621259922000;11613493;153.915;153.935;153.925;0;T;True;3
1621259923000;11613494;153.915;153.935;153.925;0;T;True;3
1621259924000;11613495;153.915;153.935;153.925;0;T;True;3
1621259925000;11613496;153.915;153.935;153.925;0;T;True;3
1621259926000;11613497;153.915;153.935;153.925;0;T;True;3
1621259927000;11613498;153.915;153.935;153.925;0;T;True;3
1621259928000;11613499;153.915;153.935;153.925;0;T;True;3
1621259929000;11613500;153.915;153.935;153.925;0;T;True;3
1621259930000;11613501;153.915;153.935;153.925;0;T;True;3
1621259931000;11613502;153.915;153.935;153.925;0;T;True;3
1621259932000;11613504;153.917;153.937;153.927;1;T;True;3
1621259933000;11613506;153.923;153.943;153.933;1;T;True;3
1621259934000;11613507;153.923;153.943;153.933;0;T;True;3
1621259935000;11613508;153.923;153.943;153.933;0;T;True;3
1621259936000;11613512;153.925;153.945;153.935;3;T;True;3
1621259937000;11613513;153.925;153.945;153.935;0;T;True;3
1621259938000;11613514;153.925;153.945;153.935;0;T;True;3
1621259939000;11613515;153.925;153.945;153.935;0;T;True;3
1621259940000;11613516;153.925;153.945;153.935;0;T;True;3
1621259941000;11613517;153.925;153.945;153.935;0;T;True;3
1621259942000;11613519;153.929;153.949;153.939;1;T;True;3
1621259943000;11613520;153.929;153.949;153.939;0;T;True;3
1621259944000;11613522;153.927;153.947;153.937;1;T;True;3
1621259945000;11613524;153.929;153.949;153.939;1;T;True;3
1621259946000;11613526;153.928;153.948;153.938;1;T;True;3
1621259947000;11613527;153.928;153.948;153.938;0;T;True;3
1621259948000;11613528;153.928;153.948;153.938;0;T;True;3
1621259949000;11613529;153.928;153.948;153.938;0;T;True;3
1621259950000;11613531;153.929;153.949;153.939;1;T;True;3
1621259951000;11613533;153.927;153.947;153.937;1;T;True;3
1621259952000;11613534;153.927;153.947;153.937;0;T;True;3
1621259953000;11613535;153.927;153.947;153.937;0;T;True;3
1621259954000;11613536;153.927;153.947;153.937;0;T;True;3
1621259955000;11613537;153.927;153.947;153.937;0;T;True;3
1621259956000;11613538;153.927;153.947;153.937;0;T;True;3
1621259957000;11613539;153.927;153.947;153.937;0;T;True;3
1621259958000;11613542;153.928;153.948;153.938;2;T;True;3
1621259959000;11613544;153.929;153.949;153.939;1;T;True;3
1621259960000;11613546;153.928;153.948;153.938;1;T;True;3
1621259961000;11613547;153.928;153.948;153.938;0;T;True;3
1621259962000;11613549;153.927;153.947;153.937;1;T;True;3
1621259963000;11613550;153.927;153.947;153.937;0;T;True;3
1621259964000;11613551;153.927;153.947;153.937;0;T;True;3
1621259965000;11613552;153.927;153.947;153.937;0;T;True;3
1621259966000;11613553;153.927;153.947;153.937;0;T;True;3
1621259967000;11613556;153.92;153.94;153.93;2;T;True;3
1621259968000;11613557;153.92;153.94;153.93;0;T;True;3
1621259969000;11613558;153.92;153.94;153.93;0;T;True;3
1621259970000;11613560;153.921;153.941;153.931;1;T;True;3
1621259971000;11613562;153.919;153.939;153.929;1;T;True;3
1621259972000;11613563;153.919;153.939;153.929;0;T;True;3
1621259973000;11613564;153.919;153.939;153.929;0;T;True;3
1621259974000;11613568;153.915;153.935;153.925;3;T;True;3
1621259975000;11613569;153.915;153.935;153.925;0;T;True;3
1621259976000;11613572;153.915;153.935;153.925;2;T;True;3
1621259977000;11613574;153.917;153.937;153.927;1;T;True;3
1621259978000;11613575;153.917;153.937;153.927;0;T;True;3
1621259979000;11613577;153.918;153.938;153.928;1;T;True;3
1621259980000;11613578;153.918;153.938;153.928;0;T;True;3
1621259981000;11613579;153.918;153.938;153.928;0;T;True;3
1621259982000;11613580;153.918;153.938;153.928;0;T;True;3
1621259983000;11613581;153.918;153.938;153.928;0;T;True;3
1621259984000;11613583;153.919;153.939;153.929;1;T;True;3
1621259985000;11613586;153.922;153.942;153.932;2;T;True;3
1621259986000;11613590;153.923;153.943;153.933;3;T;True;3
1621259987000;11613591;153.923;153.943;153.933;0;T;True;3
1621259988000;11613593;153.925;153.945;153.935;1;T;True;3
1621259989000;11613594;153.925;153.945;153.935;0;T;True;3
1621259990000;11613595;153.925;153.945;153.935;0;T;True;3
1621259991000;11613596;153.925;153.945;153.935;0;T;True;3
1621259992000;11613597;153.925;153.945;153.935;0;T;True;3
1621259993000;11613598;153.925;153.945;153.935;0;T;True;3
1621259994000;11613599;153.925;153.945;153.935;0;T;True;3
1621259995000;11613600;153.925;153.945;153.935;0;T;True;3
1621259996000;11613602;153.927;153.947;153.937;1;T;True;3
1621259997000;11613603;153.927;153.947;153.937;0;T;True;3
1621259998000;11613604;153.927;153.947;153.937;0;T;True;3
1621259999000;11613605;153.927;153.947;153.937;0;T;True;3
1621260000000;11613608;153.933;153.953;153.943;2;T;True;3
1621260001000;11613614;153.928;153.948;153.938;5;T;True;3
1621260002000;11613618;153.919;153.939;153.929;3;T;True;3
1621260003000;11613620;153.921;153.941;153.931;1;T;True;3
1621260004000;11613625;153.92;153.94;153.93;4;T;True;3
1621260005000;11613628;153.92;153.94;153.93;2;T;True;3
1621260006000;11613631;153.915;153.935;153.925;2;T;True;3
1621260007000;11613632;153.915;153.935;153.925;0;T;True;3
1621260008000;11613636;153.909;153.929;153.919;3;T;True;3
1621260009000;11613637;153.909;153.929;153.919;0;T;True;3
1621260010000;11613639;153.91;153.93;153.92;1;T;True;3
1621260011000;11613642;153.912;153.932;153.922;2;T;True;3
1621260012000;11613646;153.911;153.931;153.921;3;T;True;3
1621260013000;11613647;153.911;153.931;153.921;0;T;True;3
1621260014000;11613650;153.908;153.928;153.918;2;T;True;3
1621260015000;11613651;153.908;153.928;153.918;0;T;True;3
1621260016000;11613652;153.908;153.928;153.918;0;T;True;3
1621260017000;11613654;153.909;153.929;153.919;1;T;True;3
1621260018000;11613655;153.909;153.929;153.919;0;T;True;3
1621260019000;11613656;153.909;153.929;153.919;0;T;True;3
1621260020000;11613657;153.909;153.929;153.919;0;T;True;3
1621260021000;11613662;153.901;153.921;153.911;4;T;True;3
1621260022000;11613665;153.899;153.919;153.909;2;T;True;3
1621260023000;11613668;153.901;153.921;153.911;2;T;True;3
1621260024000;11613671;153.907;153.927;153.917;2;T;True;3
1621260025000;11613672;153.907;153.927;153.917;0;T;True;3
1621260026000;11613673;153.907;153.927;153.917;0;T;True;3
1621260027000;11613674;153.907;153.927;153.917;0;T;True;3
1621260028000;11613677;153.913;153.933;153.923;2;T;True;3
1621260029000;11613679;153.909;153.929;153.919;1;T;True;3
1621260030000;11613680;153.909;153.929;153.919;0;T;True;3
1621260031000;11613681;153.909;153.929;153.919;0;T;True;3
1621260032000;11613682;153.909;153.929;153.919;0;T;True;3
1621260033000;11613683;153.909;153.929;153.919;0;T;True;3
1621260034000;11613684;153.909;153.929;153.919;0;T;True;3
1621260035000;11613685;153.909;153.929;153.919;0;T;True;3
1621260036000;11613686;153.909;153.929;153.919;0;T;True;3
1621260037000;11613687;153.909;153.929;153.919;0;T;True;3
1621260038000;11613688;153.909;153.929;153.919;0;T;True;3
1621260039000;11613690;153.908;153.928;153.918;1;T;True;3
1621260040000;11613691;153.908;153.928;153.918;0;T;True;3
1621260041000;11613693;153.907;153.927;153.917;1;T;True;3
1621260042000;11613694;153.907;153.927;153.917;0;T;True;3
1621260043000;11613695;153.907;153.927;153.917;0;T;True;3
1621260044000;11613696;153.907;153.927;153.917;0;T;True;3
1621260045000;11613700;153.896;153.916;153.906;3;T;True;3
1621260046000;11613702;153.897;153.917;153.907;1;T;True;3
1621260047000;11613703;153.897;153.917;153.907;0;T;True;3
1621260048000;11613707;153.903;153.923;153.913;3;T;True;3
1621260049000;11613708;153.903;153.923;153.913;0;T;True;3
1621260050000;11613709;153.903;153.923;153.913;0;T;True;3
1621260051000;11613711;153.899;153.919;153.909;1;T;True;3
1621260052000;11613713;153.903;153.923;153.913;1;T;True;3
1621260053000;11613716;153.903;153.923;153.913;2;T;True;3
1621260054000;11613717;153.903;153.923;153.913;0;T;True;3
1621260055000;11613718;153.903;153.923;153.913;0;T;True;3
1621260056000;11613720;153.901;153.921;153.911;1;T;True;3
1621260057000;11613721;153.901;153.921;153.911;0;T;True;3
1621260058000;11613722;153.901;153.921;153.911;0;T;True;3
1621260059000;11613723;153.901;153.921;153.911;0;T;True;3
1621260060000;11613724;153.901;153.921;153.911;0;T;True;3
1621260061000;11613726;153.905;153.925;153.915;1;T;True;3
1621260062000;11613729;153.906;153.926;153.916;2;T;True;3
1621260063000;11613731;153.907;153.927;153.917;1;T;True;3
1621260064000;11613733;153.903;153.923;153.913;1;T;True;3
1621260065000;11613734;153.903;153.923;153.913;0;T;True;3
1621260066000;11613736;153.906;153.926;153.916;1;T;True;3
1621260067000;11613738;153.905;153.925;153.915;1;T;True;3
1621260068000;11613744;153.909;153.929;153.919;5;T;True;3
1621260069000;11613746;153.908;153.928;153.918;1;T;True;3
1621260070000;11613748;153.907;153.927;153.917;1;T;True;3
1621260071000;11613749;153.907;153.927;153.917;0;T;True;3
1621260072000;11613750;153.907;153.927;153.917;0;T;True;3
1621260073000;11613755;153.899;153.919;153.909;4;T;True;3
1621260074000;11613757;153.901;153.921;153.911;1;T;True;3
1621260075000;11613760;153.898;153.918;153.908;2;T;True;3
1621260076000;11613761;153.898;153.918;153.908;0;T;True;3
1621260077000;11613763;153.899;153.919;153.909;1;T;True;3
1621260078000;11613766;153.899;153.919;153.909;2;T;True;3
1621260079000;11613770;153.903;153.923;153.913;3;T;True;3
1621260080000;11613773;153.899;153.919;153.909;2;T;True;3
1621260081000;11613776;153.899;153.919;153.909;2;T;True;3
1621260082000;11613778;153.901;153.921;153.911;1;T;True;3
1621260083000;11613781;153.901;153.921;153.911;2;T;True;3
1621260084000;11613782;153.901;153.921;153.911;0;T;True;3
1621260085000;11613785;153.907;153.927;153.917;2;T;True;3
1621260086000;11613789;153.903;153.923;153.913;3;T;True;3
1621260087000;11613792;153.899;153.919;153.909;2;T;True;3
1621260088000;11613793;153.899;153.919;153.909;0;T;True;3
1621260089000;11613794;153.899;153.919;153.909;0;T;True;3
1621260090000;11613796;153.901;153.921;153.911;1;T;True;3
1621260091000;11613797;153.901;153.921;153.911;0;T;True;3
1621260092000;11613798;153.901;153.921;153.911;0;T;True;3
1621260093000;11613806;153.921;153.941;153.931;7;T;True;3
1621260094000;11613811;153.918;153.938;153.928;4;T;True;3
1621260095000;11613812;153.918;153.938;153.928;0;T;True;3
1621260096000;11613814;153.919;153.939;153.929;1;T;True;3
1621260097000;11613816;153.918;153.938;153.928;1;T;True;3
1621260098000;11613817;153.918;153.938;153.928;0;T;True;3
1621260099000;11613821;153.923;153.943;153.933;3;T;True;3
1621260100000;11613823;153.919;153.939;153.929;1;T;True;3
1621260101000;11613824;153.919;153.939;153.929;0;T;True;3
1621260102000;11613826;153.921;153.941;153.931;1;T;True;3
1621260103000;11613827;153.921;153.941;153.931;0;T;True;3
1621260104000;11613831;153.915;153.935;153.925;3;T;True;3
1621260105000;11613832;153.915;153.935;153.925;0;T;True;3
1621260106000;11613833;153.915;153.935;153.925;0;T;True;3
1621260107000;11613835;153.917;153.937;153.927;1;T;True;3
1621260108000;11613836;153.917;153.937;153.927;0;T;True;3
1621260109000;11613840;153.924;153.944;153.934;3;T;True;3
1621260110000;11613841;153.924;153.944;153.934;0;T;True;3
1621260111000;11613843;153.923;153.943;153.933;1;T;True;3
1621260112000;11613844;153.923;153.943;153.933;0;T;True;3
1621260113000;11613845;153.923;153.943;153.933;0;T;True;3
1621260114000;11613846;153.923;153.943;153.933;0;T;True;3
1621260115000;11613847;153.923;153.943;153.933;0;T;True;3
1621260116000;11613849;153.921;153.941;153.931;1;T;True;3
1621260117000;11613852;153.921;153.941;153.931;2;T;True;3
1621260118000;11613854;153.92;153.94;153.93;1;T;True;3
1621260119000;11613855;153.92;153.94;153.93;0;T;True;3
1621260120000;11613858;153.925;153.945;153.935;2;T;True;3
1621260121000;11613860;153.926;153.946;153.936;1;T;True;3
1621260122000;11613863;153.919;153.939;153.929;2;T;True;3
1621260123000;11613866;153.925;153.945;153.935;2;T;True;3
1621260124000;11613868;153.923;153.943;153.933;1;T;True;3
1621260125000;11613869;153.923;153.943;153.933;0;T;True;3
1621260126000;11613870;153.923;153.943;153.933;0;T;True;3
1621260127000;11613873;153.929;153.949;153.939;2;T;True;3
1621260128000;11613874;153.929;153.949;153.939;0;T;True;3
1621260129000;11613875;153.929;153.949;153.939;0;T;True;3
1621260130000;11613877;153.927;153.947;153.937;1;T;True;3
1621260131000;11613880;153.929;153.949;153.939;2;T;True;3
1621260132000;11613883;153.927;153.947;153.937;2;T;True;3
1621260133000;11613884;153.927;153.947;153.937;0;T;True;3
1621260134000;11613886;153.925;153.945;153.935;1;T;True;3
1621260135000;11613889;153.929;153.949;153.939;2;T;True;3
1621260136000;11613891;153.931;153.951;153.941;1;T;True;3
1621260137000;11613897;153.933;153.953;153.943;5;T;True;3
1621260138000;11613901;153.925;153.945;153.935;3;T;True;3
1621260139000;11613903;153.923;153.943;153.933;1;T;True;3
1621260140000;11613906;153.93;153.95;153.94;2;T;True;3
1621260141000;11613907;153.93;153.95;153.94;0;T;True;3
1621260142000;11613908;153.93;153.95;153.94;0;T;True;3
1621260143000;11613912;153.927;153.947;153.937;3;T;True;3
1621260144000;11613913;153.927;153.947;153.937;0;T;True;3
1621260145000;11613915;153.925;153.945;153.935;1;T;True;3
1621260146000;11613916;153.925;153.945;153.935;0;T;True;3
1621260147000;11613917;153.925;153.945;153.935;0;T;True;3
1621260148000;11613919;153.927;153.947;153.937;1;T;True;3
1621260149000;11613920;153.927;153.947;153.937;0;T;True;3
1621260150000;11613922;153.929;153.949;153.939;1;T;True;3
1621260151000;11613923;153.929;153.949;153.939;0;T;True;3
1621260152000;11613925;153.925;153.945;153.935;1;T;True;3
1621260153000;11613930;153.918;153.938;153.928;4;T;True;3
1621260154000;11613932;153.919;153.939;153.929;1;T;True;3
1621260155000;11613933;153.919;153.939;153.929;0;T;True;3
1621260156000;11613936;153.923;153.943;153.933;2;T;True;3
1621260157000;11613937;153.923;153.943;153.933;0;T;True;3
1621260158000;11613940;153.923;153.943;153.933;2;T;True;3
1621260159000;11613944;153.917;153.937;153.927;3;T;True;3
1621260160000;11613947;153.917;153.937;153.927;2;T;True;3
1621260161000;11613948;153.917;153.937;153.927;0;T;True;3
1621260162000;11613949;153.917;153.937;153.927;0;T;True;3
1621260163000;11613951;153.916;153.936;153.926;1;T;True;3
1621260164000;11613953;153.917;153.937;153.927;1;T;True;3
1621260165000;11613954;153.917;153.937;153.927;0;T;True;3
1621260166000;11613957;153.919;153.939;153.929;2;T;True;3
1621260167000;11613958;153.919;153.939;153.929;0;T;True;3
1621260168000;11613960;153.921;153.941;153.931;1;T;True;3
1621260169000;11613961;153.921;153.941;153.931;0;T;True;3
1621260170000;11613964;153.917;153.937;153.927;2;T;True;3
1621260171000;11613967;153.919;153.939;153.929;2;T;True;3
1621260172000;11613971;153.921;153.941;153.931;3;T;True;3
1621260173000;11613972;153.921;153.941;153.931;0;T;True;3
1621260174000;11613975;153.917;153.937;153.927;2;T;True;3
1621260175000;11613978;153.917;153.937;153.927;2;T;True;3
1621260176000;11613981;153.917;153.937;153.927;2;T;True;3
1621260177000;11613982;153.917;153.937;153.927;0;T;True;3
1621260178000;11613983;153.917;153.937;153.927;0;T;True;3
1621260179000;11613985;153.915;153.935;153.925;1;T;True;3
1621260180000;11613988;153.909;153.929;153.919;2;T;True;3
1621260181000;11613990;153.91;153.93;153.92;1;T;True;3
1621260182000;11613991;153.91;153.93;153.92;0;T;True;3
1621260183000;11613992;153.91;153.93;153.92;0;T;True;3
1621260184000;11613993;153.91;153.93;153.92;0;T;True;3
1621260185000;11613995;153.912;153.932;153.922;1;T;True;3
1621260186000;11613997;153.911;153.931;153.921;1;T;True;3
1621260187000;11613999;153.912;153.932;153.922;1;T;True;3
1621260188000;11614003;153.919;153.939;153.929;3;T;True;3
1621260189000;11614009;153.917;153.937;153.927;5;T;True;3
1621260190000;11614012;153.923;153.943;153.933;2;T;True;3
1621260191000;11614013;153.923;153.943;153.933;0;T;True;3
1621260192000;11614014;153.923;153.943;153.933;0;T;True;3
1621260193000;11614015;153.923;153.943;153.933;0;T;True;3
1621260194000;11614018;153.921;153.941;153.931;2;T;True;3
1621260195000;11614021;153.921;153.941;153.931;2;T;True;3
1621260196000;11614022;153.921;153.941;153.931;0;T;True;3
1621260197000;11614024;153.918;153.938;153.928;1;T;True;3
1621260198000;11614026;153.917;153.937;153.927;1;T;True;3
1621260199000;11614027;153.917;153.937;153.927;0;T;True;3
1621260200000;11614030;153.918;153.938;153.928;2;T;True;3
1621260201000;11614031;153.918;153.938;153.928;0;T;True;3
1621260202000;11614032;153.918;153.938;153.928;0;T;True;3
1621260203000;11614033;153.918;153.938;153.928;0;T;True;3
1621260204000;11614039;153.926;153.946;153.936;5;T;True;3
1621260205000;11614041;153.925;153.945;153.935;1;T;True;3
1621260206000;11614042;153.925;153.945;153.935;0;T;True;3
1621260207000;11614044;153.927;153.947;153.937;1;T;True;3
1621260208000;11614045;153.927;153.947;153.937;0;T;True;3
1621260209000;11614049;153.927;153.947;153.937;3;T;True;3
1621260210000;11614051;153.928;153.948;153.938;1;T;True;3
1621260211000;11614052;153.928;153.948;153.938;0;T;True;3
1621260212000;11614056;153.925;153.945;153.935;3;T;True;3
1621260213000;11614058;153.924;153.944;153.934;1;T;True;3
1621260214000;11614059;153.924;153.944;153.934;0;T;True;3
1621260215000;11614063;153.933;153.953;153.943;3;T;True;3
1621260216000;11614066;153.933;153.953;153.943;2;T;True;3
1621260217000;11614070;153.931;153.951;153.941;3;T;True;3
1621260218000;11614075;153.932;153.952;153.942;4;T;True;3
1621260219000;11614080;153.925;153.945;153.935;4;T;True;3
1621260220000;11614082;153.929;153.949;153.939;1;T;True;3
1621260221000;11614085;153.925;153.945;153.935;2;T;True;3
1621260222000;11614089;153.926;153.946;153.936;3;T;True;3
1621260223000;11614094;153.931;153.951;153.941;4;T;True;3
1621260224000;11614096;153.929;153.949;153.939;1;T;True;3
1621260225000;11614097;153.929;153.949;153.939;0;T;True;3
1621260226000;11614100;153.934;153.954;153.944;2;T;True;3
1621260227000;11614107;153.922;153.942;153.932;6;T;True;3
1621260228000;11614112;153.911;153.931;153.921;4;T;True;3
1621260229000;11614113;153.911;153.931;153.921;0;T;True;3
1621260230000;11614115;153.908;153.928;153.918;1;T;True;3
1621260231000;11614116;153.908;153.928;153.918;0;T;True;3
1621260232000;11614118;153.912;153.932;153.922;1;T;True;3
1621260233000;11614119;153.912;153.932;153.922;0;T;True;3
1621260234000;11614120;153.912;153.932;153.922;0;T;True;3
1621260235000;11614121;153.912;153.932;153.922;0;T;True;3
1621260236000;11614122;153.912;153.932;153.922;0;T;True;3
1621260237000;11614124;153.913;153.933;153.923;1;T;True;3
1621260238000;11614126;153.915;153.935;153.925;1;T;True;3
1621260239000;11614127;153.915;153.935;153.925;0;T;True;3
1621260240000;11614128;153.915;153.935;153.925;0;T;True;3
1621260241000;11614134;153.924;153.944;153.934;5;T;True;3
1621260242000;11614138;153.933;153.953;153.943;3;T;True;3
1621260243000;11614141;153.923;153.943;153.933;2;T;True;3
1621260244000;11614142;153.923;153.943;153.933;0;T;True;3
1621260245000;11614145;153.924;153.944;153.934;2;T;True;3
1621260246000;11614148;153.916;153.936;153.926;2;T;True;3
1621260247000;11614150;153.917;153.937;153.927;1;T;True;3
1621260248000;11614151;153.917;153.937;153.927;0;T;True;3
1621260249000;11614153;153.915;153.935;153.925;1;T;True;3
1621260250000;11614155;153.917;153.937;153.927;1;T;True;3
1621260251000;11614160;153.911;153.931;153.921;4;T;True;3
1621260252000;11614163;153.911;153.931;153.921;2;T;True;3
1621260253000;11614164;153.911;153.931;153.921;0;T;True;3
1621260254000;11614167;153.909;153.929;153.919;2;T;True;3
1621260255000;11614169;153.907;153.927;153.917;1;T;True;3
1621260256000;11614172;153.905;153.925;153.915;2;T;True;3
1621260257000;11614176;153.911;153.931;153.921;3;T;True;3
1621260258000;11614179;153.908;153.928;153.918;2;T;True;3
1621260259000;11614181;153.907;153.927;153.917;1;T;True;3
1621260260000;11614183;153.909;153.929;153.919;1;T;True;3
1621260261000;11614184;153.909;153.929;153.919;0;T;True;3
1621260262000;11614186;153.911;153.931;153.921;1;T;True;3
1621260263000;11614187;153.911;153.931;153.921;0;T;True;3
1621260264000;11614189;153.913;153.933;153.923;1;T;True;3
1621260265000;11614190;153.913;153.933;153.923;0;T;True;3
1621260266000;11614192;153.914;153.934;153.924;1;T;True;3
1621260267000;11614195;153.913;153.933;153.923;2;T;True;3
1621260268000;11614197;153.915;153.935;153.925;1;T;True;3
1621260269000;11614200;153.919;153.939;153.929;2;T;True;3
1621260270000;11614204;153.925;153.945;153.935;3;T;True;3
1621260271000;11614209;153.925;153.945;153.935;4;T;True;3
1621260272000;11614212;153.924;153.944;153.934;2;T;True;3
1621260273000;11614214;153.925;153.945;153.935;1;T;True;3
1621260274000;11614217;153.931;153.951;153.941;2;T;True;3
1621260275000;11614220;153.927;153.947;153.937;2;T;True;3
1621260276000;11614223;153.927;153.947;153.937;2;T;True;3
1621260277000;11614224;153.927;153.947;153.937;0;T;True;3
1621260278000;11614228;153.921;153.941;153.931;3;T;True;3
1621260279000;11614229;153.921;153.941;153.931;0;T;True;3
1621260280000;11614230;153.921;153.941;153.931;0;T;True;3
1621260281000;11614232;153.923;153.943;153.933;1;T;True;3
1621260282000;11614233;153.923;153.943;153.933;0;T;True;3
1621260283000;11614236;153.917;153.937;153.927;2;T;True;3
1621260284000;11614240;153.915;153.935;153.925;3;T;True;3
1621260285000;11614243;153.915;153.935;153.925;2;T;True;3
1621260286000;11614246;153.923;153.943;153.933;2;T;True;3
1621260287000;11614251;153.927;153.947;153.937;4;T;True;3
1621260288000;11614253;153.925;153.945;153.935;1;T;True;3
1621260289000;11614254;153.925;153.945;153.935;0;T;True;3
1621260290000;11614257;153.917;153.937;153.927;2;T;True;3
1621260291000;11614258;153.917;153.937;153.927;0;T;True;3
1621260292000;11614259;153.917;153.937;153.927;0;T;True;3
1621260293000;11614260;153.917;153.937;153.927;0;T;True;3
1621260294000;11614262;153.919;153.939;153.929;1;T;True;3
1621260295000;11614264;153.917;153.937;153.927;1;T;True;3
1621260296000;11614267;153.917;153.937;153.927;2;T;True;3
1621260297000;11614268;153.917;153.937;153.927;0;T;True;3
1621260298000;11614270;153.915;153.935;153.925;1;T;True;3
1621260299000;11614271;153.915;153.935;153.925;0;T;True;3
1621260300000;11614273;153.916;153.936;153.926;1;T;True;3
1621260301000;11614279;153.93;153.95;153.94;5;T;True;3
1621260302000;11614281;153.931;153.951;153.941;1;T;True;3
1621260303000;11614283;153.93;153.95;153.94;1;T;True;3
1621260304000;11614286;153.925;153.945;153.935;2;T;True;3
1621260305000;11614290;153.921;153.941;153.931;3;T;True;3
1621260306000;11614293;153.921;153.941;153.931;2;T;True;3
1621260307000;11614295;153.919;153.939;153.929;1;T;True;3
1621260308000;11614300;153.915;153.935;153.925;4;T;True;3
1621260309000;11614302;153.917;153.937;153.927;1;T;True;3
1621260310000;11614305;153.919;153.939;153.929;2;T;True;3
1621260311000;11614308;153.928;153.948;153.938;2;T;True;3
1621260312000;11614312;153.929;153.949;153.939;3;T;True;3
1621260313000;11614316;153.938;153.958;153.948;3;T;True;3
1621260314000;11614317;153.938;153.958;153.948;0;T;True;3
1621260315000;11614318;153.938;153.958;153.948;0;T;True;3
1621260316000;11614322;153.941;153.961;153.951;3;T;True;3
1621260317000;11614327;153.947;153.967;153.957;4;T;True;3
1621260318000;11614332;153.945;153.965;153.955;4;T;True;3
1621260319000;11614335;153.943;153.963;153.953;2;T;True;3
1621260320000;11614336;153.943;153.963;153.953;0;T;True;3
1621260321000;11614340;153.947;153.967;153.957;3;T;True;3
1621260322000;11614343;153.947;153.967;153.957;2;T;True;3
1621260323000;11614347;153.94;153.96;153.95;3;T;True;3
1621260324000;11614350;153.943;153.963;153.953;2;T;True;3
1621260325000;11614351;153.943;153.963;153.953;0;T;True;3
1621260326000;11614355;153.943;153.963;153.953;3;T;True;3
1621260327000;11614357;153.945;153.965;153.955;1;T;True;3
1621260328000;11614360;153.941;153.961;153.951;2;T;True;3
1621260329000;11614362;153.94;153.96;153.95;1;T;True;3
1621260330000;11614364;153.939;153.959;153.949;1;T;True;3
1621260331000;11614368;153.945;153.965;153.955;3;T;True;3
1621260332000;11614370;153.946;153.966;153.956;1;T;True;3
1621260333000;11614371;153.946;153.966;153.956;0;T;True;3
1621260334000;11614373;153.945;153.965;153.955;1;T;True;3
1621260335000;11614376;153.945;153.965;153.955;2;T;True;3
1621260336000;11614377;153.945;153.965;153.955;0;T;True;3
1621260337000;11614378;153.945;153.965;153.955;0;T;True;3
1621260338000;11614379;153.945;153.965;153.955;0;T;True;3
1621260339000;11614382;153.943;153.963;153.953;2;T;True;3
1621260340000;11614386;153.943;153.963;153.953;3;T;True;3
1621260341000;11614388;153.944;153.964;153.954;1;T;True;3
1621260342000;11614391;153.943;153.963;153.953;2;T;True;3
1621260343000;11614393;153.945;153.965;153.955;1;T;True;3
1621260344000;11614394;153.945;153.965;153.955;0;T;True;3
1621260345000;11614395;153.945;153.965;153.955;0;T;True;3
1621260346000;11614396;153.945;153.965;153.955;0;T;True;3
1621260347000;11614398;153.951;153.971;153.961;1;T;True;3
1621260348000;11614400;153.953;153.973;153.963;1;T;True;3
1621260349000;11614405;153.951;153.971;153.961;4;T;True;3
1621260350000;11614408;153.953;153.973;153.963;2;T;True;3
1621260351000;11614411;153.953;153.973;153.963;2;T;True;3
1621260352000;11614414;153.951;153.971;153.961;2;T;True;3
1621260353000;11614415;153.951;153.971;153.961;0;T;True;3
1621260354000;11614416;153.951;153.971;153.961;0;T;True;3
1621260355000;11614417;153.951;153.971;153.961;0;T;True;3
1621260356000;11614421;153.943;153.963;153.953;3;T;True;3
1621260357000;11614423;153.941;153.961;153.951;1;T;True;3
1621260358000;11614425;153.943;153.963;153.953;1;T;True;3
1621260359000;11614429;153.936;153.956;153.946;3;T;True;3
1621260360000;11614431;153.935;153.955;153.945;1;T;True;3
1621260361000;11614436;153.931;153.951;153.941;4;T;True;3
1621260362000;11614439;153.937;153.957;153.947;2;T;True;3
1621260363000;11614441;153.933;153.953;153.943;1;T;True;3
1621260364000;11614443;153.931;153.951;153.941;1;T;True;3
1621260365000;11614444;153.931;153.951;153.941;0;T;True;3
1621260366000;11614446;153.933;153.953;153.943;1;T;True;3
1621260367000;11614449;153.939;153.959;153.949;2;T;True;3
1621260368000;11614452;153.934;153.954;153.944;2;T;True;3
1621260369000;11614454;153.933;153.953;153.943;1;T;True;3
1621260370000;11614457;153.935;153.955;153.945;2;T;True;3
1621260371000;11614458;153.935;153.955;153.945;0;T;True;3
1621260372000;11614459;153.935;153.955;153.945;0;T;True;3
1621260373000;11614460;153.935;153.955;153.945;0;T;True;3
1621260374000;11614461;153.935;153.955;153.945;0;T;True;3
1621260375000;11614464;153.943;153.963;153.953;2;T;True;3
1621260376000;11614467;153.947;153.967;153.957;2;T;True;3
1621260377000;11614468;153.947;153.967;153.957;0;T;True;3
1621260378000;11614471;153.947;153.967;153.957;2;T;True;3
1621260379000;11614476;153.939;153.959;153.949;4;T;True;3
1621260380000;11614479;153.942;153.962;153.952;2;T;True;3
1621260381000;11614480;153.942;153.962;153.952;0;T;True;3
1621260382000;11614482;153.941;153.961;153.951;1;T;True;3
1621260383000;11614487;153.945;153.965;153.955;4;T;True;3
1621260384000;11614488;153.945;153.965;153.955;0;T;True;3
1621260385000;11614489;153.945;153.965;153.955;0;T;True;3
1621260386000;11614490;153.945;153.965;153.955;0;T;True;3
1621260387000;11614492;153.944;153.964;153.954;1;T;True;3
1621260388000;11614494;153.945;153.965;153.955;1;T;True;3
1621260389000;11614495;153.945;153.965;153.955;0;T;True;3
1621260390000;11614498;153.942;153.962;153.952;2;T;True;3
1621260391000;11614502;153.943;153.963;153.953;3;T;True;3
1621260392000;11614505;153.939;153.959;153.949;2;T;True;3
1621260393000;11614506;153.939;153.959;153.949;0;T;True;3
1621260394000;11614508;153.941;153.961;153.951;1;T;True;3
1621260395000;11614509;153.941;153.961;153.951;0;T;True;3
1621260396000;11614510;153.941;153.961;153.951;0;T;True;3
1621260397000;11614511;153.941;153.961;153.951;0;T;True;3
1621260398000;11614513;153.939;153.959;153.949;1;T;True;3
1621260399000;11614519;153.938;153.958;153.948;5;T;True;3
1621260400000;11614521;153.939;153.959;153.949;1;T;True;3
1621260401000;11614525;153.941;153.961;153.951;3;T;True;3
1621260402000;11614526;153.941;153.961;153.951;0;T;True;3
1621260403000;11614527;153.941;153.961;153.951;0;T;True;3
1621260404000;11614529;153.942;153.962;153.952;1;T;True;3
1621260405000;11614531;153.943;153.963;153.953;1;T;True;3
1621260406000;11614535;153.951;153.971;153.961;3;T;True;3
1621260407000;11614536;153.951;153.971;153.961;0;T;True;3
1621260408000;11614539;153.948;153.968;153.958;2;T;True;3
1621260409000;11614541;153.945;153.965;153.955;1;T;True;3
1621260410000;11614544;153.945;153.965;153.955;2;T;True;3
1621260411000;11614546;153.947;153.967;153.957;1;T;True;3
1621260412000;11614547;153.947;153.967;153.957;0;T;True;3
1621260413000;11614549;153.946;153.966;153.956;1;T;True;3
1621260414000;11614551;153.945;153.965;153.955;1;T;True;3
1621260415000;11614553;153.943;153.963;153.953;1;T;True;3
1621260416000;11614557;153.943;153.963;153.953;3;T;True;3
1621260417000;11614558;153.943;153.963;153.953;0;T;True;3
1621260418000;11614561;153.947;153.967;153.957;2;T;True;3
1621260419000;11614562;153.947;153.967;153.957;0;T;True;3
1621260420000;11614564;153.949;153.969;153.959;1;T;True;3
1621260421000;11614569;153.949;153.969;153.959;4;T;True;3
1621260422000;11614570;153.949;153.969;153.959;0;T;True;3
1621260423000;11614573;153.943;153.963;153.953;2;T;True;3
1621260424000;11614575;153.946;153.966;153.956;1;T;True;3
1621260425000;11614576;153.946;153.966;153.956;0;T;True;3
1621260426000;11614577;153.946;153.966;153.956;0;T;True;3
1621260427000;11614580;153.949;153.969;153.959;2;T;True;3
1621260428000;11614582;153.953;153.973;153.963;1;T;True;3
1621260429000;11614584;153.951;153.971;153.961;1;T;True;3
1621260430000;11614587;153.946;153.966;153.956;2;T;True;3
1621260431000;11614591;153.947;153.967;153.957;3;T;True;3
1621260432000;11614592;153.947;153.967;153.957;0;T;True;3
1621260433000;11614593;153.947;153.967;153.957;0;T;True;3
1621260434000;11614595;153.949;153.969;153.959;1;T;True;3
1621260435000;11614596;153.949;153.969;153.959;0;T;True;3
1621260436000;11614597;153.949;153.969;153.959;0;T;True;3
1621260437000;11614598;153.949;153.969;153.959;0;T;True;3
1621260438000;11614599;153.949;153.969;153.959;0;T;True;3
1621260439000;11614600;153.949;153.969;153.959;0;T;True;3
1621260440000;11614605;153.939;153.959;153.949;4;T;True;3
1621260441000;11614607;153.941;153.961;153.951;1;T;True;3
1621260442000;11614608;153.941;153.961;153.951;0;T;True;3
1621260443000;11614609;153.941;153.961;153.951;0;T;True;3
1621260444000;11614611;153.943;153.963;153.953;1;T;True;3
1621260445000;11614612;153.943;153.963;153.953;0;T;True;3
1621260446000;11614613;153.943;153.963;153.953;0;T;True;3
1621260447000;11614614;153.943;153.963;153.953;0;T;True;3
1621260448000;11614615;153.943;153.963;153.953;0;T;True;3
1621260449000;11614620;153.955;153.975;153.965;4;T;True;3
1621260450000;11614622;153.956;153.976;153.966;1;T;True;3
1621260451000;11614625;153.957;153.977;153.967;2;T;True;3
1621260452000;11614627;153.958;153.978;153.968;1;T;True;3
1621260453000;11614629;153.957;153.977;153.967;1;T;True;3
1621260454000;11614632;153.956;153.976;153.966;2;T;True;3
1621260455000;11614635;153.956;153.976;153.966;2;T;True;3
1621260456000;11614637;153.955;153.975;153.965;1;T;True;3
1621260457000;11614640;153.959;153.979;153.969;2;T;True;3
1621260458000;11614645;153.964;153.984;153.974;4;T;True;3
1621260459000;11614648;153.959;153.979;153.969;2;T;True;3
1621260460000;11614649;153.959;153.979;153.969;0;T;True;3
1621260461000;11614650;153.959;153.979;153.969;0;T;True;3
1621260462000;11614654;153.962;153.982;153.972;3;T;True;3
1621260463000;11614658;153.963;153.983;153.973;3;T;True;3
1621260464000;11614659;153.963;153.983;153.973;0;T;True;3
1621260465000;11614664;153.966;153.986;153.976;4;T;True;3
1621260466000;11614665;153.966;153.986;153.976;0;T;True;3
1621260467000;11614669;153.961;153.981;153.971;3;T;True;3
1621260468000;11614672;153.965;153.985;153.975;2;T;True;3
1621260469000;11614673;153.965;153.985;153.975;0;T;True;3
1621260470000;11614674;153.965;153.985;153.975;0;T;True;3
1621260471000;11614676;153.963;153.983;153.973;1;T;True;3
1621260472000;11614677;153.963;153.983;153.973;0;T;True;3
1621260473000;11614679;153.961;153.981;153.971;1;T;True;3
1621260474000;11614682;153.963;153.983;153.973;2;T;True;3
1621260475000;11614684;153.965;153.985;153.975;1;T;True;3
1621260476000;11614685;153.965;153.985;153.975;0;T;True;3
1621260477000;11614687;153.966;153.986;153.976;1;T;True;3
1621260478000;11614690;153.967;153.987;153.977;2;T;True;3
1621260479000;11614691;153.967;153.987;153.977;0;T;True;3
1621260480000;11614693;153.963;153.983;153.973;1;T;True;3
1621260481000;11614700;153.943;153.963;153.953;6;T;True;3
1621260482000;11614708;153.936;153.956;153.946;7;T;True;3
1621260483000;11614713;153.932;153.952;153.942;4;T;True;3
1621260484000;11614719;153.927;153.947;153.937;5;T;True;3
1621260485000;11614720;153.927;153.947;153.937;0;T;True;3
1621260486000;11614722;153.929;153.949;153.939;1;T;True;3
1621260487000;11614725;153.939;153.959;153.949;2;T;True;3
1621260488000;11614726;153.939;153.959;153.949;0;T;True;3
1621260489000;11614730;153.947;153.967;153.957;3;T;True;3
1621260490000;11614731;153.947;153.967;153.957;0;T;True;3
1621260491000;11614732;153.947;153.967;153.957;0;T;True;3
1621260492000;11614733;153.947;153.967;153.957;0;T;True;3
1621260493000;11614736;153.951;153.971;153.961;2;T;True;3
1621260494000;11614738;153.953;153.973;153.963;1;T;True;3
1621260495000;11614741;153.959;153.979;153.969;2;T;True;3
1621260496000;11614744;153.959;153.979;153.969;2;T;True;3
1621260497000;11614747;153.959;153.979;153.969;2;T;True;3
1621260498000;11614748;153.959;153.979;153.969;0;T;True;3
1621260499000;11614750;153.961;153.981;153.971;1;T;True;3
1621260500000;11614751;153.961;153.981;153.971;0;T;True;3
1621260501000;11614752;153.961;153.981;153.971;0;T;True;3
1621260502000;11614753;153.961;153.981;153.971;0;T;True;3
1621260503000;11614754;153.961;153.981;153.971;0;T;True;3
1621260504000;11614755;153.961;153.981;153.971;0;T;True;3
1621260505000;11614756;153.961;153.981;153.971;0;T;True;3
1621260506000;11614759;153.963;153.983;153.973;2;T;True;3
1621260507000;11614763;153.964;153.984;153.974;3;T;True;3
1621260508000;11614764;153.964;153.984;153.974;0;T;True;3
1621260509000;11614765;153.964;153.984;153.974;0;T;True;3
1621260510000;11614766;153.964;153.984;153.974;0;T;True;3
1621260511000;11614768;153.963;153.983;153.973;1;T;True;3
1621260512000;11614771;153.96;153.98;153.97;2;T;True;3
1621260513000;11614772;153.96;153.98;153.97;0;T;True;3
1621260514000;11614774;153.961;153.981;153.971;1;T;True;3
1621260515000;11614775;153.961;153.981;153.971;0;T;True;3
1621260516000;11614776;153.961;153.981;153.971;0;T;True;3
1621260517000;11614778;153.963;153.983;153.973;1;T;True;3
1621260518000;11614779;153.963;153.983;153.973;0;T;True;3
1621260519000;11614780;153.963;153.983;153.973;0;T;True;3
1621260520000;11614781;153.963;153.983;153.973;0;T;True;3
1621260521000;11614782;153.963;153.983;153.973;0;T;True;3
1621260522000;11614783;153.963;153.983;153.973;0;T;True;3
1621260523000;11614784;153.963;153.983;153.973;0;T;True;3
1621260524000;11614785;153.963;153.983;153.973;0;T;True;3
1621260525000;11614786;153.963;153.983;153.973;0;T;True;3
1621260526000;11614787;153.963;153.983;153.973;0;T;True;3
1621260527000;11614789;153.961;153.981;153.971;1;T;True;3
1621260528000;11614790;153.961;153.981;153.971;0;T;True;3
1621260529000;11614791;153.961;153.981;153.971;0;T;True;3
1621260530000;11614792;153.961;153.981;153.971;0;T;True;3
1621260531000;11614793;153.961;153.981;153.971;0;T;True;3
1621260532000;11614794;153.961;153.981;153.971;0;T;True;3
1621260533000;11614797;153.961;153.981;153.971;2;T;True;3
1621260534000;11614801;153.959;153.979;153.969;3;T;True;3
1621260535000;11614802;153.959;153.979;153.969;0;T;True;3
1621260536000;11614803;153.959;153.979;153.969;0;T;True;3
1621260537000;11614804;153.959;153.979;153.969;0;T;True;3
1621260538000;11614805;153.959;153.979;153.969;0;T;True;3
1621260539000;11614809;153.964;153.984;153.974;3;T;True;3
1621260540000;11614810;153.964;153.984;153.974;0;T;True;3
1621260541000;11614815;153.969;153.989;153.979;4;T;True;3
1621260542000;11614818;153.965;153.985;153.975;2;T;True;3
1621260543000;11614821;153.965;153.985;153.975;2;T;True;3
1621260544000;11614823;153.964;153.984;153.974;1;T;True;3
1621260545000;11614825;153.963;153.983;153.973;1;T;True;3
1621260546000;11614826;153.963;153.983;153.973;0;T;True;3
1621260547000;11614828;153.965;153.985;153.975;1;T;True;3
1621260548000;11614829;153.965;153.985;153.975;0;T;True;3
1621260549000;11614830;153.965;153.985;153.975;0;T;True;3
1621260550000;11614833;153.965;153.985;153.975;2;T;True;3
1621260551000;11614835;153.967;153.987;153.977;1;T;True;3
1621260552000;11614838;153.963;153.983;153.973;2;T;True;3
1621260553000;11614840;153.961;153.981;153.971;1;T;True;3
1621260554000;11614841;153.961;153.981;153.971;0;T;True;3
1621260555000;11614843;153.959;153.979;153.969;1;T;True;3
1621260556000;11614844;153.959;153.979;153.969;0;T;True;3
1621260557000;11614848;153.949;153.969;153.959;3;T;True;3
1621260558000;11614850;153.947;153.967;153.957;1;T;True;3
1621260559000;11614852;153.944;153.964;153.954;1;T;True;3
1621260560000;11614854;153.945;153.965;153.955;1;T;True;3
1621260561000;11614855;153.945;153.965;153.955;0;T;True;3
1621260562000;11614856;153.945;153.965;153.955;0;T;True;3
1621260563000;11614858;153.946;153.966;153.956;1;T;True;3
1621260564000;11614861;153.945;153.965;153.955;2;T;True;3
1621260565000;11614862;153.945;153.965;153.955;0;T;True;3
1621260566000;11614863;153.945;153.965;153.955;0;T;True;3
1621260567000;11614865;153.946;153.966;153.956;1;T;True;3
1621260568000;11614866;153.946;153.966;153.956;0;T;True;3
1621260569000;11614869;153.948;153.968;153.958;2;T;True;3
1621260570000;11614870;153.948;153.968;153.958;0;T;True;3
1621260571000;11614871;153.948;153.968;153.958;0;T;True;3
1621260572000;11614872;153.948;153.968;153.958;0;T;True;3
1621260573000;11614874;153.949;153.969;153.959;1;T;True;3
1621260574000;11614877;153.945;153.965;153.955;2;T;True;3
1621260575000;11614879;153.944;153.964;153.954;1;T;True;3
1621260576000;11614883;153.939;153.959;153.949;3;T;True;3
1621260577000;11614889;153.931;153.951;153.941;5;T;True;3
1621260578000;11614892;153.929;153.949;153.939;2;T;True;3
1621260579000;11614894;153.931;153.951;153.941;1;T;True;3
1621260580000;11614897;153.929;153.949;153.939;2;T;True;3
1621260581000;11614900;153.927;153.947;153.937;2;T;True;3
1621260582000;11614901;153.927;153.947;153.937;0;T;True;3
1621260583000;11614902;153.927;153.947;153.937;0;T;True;3
1621260584000;11614903;153.927;153.947;153.937;0;T;True;3
1621260585000;11614905;153.928;153.948;153.938;1;T;True;3
1621260586000;11614907;153.931;153.951;153.941;1;T;True;3
1621260587000;11614908;153.931;153.951;153.941;0;T;True;3
1621260588000;11614913;153.936;153.956;153.946;4;T;True;3
1621260589000;11614914;153.936;153.956;153.946;0;T;True;3
1621260590000;11614917;153.936;153.956;153.946;2;T;True;3
1621260591000;11614921;153.931;153.951;153.941;3;T;True;3
1621260592000;11614923;153.932;153.952;153.942;1;T;True;3
1621260593000;11614925;153.935;153.955;153.945;1;T;True;3
1621260594000;11614928;153.938;153.958;153.948;2;T;True;3
1621260595000;11614930;153.939;153.959;153.949;1;T;True;3
1621260596000;11614933;153.936;153.956;153.946;2;T;True;3
1621260597000;11614935;153.937;153.957;153.947;1;T;True;3
1621260598000;11614936;153.937;153.957;153.947;0;T;True;3
1621260599000;11614938;153.936;153.956;153.946;1;T;True;3
1621260600000;11614943;153.941;153.961;153.951;4;T;True;3
1621260601000;11614948;153.939;153.959;153.949;4;T;True;3
1621260602000;11614949;153.939;153.959;153.949;0;T;True;3
1621260603000;11614951;153.938;153.958;153.948;1;T;True;3
1621260604000;11614953;153.937;153.957;153.947;1;T;True;3
1621260605000;11614955;153.938;153.958;153.948;1;T;True;3
1621260606000;11614957;153.939;153.959;153.949;1;T;True;3
1621260607000;11614958;153.939;153.959;153.949;0;T;True;3
1621260608000;11614959;153.939;153.959;153.949;0;T;True;3
1621260609000;11614961;153.937;153.957;153.947;1;T;True;3
1621260610000;11614964;153.937;153.957;153.947;2;T;True;3
1621260611000;11614965;153.937;153.957;153.947;0;T;True;3
1621260612000;11614966;153.937;153.957;153.947;0;T;True;3
1621260613000;11614968;153.944;153.964;153.954;1;T;True;3
1621260614000;11614970;153.945;153.965;153.955;1;T;True;3
1621260615000;11614971;153.945;153.965;153.955;0;T;True;3
1621260616000;11614972;153.945;153.965;153.955;0;T;True;3
1621260617000;11614973;153.945;153.965;153.955;0;T;True;3
1621260618000;11614974;153.945;153.965;153.955;0;T;True;3
1621260619000;11614976;153.944;153.964;153.954;1;T;True;3
1621260620000;11614978;153.939;153.959;153.949;1;T;True;3
1621260621000;11614980;153.94;153.96;153.95;1;T;True;3
1621260622000;11614981;153.94;153.96;153.95;0;T;True;3
1621260623000;11614985;153.943;153.963;153.953;3;T;True;3
1621260624000;11614986;153.943;153.963;153.953;0;T;True;3
1621260625000;11614988;153.941;153.961;153.951;1;T;True;3
1621260626000;11614990;153.937;153.957;153.947;1;T;True;3
1621260627000;11614992;153.936;153.956;153.946;1;T;True;3
1621260628000;11614994;153.935;153.955;153.945;1;T;True;3
1621260629000;11614995;153.935;153.955;153.945;0;T;True;3
1621260630000;11614996;153.935;153.955;153.945;0;T;True;3
1621260631000;11614998;153.937;153.957;153.947;1;T;True;3
1621260632000;11615000;153.939;153.959;153.949;1;T;True;3
1621260633000;11615001;153.939;153.959;153.949;0;T;True;3
1621260634000;11615002;153.939;153.959;153.949;0;T;True;3
1621260635000;11615004;153.938;153.958;153.948;1;T;True;3
1621260636000;11615009;153.929;153.949;153.939;4;T;True;3
1621260637000;11615011;153.931;153.951;153.941;1;T;True;3
1621260638000;11615012;153.931;153.951;153.941;0;T;True;3
1621260639000;11615013;153.931;153.951;153.941;0;T;True;3
1621260640000;11615014;153.931;153.951;153.941;0;T;True;3
1621260641000;11615015;153.931;153.951;153.941;0;T;True;3
1621260642000;11615016;153.931;153.951;153.941;0;T;True;3
1621260643000;11615017;153.931;153.951;153.941;0;T;True;3
1621260644000;11615019;153.927;153.947;153.937;1;T;True;3
1621260645000;11615021;153.925;153.945;153.935;1;T;True;3
1621260646000;11615023;153.924;153.944;153.934;1;T;True;3
1621260647000;11615024;153.924;153.944;153.934;0;T;True;3
1621260648000;11615027;153.921;153.941;153.931;2;T;True;3
1621260649000;11615029;153.923;153.943;153.933;1;T;True;3
1621260650000;11615034;153.928;153.948;153.938;4;T;True;3
1621260651000;11615036;153.931;153.951;153.941;1;T;True;3
1621260652000;11615037;153.931;153.951;153.941;0;T;True;3
1621260653000;11615038;153.931;153.951;153.941;0;T;True;3
1621260654000;11615042;153.937;153.957;153.947;3;T;True;3
1621260655000;11615043;153.937;153.957;153.947;0;T;True;3
1621260656000;11615044;153.937;153.957;153.947;0;T;True;3
1621260657000;11615046;153.935;153.955;153.945;1;T;True;3
1621260658000;11615047;153.935;153.955;153.945;0;T;True;3
1621260659000;11615048;153.935;153.955;153.945;0;T;True;3
1621260660000;11615051;153.928;153.948;153.938;2;T;True;3
1621260661000;11615053;153.925;153.945;153.935;1;T;True;3
1621260662000;11615055;153.927;153.947;153.937;1;T;True;3
1621260663000;11615056;153.927;153.947;153.937;0;T;True;3
1621260664000;11615059;153.927;153.947;153.937;2;T;True;3
1621260665000;11615062;153.926;153.946;153.936;2;T;True;3
1621260666000;11615066;153.925;153.945;153.935;3;T;True;3
1621260667000;11615070;153.926;153.946;153.936;3;T;True;3
1621260668000;11615071;153.926;153.946;153.936;0;T;True;3
1621260669000;11615074;153.923;153.943;153.933;2;T;True;3
1621260670000;11615075;153.923;153.943;153.933;0;T;True;3
1621260671000;11615076;153.923;153.943;153.933;0;T;True;3
1621260672000;11615078;153.921;153.941;153.931;1;T;True;3
1621260673000;11615079;153.921;153.941;153.931;0;T;True;3
1621260674000;11615082;153.923;153.943;153.933;2;T;True;3
1621260675000;11615084;153.923;153.943;153.933;1;T;True;3
1621260676000;11615088;153.921;153.941;153.931;3;T;True;3
1621260677000;11615091;153.921;153.941;153.931;2;T;True;3
1621260678000;11615093;153.92;153.94;153.93;1;T;True;3
1621260679000;11615095;153.919;153.939;153.929;1;T;True;3
1621260680000;11615097;153.92;153.94;153.93;1;T;True;3
1621260681000;11615100;153.917;153.937;153.927;2;T;True;3
1621260682000;11615102;153.917;153.937;153.927;1;T;True;3
1621260683000;11615103;153.917;153.937;153.927;0;T;True;3
1621260684000;11615104;153.917;153.937;153.927;0;T;True;3
1621260685000;11615107;153.917;153.937;153.927;2;T;True;3
1621260686000;11615110;153.913;153.933;153.923;2;T;True;3
1621260687000;11615111;153.913;153.933;153.923;0;T;True;3
1621260688000;11615115;153.915;153.935;153.925;3;T;True;3
1621260689000;11615120;153.927;153.947;153.937;4;T;True;3
1621260690000;11615128;153.927;153.947;153.937;7;T;True;3
1621260691000;11615131;153.927;153.947;153.937;2;T;True;3
1621260692000;11615137;153.929;153.949;153.939;5;T;True;3
1621260693000;11615139;153.928;153.948;153.938;1;T;True;3
1621260694000;11615140;153.928;153.948;153.938;0;T;True;3
1621260695000;11615141;153.928;153.948;153.938;0;T;True;3
1621260696000;11615142;153.928;153.948;153.938;0;T;True;3
1621260697000;11615146;153.921;153.941;153.931;3;T;True;3
1621260698000;11615147;153.921;153.941;153.931;0;T;True;3
1621260699000;11615148;153.921;153.941;153.931;0;T;True;3
1621260700000;11615149;153.921;153.941;153.931;0;T;True;3
1621260701000;11615151;153.919;153.939;153.929;1;T;True;3
1621260702000;11615152;153.919;153.939;153.929;0;T;True;3
1621260703000;11615154;153.92;153.94;153.93;1;T;True;3
1621260704000;11615155;153.92;153.94;153.93;0;T;True;3
1621260705000;11615158;153.918;153.938;153.928;2;T;True;3
1621260706000;11615160;153.917;153.937;153.927;1;T;True;3
1621260707000;11615163;153.913;153.933;153.923;2;T;True;3
1621260708000;11615165;153.911;153.931;153.921;1;T;True;3
1621260709000;11615167;153.91;153.93;153.92;1;T;True;3
1621260710000;11615168;153.91;153.93;153.92;0;T;True;3
1621260711000;11615170;153.911;153.931;153.921;1;T;True;3
1621260712000;11615174;153.91;153.93;153.92;3;T;True;3
1621260713000;11615178;153.915;153.935;153.925;3;T;True;3
1621260714000;11615183;153.917;153.937;153.927;4;T;True;3
1621260715000;11615184;153.917;153.937;153.927;0;T;True;3
1621260716000;11615185;153.917;153.937;153.927;0;T;True;3
1621260717000;11615186;153.917;153.937;153.927;0;T;True;3
1621260718000;11615190;153.918;153.938;153.928;3;T;True;3
1621260719000;11615192;153.92;153.94;153.93;1;T;True;3
1621260720000;11615193;153.92;153.94;153.93;0;T;True;3
1621260721000;11615195;153.919;153.939;153.929;1;T;True;3
1621260722000;11615196;153.919;153.939;153.929;0;T;True;3
1621260723000;11615199;153.921;153.941;153.931;2;T;True;3
1621260724000;11615203;153.925;153.945;153.935;3;T;True;3
1621260725000;11615205;153.927;153.947;153.937;1;T;True;3
1621260726000;11615209;153.935;153.955;153.945;3;T;True;3
1621260727000;11615210;153.935;153.955;153.945;0;T;True;3
1621260728000;11615213;153.941;153.961;153.951;2;T;True;3
1621260729000;11615215;153.938;153.958;153.948;1;T;True;3
1621260730000;11615217;153.937;153.957;153.947;1;T;True;3
1621260731000;11615219;153.935;153.955;153.945;1;T;True;3
1621260732000;11615223;153.929;153.949;153.939;3;T;True;3
1621260733000;11615225;153.927;153.947;153.937;1;T;True;3
1621260734000;11615231;153.934;153.954;153.944;5;T;True;3
1621260735000;11615233;153.933;153.953;153.943;1;T;True;3
1621260736000;11615234;153.933;153.953;153.943;0;T;True;3
1621260737000;11615235;153.933;153.953;153.943;0;T;True;3
1621260738000;11615239;153.931;153.951;153.941;3;T;True;3
1621260739000;11615241;153.933;153.953;153.943;1;T;True;3
1621260740000;11615244;153.933;153.953;153.943;2;T;True;3
1621260741000;11615247;153.933;153.953;153.943;2;T;True;3
1621260742000;11615249;153.931;153.951;153.941;1;T;True;3
1621260743000;11615252;153.934;153.954;153.944;2;T;True;3
1621260744000;11615255;153.931;153.951;153.941;2;T;True;3
1621260745000;11615257;153.93;153.95;153.94;1;T;True;3
1621260746000;11615259;153.929;153.949;153.939;1;T;True;3
1621260747000;11615260;153.929;153.949;153.939;0;T;True;3
1621260748000;11615263;153.931;153.951;153.941;2;T;True;3
1621260749000;11615264;153.931;153.951;153.941;0;T;True;3
1621260750000;11615265;153.931;153.951;153.941;0;T;True;3
1621260751000;11615272;153.936;153.956;153.946;6;T;True;3
1621260752000;11615273;153.936;153.956;153.946;0;T;True;3
1621260753000;11615274;153.936;153.956;153.946;0;T;True;3
1621260754000;11615276;153.937;153.957;153.947;1;T;True;3
1621260755000;11615277;153.937;153.957;153.947;0;T;True;3
1621260756000;11615279;153.931;153.951;153.941;1;T;True;3
1621260757000;11615281;153.934;153.954;153.944;1;T;True;3
1621260758000;11615282;153.934;153.954;153.944;0;T;True;3
1621260759000;11615283;153.934;153.954;153.944;0;T;True;3
1621260760000;11615284;153.934;153.954;153.944;0;T;True;3
1621260761000;11615289;153.938;153.958;153.948;4;T;True;3
1621260762000;11615292;153.94;153.96;153.95;2;T;True;3
1621260763000;11615295;153.935;153.955;153.945;2;T;True;3
1621260764000;11615297;153.933;153.953;153.943;1;T;True;3
1621260765000;11615300;153.933;153.953;153.943;2;T;True;3
1621260766000;11615301;153.933;153.953;153.943;0;T;True;3
1621260767000;11615302;153.933;153.953;153.943;0;T;True;3
1621260768000;11615303;153.933;153.953;153.943;0;T;True;3
1621260769000;11615304;153.933;153.953;153.943;0;T;True;3
1621260770000;11615305;153.933;153.953;153.943;0;T;True;3
1621260771000;11615306;153.933;153.953;153.943;0;T;True;3
1621260772000;11615307;153.933;153.953;153.943;0;T;True;3
1621260773000;11615308;153.933;153.953;153.943;0;T;True;3
1621260774000;11615309;153.933;153.953;153.943;0;T;True;3
1621260775000;11615310;153.933;153.953;153.943;0;T;True;3
1621260776000;11615313;153.937;153.957;153.947;2;T;True;3
1621260777000;11615317;153.928;153.948;153.938;3;T;True;3
1621260778000;11615318;153.928;153.948;153.938;0;T;True;3
1621260779000;11615319;153.928;153.948;153.938;0;T;True;3
1621260780000;11615320;153.928;153.948;153.938;0;T;True;3
1621260781000;11615326;153.928;153.948;153.938;5;T;True;3
1621260782000;11615332;153.919;153.939;153.929;5;T;True;3
1621260783000;11615333;153.919;153.939;153.929;0;T;True;3
1621260784000;11615334;153.919;153.939;153.929;0;T;True;3
1621260785000;11615335;153.919;153.939;153.929;0;T;True;3
1621260786000;11615336;153.919;153.939;153.929;0;T;True;3
1621260787000;11615337;153.919;153.939;153.929;0;T;True;3
1621260788000;11615338;153.919;153.939;153.929;0;T;True;3
1621260789000;11615340;153.927;153.947;153.937;1;T;True;3
1621260790000;11615341;153.927;153.947;153.937;0;T;True;3
1621260791000;11615342;153.927;153.947;153.937;0;T;True;3
1621260792000;11615343;153.927;153.947;153.937;0;T;True;3
1621260793000;11615344;153.927;153.947;153.937;0;T;True;3
1621260794000;11615347;153.929;153.949;153.939;2;T;True;3
1621260795000;11615348;153.929;153.949;153.939;0;T;True;3
1621260796000;11615349;153.929;153.949;153.939;0;T;True;3
1621260797000;11615350;153.929;153.949;153.939;0;T;True;3
1621260798000;11615354;153.937;153.957;153.947;3;T;True;3
1621260799000;11615357;153.937;153.957;153.947;2;T;True;3
1621260800000;11615359;153.935;153.955;153.945;1;T;True;3
1621260801000;11615362;153.939;153.959;153.949;2;T;True;3
1621260802000;11615363;153.939;153.959;153.949;0;T;True;3
1621260803000;11615364;153.939;153.959;153.949;0;T;True;3
1621260804000;11615365;153.939;153.959;153.949;0;T;True;3
1621260805000;11615367;153.941;153.961;153.951;1;T;True;3
1621260806000;11615368;153.941;153.961;153.951;0;T;True;3
1621260807000;11615369;153.941;153.961;153.951;0;T;True;3
1621260808000;11615373;153.946;153.966;153.956;3;T;True;3
1621260809000;11615375;153.945;153.965;153.955;1;T;True;3
1621260810000;11615379;153.943;153.963;153.953;3;T;True;3
1621260811000;11615384;153.941;153.961;153.951;4;T;True;3
1621260812000;11615385;153.941;153.961;153.951;0;T;True;3
1621260813000;11615386;153.941;153.961;153.951;0;T;True;3
1621260814000;11615387;153.941;153.961;153.951;0;T;True;3
1621260815000;11615388;153.941;153.961;153.951;0;T;True;3
1621260816000;11615389;153.941;153.961;153.951;0;T;True;3
1621260817000;11615390;153.941;153.961;153.951;0;T;True;3
1621260818000;11615391;153.941;153.961;153.951;0;T;True;3
1621260819000;11615393;153.939;153.959;153.949;1;T;True;3
1621260820000;11615395;153.936;153.956;153.946;1;T;True;3
1621260821000;11615396;153.936;153.956;153.946;0;T;True;3
1621260822000;11615397;153.936;153.956;153.946;0;T;True;3
1621260823000;11615399;153.935;153.955;153.945;1;T;True;3
1621260824000;11615400;153.935;153.955;153.945;0;T;True;3
1621260825000;11615401;153.935;153.955;153.945;0;T;True;3
1621260826000;11615402;153.935;153.955;153.945;0;T;True;3
1621260827000;11615407;153.939;153.959;153.949;4;T;True;3
1621260828000;11615409;153.944;153.964;153.954;1;T;True;3
1621260829000;11615411;153.943;153.963;153.953;1;T;True;3
1621260830000;11615413;153.943;153.963;153.953;1;T;True;3
1621260831000;11615417;153.942;153.962;153.952;3;T;True;3
1621260832000;11615418;153.942;153.962;153.952;0;T;True;3
1621260833000;11615420;153.943;153.963;153.953;1;T;True;3
1621260834000;11615421;153.943;153.963;153.953;0;T;True;3
1621260835000;11615424;153.937;153.957;153.947;2;T;True;3
1621260836000;11615425;153.937;153.957;153.947;0;T;True;3
1621260837000;11615430;153.939;153.959;153.949;4;T;True;3
1621260838000;11615436;153.949;153.969;153.959;5;T;True;3
1621260839000;11615439;153.947;153.967;153.957;2;T;True;3
1621260840000;11615442;153.945;153.965;153.955;2;T;True;3
1621260841000;11615446;153.945;153.965;153.955;3;T;True;3
1621260842000;11615453;153.957;153.977;153.967;6;T;True;3
1621260843000;11615454;153.957;153.977;153.967;0;T;True;3
1621260844000;11615456;153.959;153.979;153.969;1;T;True;3
1621260845000;11615457;153.959;153.979;153.969;0;T;True;3
1621260846000;11615458;153.959;153.979;153.969;0;T;True;3
1621260847000;11615459;153.959;153.979;153.969;0;T;True;3
1621260848000;11615460;153.959;153.979;153.969;0;T;True;3
1621260849000;11615461;153.959;153.979;153.969;0;T;True;3
1621260850000;11615464;153.957;153.977;153.967;2;T;True;3
1621260851000;11615466;153.959;153.979;153.969;1;T;True;3
1621260852000;11615473;153.968;153.988;153.978;6;T;True;3
1621260853000;11615475;153.967;153.987;153.977;1;T;True;3
1621260854000;11615476;153.967;153.987;153.977;0;T;True;3
1621260855000;11615479;153.963;153.983;153.973;2;T;True;3
1621260856000;11615480;153.963;153.983;153.973;0;T;True;3
1621260857000;11615485;153.959;153.979;153.969;4;T;True;3
1621260858000;11615486;153.959;153.979;153.969;0;T;True;3
1621260859000;11615489;153.963;153.983;153.973;2;T;True;3
1621260860000;11615490;153.963;153.983;153.973;0;T;True;3
1621260861000;11615495;153.958;153.978;153.968;4;T;True;3
1621260862000;11615499;153.957;153.977;153.967;3;T;True;3
1621260863000;11615501;153.957;153.977;153.967;1;T;True;3
1621260864000;11615502;153.957;153.977;153.967;0;T;True;3
1621260865000;11615505;153.959;153.979;153.969;2;T;True;3
1621260866000;11615506;153.959;153.979;153.969;0;T;True;3
1621260867000;11615508;153.958;153.978;153.968;1;T;True;3
1621260868000;11615510;153.959;153.979;153.969;1;T;True;3
1621260869000;11615512;153.959;153.979;153.969;1;T;True;3
1621260870000;11615513;153.959;153.979;153.969;0;T;True;3
1621260871000;11615519;153.961;153.981;153.971;5;T;True;3
1621260872000;11615522;153.965;153.985;153.975;2;T;True;3
1621260873000;11615527;153.961;153.981;153.971;4;T;True;3
1621260874000;11615528;153.961;153.981;153.971;0;T;True;3
1621260875000;11615531;153.959;153.979;153.969;2;T;True;3
1621260876000;11615532;153.959;153.979;153.969;0;T;True;3
1621260877000;11615533;153.959;153.979;153.969;0;T;True;3
1621260878000;11615535;153.961;153.981;153.971;1;T;True;3
1621260879000;11615537;153.959;153.979;153.969;1;T;True;3
1621260880000;11615538;153.959;153.979;153.969;0;T;True;3
1621260881000;11615539;153.959;153.979;153.969;0;T;True;3
1621260882000;11615540;153.959;153.979;153.969;0;T;True;3
1621260883000;11615543;153.963;153.983;153.973;2;T;True;3
1621260884000;11615546;153.959;153.979;153.969;2;T;True;3
1621260885000;11615548;153.96;153.98;153.97;1;T;True;3
1621260886000;11615549;153.96;153.98;153.97;0;T;True;3
1621260887000;11615551;153.959;153.979;153.969;1;T;True;3
1621260888000;11615552;153.959;153.979;153.969;0;T;True;3
1621260889000;11615555;153.959;153.979;153.969;2;T;True;3
1621260890000;11615556;153.959;153.979;153.969;0;T;True;3
1621260891000;11615557;153.959;153.979;153.969;0;T;True;3
1621260892000;11615558;153.959;153.979;153.969;0;T;True;3
1621260893000;11615561;153.959;153.979;153.969;2;T;True;3
1621260894000;11615565;153.957;153.977;153.967;3;T;True;3
1621260895000;11615566;153.957;153.977;153.967;0;T;True;3
1621260896000;11615567;153.957;153.977;153.967;0;T;True;3
1621260897000;11615568;153.957;153.977;153.967;0;T;True;3
1621260898000;11615570;153.953;153.973;153.963;1;T;True;3
1621260899000;11615571;153.953;153.973;153.963;0;T;True;3
1621260900000;11615572;153.953;153.973;153.963;0;T;True;3
1621260901000;11615575;153.951;153.971;153.961;2;T;True;3
1621260902000;11615576;153.951;153.971;153.961;0;T;True;3
1621260903000;11615578;153.949;153.969;153.959;1;T;True;3
1621260904000;11615581;153.943;153.963;153.953;2;T;True;3
1621260905000;11615584;153.937;153.957;153.947;2;T;True;3
1621260906000;11615585;153.937;153.957;153.947;0;T;True;3
1621260907000;11615586;153.937;153.957;153.947;0;T;True;3
1621260908000;11615587;153.937;153.957;153.947;0;T;True;3
1621260909000;11615588;153.937;153.957;153.947;0;T;True;3
1621260910000;11615590;153.936;153.956;153.946;1;T;True;3
1621260911000;11615593;153.933;153.953;153.943;2;T;True;3
1621260912000;11615595;153.929;153.949;153.939;1;T;True;3
1621260913000;11615596;153.929;153.949;153.939;0;T;True;3
1621260914000;11615597;153.929;153.949;153.939;0;T;True;3
1621260915000;11615598;153.929;153.949;153.939;0;T;True;3
1621260916000;11615600;153.93;153.95;153.94;1;T;True;3
1621260917000;11615602;153.929;153.949;153.939;1;T;True;3
1621260918000;11615603;153.929;153.949;153.939;0;T;True;3
1621260919000;11615605;153.923;153.943;153.933;1;T;True;3
1621260920000;11615608;153.921;153.941;153.931;2;T;True;3
1621260921000;11615610;153.919;153.939;153.929;1;T;True;3
1621260922000;11615611;153.919;153.939;153.929;0;T;True;3
1621260923000;11615612;153.919;153.939;153.929;0;T;True;3
1621260924000;11615614;153.917;153.937;153.927;1;T;True;3
1621260925000;11615619;153.929;153.949;153.939;4;T;True;3
1621260926000;11615620;153.929;153.949;153.939;0;T;True;3
1621260927000;11615623;153.935;153.955;153.945;2;T;True;3
1621260928000;11615624;153.935;153.955;153.945;0;T;True;3
1621260929000;11615626;153.933;153.953;153.943;1;T;True;3
1621260930000;11615628;153.929;153.949;153.939;1;T;True;3
1621260931000;11615631;153.929;153.949;153.939;2;T;True;3
1621260932000;11615632;153.929;153.949;153.939;0;T;True;3
1621260933000;11615635;153.929;153.949;153.939;2;T;True;3
1621260934000;11615638;153.925;153.945;153.935;2;T;True;3
1621260935000;11615639;153.925;153.945;153.935;0;T;True;3
1621260936000;11615643;153.92;153.94;153.93;3;T;True;3
1621260937000;11615645;153.921;153.941;153.931;1;T;True;3
1621260938000;11615647;153.923;153.943;153.933;1;T;True;3
1621260939000;11615648;153.923;153.943;153.933;0;T;True;3
1621260940000;11615649;153.923;153.943;153.933;0;T;True;3
1621260941000;11615651;153.925;153.945;153.935;1;T;True;3
1621260942000;11615652;153.925;153.945;153.935;0;T;True;3
1621260943000;11615654;153.927;153.947;153.937;1;T;True;3
1621260944000;11615656;153.928;153.948;153.938;1;T;True;3
1621260945000;11615659;153.934;153.954;153.944;2;T;True;3
1621260946000;11615662;153.93;153.95;153.94;2;T;True;3
1621260947000;11615664;153.932;153.952;153.942;1;T;True;3
1621260948000;11615667;153.929;153.949;153.939;2;T;True;3
1621260949000;11615671;153.931;153.951;153.941;3;T;True;3
1621260950000;11615675;153.931;153.951;153.941;3;T;True;3
1621260951000;11615678;153.935;153.955;153.945;2;T;True;3
1621260952000;11615680;153.937;153.957;153.947;1;T;True;3
1621260953000;11615681;153.937;153.957;153.947;0;T;True;3
1621260954000;11615682;153.937;153.957;153.947;0;T;True;3
1621260955000;11615685;153.94;153.96;153.95;2;T;True;3
1621260956000;11615688;153.94;153.96;153.95;2;T;True;3
1621260957000;11615689;153.94;153.96;153.95;0;T;True;3
1621260958000;11615693;153.937;153.957;153.947;3;T;True;3
1621260959000;11615695;153.938;153.958;153.948;1;T;True;3
1621260960000;11615697;153.939;153.959;153.949;1;T;True;3
1621260961000;11615701;153.943;153.963;153.953;3;T;True;3
1621260962000;11615705;153.949;153.969;153.959;3;T;True;3
1621260963000;11615706;153.949;153.969;153.959;0;T;True;3
1621260964000;11615713;153.955;153.975;153.965;6;T;True;3
1621260965000;11615715;153.953;153.973;153.963;1;T;True;3
1621260966000;11615719;153.953;153.973;153.963;3;T;True;3
1621260967000;11615721;153.954;153.974;153.964;1;T;True;3
1621260968000;11615723;153.953;153.973;153.963;1;T;True;3
1621260969000;11615725;153.952;153.972;153.962;1;T;True;3
1621260970000;11615726;153.952;153.972;153.962;0;T;True;3
1621260971000;11615728;153.953;153.973;153.963;1;T;True;3
1621260972000;11615730;153.955;153.975;153.965;1;T;True;3
1621260973000;11615731;153.955;153.975;153.965;0;T;True;3
1621260974000;11615732;153.955;153.975;153.965;0;T;True;3
1621260975000;11615734;153.956;153.976;153.966;1;T;True;3
1621260976000;11615736;153.955;153.975;153.965;1;T;True;3
1621260977000;11615738;153.957;153.977;153.967;1;T;True;3
1621260978000;11615739;153.957;153.977;153.967;0;T;True;3
1621260979000;11615741;153.956;153.976;153.966;1;T;True;3
1621260980000;11615743;153.957;153.977;153.967;1;T;True;3
1621260981000;11615744;153.957;153.977;153.967;0;T;True;3
1621260982000;11615747;153.957;153.977;153.967;2;T;True;3
1621260983000;11615748;153.957;153.977;153.967;0;T;True;3
1621260984000;11615751;153.963;153.983;153.973;2;T;True;3
1621260985000;11615753;153.961;153.981;153.971;1;T;True;3
1621260986000;11615756;153.958;153.978;153.968;2;T;True;3
1621260987000;11615758;153.957;153.977;153.967;1;T;True;3
1621260988000;11615764;153.955;153.975;153.965;5;T;True;3
1621260989000;11615765;153.955;153.975;153.965;0;T;True;3
1621260990000;11615766;153.955;153.975;153.965;0;T;True;3
1621260991000;11615767;153.955;153.975;153.965;0;T;True;3
1621260992000;11615769;153.953;153.973;153.963;1;T;True;3
1621260993000;11615772;153.953;153.973;153.963;2;T;True;3
1621260994000;11615773;153.953;153.973;153.963;0;T;True;3
1621260995000;11615774;153.953;153.973;153.963;0;T;True;3
1621260996000;11615775;153.953;153.973;153.963;0;T;True;3
1621260997000;11615777;153.955;153.975;153.965;1;T;True;3
1621260998000;11615778;153.955;153.975;153.965;0;T;True;3
1621260999000;11615780;153.956;153.976;153.966;1;T;True;3
1621261000000;11615783;153.953;153.973;153.963;2;T;True;3
1621261001000;11615785;153.951;153.971;153.961;1;T;True;3
1621261002000;11615786;153.951;153.971;153.961;0;T;True;3
1621261003000;11615787;153.951;153.971;153.961;0;T;True;3
1621261004000;11615791;153.939;153.959;153.949;3;T;True;3
1621261005000;11615794;153.939;153.959;153.949;2;T;True;3
1621261006000;11615795;153.939;153.959;153.949;0;T;True;3
1621261007000;11615796;153.939;153.959;153.949;0;T;True;3
1621261008000;11615799;153.939;153.959;153.949;2;T;True;3
1621261009000;11615800;153.939;153.959;153.949;0;T;True;3
1621261010000;11615802;153.941;153.961;153.951;1;T;True;3
1621261011000;11615804;153.939;153.959;153.949;1;T;True;3
1621261012000;11615808;153.935;153.955;153.945;3;T;True;3
1621261013000;11615810;153.936;153.956;153.946;1;T;True;3
1621261014000;11615811;153.936;153.956;153.946;0;T;True;3
1621261015000;11615812;153.936;153.956;153.946;0;T;True;3
1621261016000;11615813;153.936;153.956;153.946;0;T;True;3
1621261017000;11615815;153.935;153.955;153.945;1;T;True;3
1621261018000;11615816;153.935;153.955;153.945;0;T;True;3
1621261019000;11615818;153.936;153.956;153.946;1;T;True;3
1621261020000;11615821;153.932;153.952;153.942;2;T;True;3
1621261021000;11615824;153.939;153.959;153.949;2;T;True;3
1621261022000;11615827;153.944;153.964;153.954;2;T;True;3
1621261023000;11615834;153.953;153.973;153.963;6;T;True;3
1621261024000;11615836;153.955;153.975;153.965;1;T;True;3
1621261025000;11615838;153.956;153.976;153.966;1;T;True;3
1621261026000;11615839;153.956;153.976;153.966;0;T;True;3
1621261027000;11615842;153.958;153.978;153.968;2;T;True;3
1621261028000;11615843;153.958;153.978;153.968;0;T;True;3
1621261029000;11615845;153.959;153.979;153.969;1;T;True;3
1621261030000;11615846;153.959;153.979;153.969;0;T;True;3
1621261031000;11615847;153.959;153.979;153.969;0;T;True;3
1621261032000;11615854;153.97;153.99;153.98;6;T;True;3
1621261033000;11615856;153.969;153.989;153.979;1;T;True;3
1621261034000;11615859;153.965;153.985;153.975;2;T;True;3
1621261035000;11615860;153.965;153.985;153.975;0;T;True;3
1621261036000;11615861;153.965;153.985;153.975;0;T;True;3
1621261037000;11615866;153.965;153.985;153.975;4;T;True;3
1621261038000;11615868;153.963;153.983;153.973;1;T;True;3
1621261039000;11615870;153.961;153.981;153.971;1;T;True;3
1621261040000;11615872;153.963;153.983;153.973;1;T;True;3
1621261041000;11615873;153.963;153.983;153.973;0;T;True;3
1621261042000;11615874;153.963;153.983;153.973;0;T;True;3
1621261043000;11615877;153.963;153.983;153.973;2;T;True;3
1621261044000;11615878;153.963;153.983;153.973;0;T;True;3
1621261045000;11615882;153.967;153.987;153.977;3;T;True;3
1621261046000;11615884;153.969;153.989;153.979;1;T;True;3
1621261047000;11615885;153.969;153.989;153.979;0;T;True;3
1621261048000;11615890;153.974;153.994;153.984;4;T;True;3
1621261049000;11615894;153.973;153.993;153.983;3;T;True;3
1621261050000;11615898;153.965;153.985;153.975;3;T;True;3
1621261051000;11615901;153.965;153.985;153.975;2;T;True;3
1621261052000;11615904;153.964;153.984;153.974;2;T;True;3
1621261053000;11615905;153.964;153.984;153.974;0;T;True;3
1621261054000;11615906;153.964;153.984;153.974;0;T;True;3
1621261055000;11615908;153.966;153.986;153.976;1;T;True;3
1621261056000;11615909;153.966;153.986;153.976;0;T;True;3
1621261057000;11615914;153.975;153.995;153.985;4;T;True;3
1621261058000;11615917;153.977;153.997;153.987;2;T;True;3
1621261059000;11615919;153.978;153.998;153.988;1;T;True;3
1621261060000;11615923;153.973;153.993;153.983;3;T;True;3
1621261061000;11615926;153.973;153.993;153.983;2;T;True;3
1621261062000;11615927;153.973;153.993;153.983;0;T;True;3
1621261063000;11615930;153.978;153.998;153.988;2;T;True;3
1621261064000;11615933;153.982;154.002;153.992;2;T;True;3
1621261065000;11615935;153.981;154.001;153.991;1;T;True;3
1621261066000;11615936;153.981;154.001;153.991;0;T;True;3
1621261067000;11615943;153.985;154.005;153.995;6;T;True;3
1621261068000;11615947;153.988;154.008;153.998;3;T;True;3
1621261069000;11615950;153.984;154.004;153.994;2;T;True;3
1621261070000;11615955;153.983;154.003;153.993;4;T;True;3
1621261071000;11615959;153.981;154.001;153.991;3;T;True;3
1621261072000;11615960;153.981;154.001;153.991;0;T;True;3
1621261073000;11615963;153.987;154.007;153.997;2;T;True;3
1621261074000;11615969;153.997;154.017;154.007;5;T;True;3
1621261075000;11615973;154.004;154.024;154.014;3;T;True;3
1621261076000;11615976;153.999;154.019;154.009;2;T;True;3
1621261077000;11615977;153.999;154.019;154.009;0;T;True;3
1621261078000;11615978;153.999;154.019;154.009;0;T;True;3
1621261079000;11615980;153.998;154.018;154.008;1;T;True;3
1621261080000;11615981;153.998;154.018;154.008;0;T;True;3
1621261081000;11615982;153.998;154.018;154.008;0;T;True;3
1621261082000;11615985;154.0;154.02;154.01;2;T;True;3
1621261083000;11615988;154.0;154.02;154.01;2;T;True;3
1621261084000;11615990;154.001;154.021;154.011;1;T;True;3
1621261085000;11615993;153.999;154.019;154.009;2;T;True;3
1621261086000;11615996;153.997;154.017;154.007;2;T;True;3
1621261087000;11615998;154.001;154.021;154.011;1;T;True;3
1621261088000;11616001;153.999;154.019;154.009;2;T;True;3
1621261089000;11616002;153.999;154.019;154.009;0;T;True;3
1621261090000;11616004;153.997;154.017;154.007;1;T;True;3
1621261091000;11616008;154.002;154.022;154.012;3;T;True;3
1621261092000;11616010;154.003;154.023;154.013;1;T;True;3
1621261093000;11616013;154.001;154.021;154.011;2;T;True;3
1621261094000;11616014;154.001;154.021;154.011;0;T;True;3
1621261095000;11616015;154.001;154.021;154.011;0;T;True;3
1621261096000;11616016;154.001;154.021;154.011;0;T;True;3
1621261097000;11616019;154.001;154.021;154.011;2;T;True;3
1621261098000;11616023;154.003;154.023;154.013;3;T;True;3
1621261099000;11616024;154.003;154.023;154.013;0;T;True;3
1621261100000;11616030;154.011;154.031;154.021;5;T;True;3
1621261101000;11616033;154.013;154.033;154.023;2;T;True;3
1621261102000;11616035;154.015;154.035;154.025;1;T;True;3
1621261103000;11616038;154.012;154.032;154.022;2;T;True;3
1621261104000;11616041;154.009;154.029;154.019;2;T;True;3
1621261105000;11616043;154.007;154.027;154.017;1;T;True;3
1621261106000;11616044;154.007;154.027;154.017;0;T;True;3
1621261107000;11616045;154.007;154.027;154.017;0;T;True;3
1621261108000;11616046;154.007;154.027;154.017;0;T;True;3
1621261109000;11616047;154.007;154.027;154.017;0;T;True;3
1621261110000;11616048;154.007;154.027;154.017;0;T;True;3
1621261111000;11616051;154.007;154.027;154.017;2;T;True;3
1621261112000;11616052;154.007;154.027;154.017;0;T;True;3
1621261113000;11616053;154.007;154.027;154.017;0;T;True;3
1621261114000;11616058;154.007;154.027;154.017;4;T;True;3
1621261115000;11616061;154.009;154.029;154.019;2;T;True;3
1621261116000;11616065;154.017;154.037;154.027;3;T;True;3
1621261117000;11616069;154.018;154.038;154.028;3;T;True;3
1621261118000;11616070;154.018;154.038;154.028;0;T;True;3
1621261119000;11616072;154.019;154.039;154.029;1;T;True;3
1621261120000;11616073;154.019;154.039;154.029;0;T;True;3
1621261121000;11616074;154.019;154.039;154.029;0;T;True;3
1621261122000;11616075;154.019;154.039;154.029;0;T;True;3
1621261123000;11616078;154.022;154.042;154.032;2;T;True;3
1621261124000;11616080;154.025;154.045;154.035;1;T;True;3
1621261125000;11616081;154.025;154.045;154.035;0;T;True;3
1621261126000;11616082;154.025;154.045;154.035;0;T;True;3
1621261127000;11616083;154.025;154.045;154.035;0;T;True;3
1621261128000;11616085;154.026;154.046;154.036;1;T;True;3
1621261129000;11616088;154.023;154.043;154.033;2;T;True;3
1621261130000;11616092;154.022;154.042;154.032;3;T;True;3
1621261131000;11616094;154.023;154.043;154.033;1;T;True;3
1621261132000;11616095;154.023;154.043;154.033;0;T;True;3
1621261133000;11616096;154.023;154.043;154.033;0;T;True;3
1621261134000;11616098;154.021;154.041;154.031;1;T;True;3
1621261135000;11616100;154.019;154.039;154.029;1;T;True;3
1621261136000;11616102;154.021;154.041;154.031;1;T;True;3
1621261137000;11616103;154.021;154.041;154.031;0;T;True;3
1621261138000;11616104;154.021;154.041;154.031;0;T;True;3
1621261139000;11616105;154.021;154.041;154.031;0;T;True;3
1621261140000;11616106;154.021;154.041;154.031;0;T;True;3
1621261141000;11616107;154.021;154.041;154.031;0;T;True;3
1621261142000;11616109;154.02;154.04;154.03;1;T;True;3
1621261143000;11616111;154.018;154.038;154.028;1;T;True;3
1621261144000;11616112;154.018;154.038;154.028;0;T;True;3
1621261145000;11616119;154.001;154.021;154.011;6;T;True;3
1621261146000;11616121;154.002;154.022;154.012;1;T;True;3
1621261147000;11616122;154.002;154.022;154.012;0;T;True;3
1621261148000;11616123;154.002;154.022;154.012;0;T;True;3
1621261149000;11616129;153.99;154.01;154.0;5;T;True;3
1621261150000;11616131;153.991;154.011;154.001;1;T;True;3
1621261151000;11616133;153.996;154.016;154.006;1;T;True;3
1621261152000;11616135;153.997;154.017;154.007;1;T;True;3
1621261153000;11616137;154.0;154.02;154.01;1;T;True;3
1621261154000;11616138;154.0;154.02;154.01;0;T;True;3
1621261155000;11616140;153.999;154.019;154.009;1;T;True;3
1621261156000;11616141;153.999;154.019;154.009;0;T;True;3
1621261157000;11616143;153.997;154.017;154.007;1;T;True;3
1621261158000;11616144;153.997;154.017;154.007;0;T;True;3
1621261159000;11616148;154.003;154.023;154.013;3;T;True;3
1621261160000;11616150;154.007;154.027;154.017;1;T;True;3
1621261161000;11616156;154.011;154.031;154.021;5;T;True;3
1621261162000;11616157;154.011;154.031;154.021;0;T;True;3
1621261163000;11616160;154.009;154.029;154.019;2;T;True;3
1621261164000;11616161;154.009;154.029;154.019;0;T;True;3
1621261165000;11616162;154.009;154.029;154.019;0;T;True;3
1621261166000;11616163;154.009;154.029;154.019;0;T;True;3
1621261167000;11616164;154.009;154.029;154.019;0;T;True;3
1621261168000;11616165;154.009;154.029;154.019;0;T;True;3
1621261169000;11616166;154.009;154.029;154.019;0;T;True;3
1621261170000;11616167;154.009;154.029;154.019;0;T;True;3
1621261171000;11616168;154.009;154.029;154.019;0;T;True;3
1621261172000;11616169;154.009;154.029;154.019;0;T;True;3
1621261173000;11616170;154.009;154.029;154.019;0;T;True;3
1621261174000;11616171;154.009;154.029;154.019;0;T;True;3
1621261175000;11616172;154.009;154.029;154.019;0;T;True;3
1621261176000;11616173;154.009;154.029;154.019;0;T;True;3
1621261177000;11616174;154.009;154.029;154.019;0;T;True;3
1621261178000;11616177;154.017;154.037;154.027;2;T;True;3
1621261179000;11616178;154.017;154.037;154.027;0;T;True;3
1621261180000;11616179;154.017;154.037;154.027;0;T;True;3
1621261181000;11616180;154.017;154.037;154.027;0;T;True;3
1621261182000;11616181;154.017;154.037;154.027;0;T;True;3
1621261183000;11616182;154.017;154.037;154.027;0;T;True;3
1621261184000;11616183;154.017;154.037;154.027;0;T;True;3
1621261185000;11616186;154.023;154.043;154.033;2;T;True;3
1621261186000;11616187;154.023;154.043;154.033;0;T;True;3
1621261187000;11616188;154.023;154.043;154.033;0;T;True;3
1621261188000;11616190;154.024;154.044;154.034;1;T;True;3
1621261189000;11616192;154.026;154.046;154.036;1;T;True;3
1621261190000;11616193;154.026;154.046;154.036;0;T;True;3
1621261191000;11616194;154.026;154.046;154.036;0;T;True;3
1621261192000;11616197;154.03;154.05;154.04;2;T;True;3
1621261193000;11616200;154.029;154.049;154.039;2;T;True;3
1621261194000;11616204;154.027;154.047;154.037;3;T;True;3
1621261195000;11616205;154.027;154.047;154.037;0;T;True;3
1621261196000;11616206;154.027;154.047;154.037;0;T;True;3
1621261197000;11616211;154.023;154.043;154.033;4;T;True;3
1621261198000;11616214;154.021;154.041;154.031;2;T;True;3
1621261199000;11616216;154.02;154.04;154.03;1;T;True;3
1621261200000;11616218;154.019;154.039;154.029;1;T;True;3
1621261201000;11616220;154.017;154.037;154.027;1;T;True;3
1621261202000;11616224;154.011;154.031;154.021;3;T;True;3
1621261203000;11616227;154.014;154.034;154.024;2;T;True;3
1621261204000;11616228;154.014;154.034;154.024;0;T;True;3
1621261205000;11616232;154.019;154.039;154.029;3;T;True;3
1621261206000;11616234;154.018;154.038;154.028;1;T;True;3
1621261207000;11616236;154.017;154.037;154.027;1;T;True;3
1621261208000;11616237;154.017;154.037;154.027;0;T;True;3
1621261209000;11616239;154.015;154.035;154.025;1;T;True;3
1621261210000;11616241;154.014;154.034;154.024;1;T;True;3
1621261211000;11616243;154.015;154.035;154.025;1;T;True;3
1621261212000;11616244;154.015;154.035;154.025;0;T;True;3
1621261213000;11616246;154.014;154.034;154.024;1;T;True;3
1621261214000;11616248;154.015;154.035;154.025;1;T;True;3
1621261215000;11616249;154.015;154.035;154.025;0;T;True;3
1621261216000;11616250;154.015;154.035;154.025;0;T;True;3
1621261217000;11616252;154.013;154.033;154.023;1;T;True;3
1621261218000;11616253;154.013;154.033;154.023;0;T;True;3
1621261219000;11616254;154.013;154.033;154.023;0;T;True;3
1621261220000;11616255;154.013;154.033;154.023;0;T;True;3
1621261221000;11616256;154.013;154.033;154.023;0;T;True;3
1621261222000;11616258;154.009;154.029;154.019;1;T;True;3
1621261223000;11616264;154.003;154.023;154.013;5;T;True;3
1621261224000;11616267;154.003;154.023;154.013;2;T;True;3
1621261225000;11616268;154.003;154.023;154.013;0;T;True;3
1621261226000;11616273;153.995;154.015;154.005;4;T;True;3
1621261227000;11616276;154.001;154.021;154.011;2;T;True;3
1621261228000;11616277;154.001;154.021;154.011;0;T;True;3
1621261229000;11616279;154.002;154.022;154.012;1;T;True;3
1621261230000;11616282;154.004;154.024;154.014;2;T;True;3
1621261231000;11616284;154.003;154.023;154.013;1;T;True;3
1621261232000;11616285;154.003;154.023;154.013;0;T;True;3
1621261233000;11616287;154.001;154.021;154.011;1;T;True;3
1621261234000;11616290;154.002;154.022;154.012;2;T;True;3
1621261235000;11616292;154.001;154.021;154.011;1;T;True;3
1621261236000;11616294;153.999;154.019;154.009;1;T;True;3
1621261237000;11616295;153.999;154.019;154.009;0;T;True;3
1621261238000;11616298;153.997;154.017;154.007;2;T;True;3
1621261239000;11616299;153.997;154.017;154.007;0;T;True;3
1621261240000;11616300;153.997;154.017;154.007;0;T;True;3
1621261241000;11616301;153.997;154.017;154.007;0;T;True;3
1621261242000;11616302;153.997;154.017;154.007;0;T;True;3
1621261243000;11616303;153.997;154.017;154.007;0;T;True;3
1621261244000;11616304;153.997;154.017;154.007;0;T;True;3
1621261245000;11616306;153.999;154.019;154.009;1;T;True;3
1621261246000;11616307;153.999;154.019;154.009;0;T;True;3
1621261247000;11616308;153.999;154.019;154.009;0;T;True;3
1621261248000;11616309;153.999;154.019;154.009;0;T;True;3
1621261249000;11616310;153.999;154.019;154.009;0;T;True;3
1621261250000;11616311;153.999;154.019;154.009;0;T;True;3
1621261251000;11616312;153.999;154.019;154.009;0;T;True;3
1621261252000;11616313;153.999;154.019;154.009;0;T;True;3
1621261253000;11616314;153.999;154.019;154.009;0;T;True;3
1621261254000;11616315;153.999;154.019;154.009;0;T;True;3
1621261255000;11616316;153.999;154.019;154.009;0;T;True;3
1621261256000;11616317;153.999;154.019;154.009;0;T;True;3
1621261257000;11616319;153.997;154.017;154.007;1;T;True;3
1621261258000;11616320;153.997;154.017;154.007;0;T;True;3
1621261259000;11616321;153.997;154.017;154.007;0;T;True;3
1621261260000;11616322;153.997;154.017;154.007;0;T;True;3
1621261261000;11616325;153.995;154.015;154.005;2;T;True;3
1621261262000;11616328;153.998;154.018;154.008;2;T;True;3
1621261263000;11616330;153.999;154.019;154.009;1;T;True;3
1621261264000;11616331;153.999;154.019;154.009;0;T;True;3
1621261265000;11616333;153.998;154.018;154.008;1;T;True;3
1621261266000;11616334;153.998;154.018;154.008;0;T;True;3
1621261267000;11616335;153.998;154.018;154.008;0;T;True;3
1621261268000;11616336;153.998;154.018;154.008;0;T;True;3
1621261269000;11616337;153.998;154.018;154.008;0;T;True;3
1621261270000;11616339;153.997;154.017;154.007;1;T;True;3
1621261271000;11616340;153.997;154.017;154.007;0;T;True;3
1621261272000;11616341;153.997;154.017;154.007;0;T;True;3
1621261273000;11616342;153.997;154.017;154.007;0;T;True;3
1621261274000;11616343;153.997;154.017;154.007;0;T;True;3
1621261275000;11616344;153.997;154.017;154.007;0;T;True;3
1621261276000;11616345;153.997;154.017;154.007;0;T;True;3
1621261277000;11616346;153.997;154.017;154.007;0;T;True;3
1621261278000;11616350;153.993;154.013;154.003;3;T;True;3
1621261279000;11616352;153.995;154.015;154.005;1;T;True;3
1621261280000;11616353;153.995;154.015;154.005;0;T;True;3
1621261281000;11616354;153.995;154.015;154.005;0;T;True;3
1621261282000;11616355;153.995;154.015;154.005;0;T;True;3
1621261283000;11616356;153.995;154.015;154.005;0;T;True;3
1621261284000;11616357;153.995;154.015;154.005;0;T;True;3
1621261285000;11616359;153.991;154.011;154.001;1;T;True;3
1621261286000;11616360;153.991;154.011;154.001;0;T;True;3
1621261287000;11616362;153.989;154.009;153.999;1;T;True;3
1621261288000;11616363;153.989;154.009;153.999;0;T;True;3
1621261289000;11616364;153.989;154.009;153.999;0;T;True;3
1621261290000;11616365;153.989;154.009;153.999;0;T;True;3
1621261291000;11616366;153.989;154.009;153.999;0;T;True;3
1621261292000;11616368;153.991;154.011;154.001;1;T;True;3
1621261293000;11616371;153.992;154.012;154.002;2;T;True;3
1621261294000;11616373;153.991;154.011;154.001;1;T;True;3
1621261295000;11616376;153.995;154.015;154.005;2;T;True;3
1621261296000;11616378;153.993;154.013;154.003;1;T;True;3
1621261297000;11616381;153.993;154.013;154.003;2;T;True;3
1621261298000;11616382;153.993;154.013;154.003;0;T;True;3
1621261299000;11616383;153.993;154.013;154.003;0;T;True;3
1621261300000;11616386;153.989;154.009;153.999;2;T;True;3
1621261301000;11616387;153.989;154.009;153.999;0;T;True;3
1621261302000;11616391;153.984;154.004;153.994;3;T;True;3
1621261303000;11616394;153.985;154.005;153.995;2;T;True;3
1621261304000;11616395;153.985;154.005;153.995;0;T;True;3
1621261305000;11616397;153.983;154.003;153.993;1;T;True;3
1621261306000;11616398;153.983;154.003;153.993;0;T;True;3
1621261307000;11616399;153.983;154.003;153.993;0;T;True;3
1621261308000;11616400;153.983;154.003;153.993;0;T;True;3
1621261309000;11616401;153.983;154.003;153.993;0;T;True;3
1621261310000;11616402;153.983;154.003;153.993;0;T;True;3
1621261311000;11616405;153.98;154.0;153.99;2;T;True;3
1621261312000;11616408;153.983;154.003;153.993;2;T;True;3
1621261313000;11616409;153.983;154.003;153.993;0;T;True;3
1621261314000;11616410;153.983;154.003;153.993;0;T;True;3
1621261315000;11616412;153.981;154.001;153.991;1;T;True;3
1621261316000;11616415;153.985;154.005;153.995;2;T;True;3
1621261317000;11616416;153.985;154.005;153.995;0;T;True;3
1621261318000;11616418;153.987;154.007;153.997;1;T;True;3
1621261319000;11616419;153.987;154.007;153.997;0;T;True;3
1621261320000;11616420;153.987;154.007;153.997;0;T;True;3
1621261321000;11616421;153.987;154.007;153.997;0;T;True;3
1621261322000;11616423;153.985;154.005;153.995;1;T;True;3
1621261323000;11616424;153.985;154.005;153.995;0;T;True;3
1621261324000;11616427;153.989;154.009;153.999;2;T;True;3
1621261325000;11616431;153.991;154.011;154.001;3;T;True;3
1621261326000;11616432;153.991;154.011;154.001;0;T;True;3
1621261327000;11616434;153.989;154.009;153.999;1;T;True;3
1621261328000;11616436;153.993;154.013;154.003;1;T;True;3
1621261329000;11616437;153.993;154.013;154.003;0;T;True;3
1621261330000;11616440;154.0;154.02;154.01;2;T;True;3
1621261331000;11616441;154.0;154.02;154.01;0;T;True;3
1621261332000;11616443;154.001;154.021;154.011;1;T;True;3
1621261333000;11616444;154.001;154.021;154.011;0;T;True;3
1621261334000;11616445;154.001;154.021;154.011;0;T;True;3
1621261335000;11616446;154.001;154.021;154.011;0;T;True;3
1621261336000;11616447;154.001;154.021;154.011;0;T;True;3
1621261337000;11616449;154.0;154.02;154.01;1;T;True;3
1621261338000;11616451;154.001;154.021;154.011;1;T;True;3
1621261339000;11616453;154.003;154.023;154.013;1;T;True;3
1621261340000;11616455;154.001;154.021;154.011;1;T;True;3
1621261341000;11616456;154.001;154.021;154.011;0;T;True;3
1621261342000;11616457;154.001;154.021;154.011;0;T;True;3
1621261343000;11616458;154.001;154.021;154.011;0;T;True;3
1621261344000;11616460;153.997;154.017;154.007;1;T;True;3
1621261345000;11616461;153.997;154.017;154.007;0;T;True;3
1621261346000;11616463;153.999;154.019;154.009;1;T;True;3
1621261347000;11616465;153.998;154.018;154.008;1;T;True;3
1621261348000;11616471;153.999;154.019;154.009;5;T;True;3
1621261349000;11616472;153.999;154.019;154.009;0;T;True;3
1621261350000;11616473;153.999;154.019;154.009;0;T;True;3
1621261351000;11616476;153.995;154.015;154.005;2;T;True;3
1621261352000;11616477;153.995;154.015;154.005;0;T;True;3
1621261353000;11616480;153.997;154.017;154.007;2;T;True;3
1621261354000;11616488;153.993;154.013;154.003;7;T;True;3
1621261355000;11616489;153.993;154.013;154.003;0;T;True;3
1621261356000;11616493;153.994;154.014;154.004;3;T;True;3
1621261357000;11616494;153.994;154.014;154.004;0;T;True;3
1621261358000;11616495;153.994;154.014;154.004;0;T;True;3
1621261359000;11616497;153.993;154.013;154.003;1;T;True;3
1621261360000;11616501;153.986;154.006;153.996;3;T;True;3
1621261361000;11616504;153.983;154.003;153.993;2;T;True;3
1621261362000;11616507;153.983;154.003;153.993;2;T;True;3
1621261363000;11616510;153.979;153.999;153.989;2;T;True;3
1621261364000;11616511;153.979;153.999;153.989;0;T;True;3
1621261365000;11616512;153.979;153.999;153.989;0;T;True;3
1621261366000;11616513;153.979;153.999;153.989;0;T;True;3
1621261367000;11616514;153.979;153.999;153.989;0;T;True;3
1621261368000;11616515;153.979;153.999;153.989;0;T;True;3
1621261369000;11616516;153.979;153.999;153.989;0;T;True;3
1621261370000;11616517;153.979;153.999;153.989;0;T;True;3
1621261371000;11616518;153.979;153.999;153.989;0;T;True;3
1621261372000;11616519;153.979;153.999;153.989;0;T;True;3
1621261373000;11616520;153.979;153.999;153.989;0;T;True;3
1621261374000;11616522;153.977;153.997;153.987;1;T;True;3
1621261375000;11616524;153.979;153.999;153.989;1;T;True;3
1621261376000;11616526;153.981;154.001;153.991;1;T;True;3
1621261377000;11616529;153.981;154.001;153.991;2;T;True;3
1621261378000;11616532;153.981;154.001;153.991;2;T;True;3
1621261379000;11616533;153.981;154.001;153.991;0;T;True;3
1621261380000;11616537;153.983;154.003;153.993;3;T;True;3
1621261381000;11616539;153.985;154.005;153.995;1;T;True;3
1621261382000;11616541;153.987;154.007;153.997;1;T;True;3
1621261383000;11616543;153.985;154.005;153.995;1;T;True;3
1621261384000;11616544;153.985;154.005;153.995;0;T;True;3
1621261385000;11616545;153.985;154.005;153.995;0;T;True;3
1621261386000;11616546;153.985;154.005;153.995;0;T;True;3
1621261387000;11616547;153.985;154.005;153.995;0;T;True;3
1621261388000;11616548;153.985;154.005;153.995;0;T;True;3
1621261389000;11616550;153.987;154.007;153.997;1;T;True;3
1621261390000;11616552;153.989;154.009;153.999;1;T;True;3
1621261391000;11616553;153.989;154.009;153.999;0;T;True;3
1621261392000;11616554;153.989;154.009;153.999;0;T;True;3
1621261393000;11616555;153.989;154.009;153.999;0;T;True;3
1621261394000;11616557;153.988;154.008;153.998;1;T;True;3
1621261395000;11616561;153.985;154.005;153.995;3;T;True;3
1621261396000;11616563;153.987;154.007;153.997;1;T;True;3
1621261397000;11616564;153.987;154.007;153.997;0;T;True;3
1621261398000;11616569;153.987;154.007;153.997;4;T;True;3
1621261399000;11616571;153.984;154.004;153.994;1;T;True;3
1621261400000;11616572;153.984;154.004;153.994;0;T;True;3
1621261401000;11616576;153.985;154.005;153.995;3;T;True;3
1621261402000;11616578;153.984;154.004;153.994;1;T;True;3
1621261403000;11616579;153.984;154.004;153.994;0;T;True;3
1621261404000;11616580;153.984;154.004;153.994;0;T;True;3
1621261405000;11616583;153.983;154.003;153.993;2;T;True;3
1621261406000;11616584;153.983;154.003;153.993;0;T;True;3
1621261407000;11616585;153.983;154.003;153.993;0;T;True;3
1621261408000;11616589;153.993;154.013;154.003;3;T;True;3
1621261409000;11616590;153.993;154.013;154.003;0;T;True;3
1621261410000;11616593;153.989;154.009;153.999;2;T;True;3
1621261411000;11616594;153.989;154.009;153.999;0;T;True;3
1621261412000;11616596;153.987;154.007;153.997;1;T;True;3
1621261413000;11616597;153.987;154.007;153.997;0;T;True;3
1621261414000;11616600;153.987;154.007;153.997;2;T;True;3
1621261415000;11616603;153.993;154.013;154.003;2;T;True;3
1621261416000;11616604;153.993;154.013;154.003;0;T;True;3
1621261417000;11616605;153.993;154.013;154.003;0;T;True;3
1621261418000;11616606;153.993;154.013;154.003;0;T;True;3
1621261419000;11616607;153.993;154.013;154.003;0;T;True;3
1621261420000;11616609;153.995;154.015;154.005;1;T;True;3
1621261421000;11616610;153.995;154.015;154.005;0;T;True;3
1621261422000;11616611;153.995;154.015;154.005;0;T;True;3
1621261423000;11616613;153.997;154.017;154.007;1;T;True;3
1621261424000;11616614;153.997;154.017;154.007;0;T;True;3
1621261425000;11616618;153.997;154.017;154.007;3;T;True;3
1621261426000;11616621;154.001;154.021;154.011;2;T;True;3
1621261427000;11616622;154.001;154.021;154.011;0;T;True;3
1621261428000;11616623;154.001;154.021;154.011;0;T;True;3
1621261429000;11616624;154.001;154.021;154.011;0;T;True;3
1621261430000;11616627;154.005;154.025;154.015;2;T;True;3
1621261431000;11616628;154.005;154.025;154.015;0;T;True;3
1621261432000;11616630;154.003;154.023;154.013;1;T;True;3
1621261433000;11616634;154.001;154.021;154.011;3;T;True;3
1621261434000;11616637;153.999;154.019;154.009;2;T;True;3
1621261435000;11616640;153.996;154.016;154.006;2;T;True;3
1621261436000;11616642;153.995;154.015;154.005;1;T;True;3
1621261437000;11616643;153.995;154.015;154.005;0;T;True;3
1621261438000;11616644;153.995;154.015;154.005;0;T;True;3
1621261439000;11616645;153.995;154.015;154.005;0;T;True;3
1621261440000;11616647;153.997;154.017;154.007;1;T;True;3
1621261441000;11616649;153.999;154.019;154.009;1;T;True;3
1621261442000;11616650;153.999;154.019;154.009;0;T;True;3
1621261443000;11616651;153.999;154.019;154.009;0;T;True;3
1621261444000;11616654;154.001;154.021;154.011;2;T;True;3
1621261445000;11616656;154.002;154.022;154.012;1;T;True;3
1621261446000;11616660;154.003;154.023;154.013;3;T;True;3
1621261447000;11616661;154.003;154.023;154.013;0;T;True;3
1621261448000;11616663;153.999;154.019;154.009;1;T;True;3
1621261449000;11616664;153.999;154.019;154.009;0;T;True;3
1621261450000;11616669;153.995;154.015;154.005;4;T;True;3
1621261451000;11616671;153.992;154.012;154.002;1;T;True;3
1621261452000;11616673;153.991;154.011;154.001;1;T;True;3
1621261453000;11616674;153.991;154.011;154.001;0;T;True;3
1621261454000;11616675;153.991;154.011;154.001;0;T;True;3
1621261455000;11616676;153.991;154.011;154.001;0;T;True;3
1621261456000;11616677;153.991;154.011;154.001;0;T;True;3
1621261457000;11616678;153.991;154.011;154.001;0;T;True;3
1621261458000;11616679;153.991;154.011;154.001;0;T;True;3
1621261459000;11616680;153.991;154.011;154.001;0;T;True;3
1621261460000;11616683;153.983;154.003;153.993;2;T;True;3
1621261461000;11616684;153.983;154.003;153.993;0;T;True;3
1621261462000;11616688;153.982;154.002;153.992;3;T;True;3
1621261463000;11616689;153.982;154.002;153.992;0;T;True;3
1621261464000;11616692;153.985;154.005;153.995;2;T;True;3
1621261465000;11616696;153.991;154.011;154.001;3;T;True;3
1621261466000;11616697;153.991;154.011;154.001;0;T;True;3
1621261467000;11616699;153.993;154.013;154.003;1;T;True;3
1621261468000;11616700;153.993;154.013;154.003;0;T;True;3
1621261469000;11616702;153.991;154.011;154.001;1;T;True;3
1621261470000;11616703;153.991;154.011;154.001;0;T;True;3
1621261471000;11616709;153.993;154.013;154.003;5;T;True;3
1621261472000;11616713;153.991;154.011;154.001;3;T;True;3
1621261473000;11616719;153.997;154.017;154.007;5;T;True;3
1621261474000;11616720;153.997;154.017;154.007;0;T;True;3
1621261475000;11616721;153.997;154.017;154.007;0;T;True;3
1621261476000;11616722;153.997;154.017;154.007;0;T;True;3
1621261477000;11616723;153.997;154.017;154.007;0;T;True;3
1621261478000;11616724;153.997;154.017;154.007;0;T;True;3
1621261479000;11616727;153.997;154.017;154.007;2;T;True;3
1621261480000;11616728;153.997;154.017;154.007;0;T;True;3
1621261481000;11616729;153.997;154.017;154.007;0;T;True;3
1621261482000;11616731;153.998;154.018;154.008;1;T;True;3
1621261483000;11616732;153.998;154.018;154.008;0;T;True;3
1621261484000;11616733;153.998;154.018;154.008;0;T;True;3
1621261485000;11616734;153.998;154.018;154.008;0;T;True;3
1621261486000;11616735;153.998;154.018;154.008;0;T;True;3
1621261487000;11616737;154.0;154.02;154.01;1;T;True;3
1621261488000;11616739;153.999;154.019;154.009;1;T;True;3
1621261489000;11616741;154.001;154.021;154.011;1;T;True;3
1621261490000;11616742;154.001;154.021;154.011;0;T;True;3
1621261491000;11616743;154.001;154.021;154.011;0;T;True;3
1621261492000;11616745;154.003;154.023;154.013;1;T;True;3
1621261493000;11616746;154.003;154.023;154.013;0;T;True;3
1621261494000;11616747;154.003;154.023;154.013;0;T;True;3
1621261495000;11616750;154.005;154.025;154.015;2;T;True;3
1621261496000;11616752;154.007;154.027;154.017;1;T;True;3
1621261497000;11616754;154.005;154.025;154.015;1;T;True;3
1621261498000;11616757;154.001;154.021;154.011;2;T;True;3
1621261499000;11616758;154.001;154.021;154.011;0;T;True;3
1621261500000;11616761;154.003;154.023;154.013;2;T;True;3
1621261501000;11616762;154.003;154.023;154.013;0;T;True;3
1621261502000;11616766;154.007;154.027;154.017;3;T;True;3
1621261503000;11616767;154.007;154.027;154.017;0;T;True;3
1621261504000;11616769;154.009;154.029;154.019;1;T;True;3
1621261505000;11616772;154.011;154.031;154.021;2;T;True;3
1621261506000;11616773;154.011;154.031;154.021;0;T;True;3
1621261507000;11616775;154.007;154.027;154.017;1;T;True;3
1621261508000;11616776;154.007;154.027;154.017;0;T;True;3
1621261509000;11616777;154.007;154.027;154.017;0;T;True;3
1621261510000;11616779;154.005;154.025;154.015;1;T;True;3
1621261511000;11616780;154.005;154.025;154.015;0;T;True;3
1621261512000;11616782;154.011;154.031;154.021;1;T;True;3
1621261513000;11616787;154.013;154.033;154.023;4;T;True;3
1621261514000;11616789;154.019;154.039;154.029;1;T;True;3
1621261515000;11616791;154.017;154.037;154.027;1;T;True;3
1621261516000;11616793;154.018;154.038;154.028;1;T;True;3
1621261517000;11616794;154.018;154.038;154.028;0;T;True;3
1621261518000;11616797;154.021;154.041;154.031;2;T;True;3
1621261519000;11616800;154.027;154.047;154.037;2;T;True;3
1621261520000;11616801;154.027;154.047;154.037;0;T;True;3
1621261521000;11616804;154.025;154.045;154.035;2;T;True;3
1621261522000;11616805;154.025;154.045;154.035;0;T;True;3
1621261523000;11616806;154.025;154.045;154.035;0;T;True;3
1621261524000;11616809;154.026;154.046;154.036;2;T;True;3
1621261525000;11616812;154.024;154.044;154.034;2;T;True;3
1621261526000;11616817;154.025;154.045;154.035;4;T;True;3
1621261527000;11616822;154.021;154.041;154.031;4;T;True;3
1621261528000;11616823;154.021;154.041;154.031;0;T;True;3
1621261529000;11616824;154.021;154.041;154.031;0;T;True;3
1621261530000;11616826;154.02;154.04;154.03;1;T;True;3
1621261531000;11616828;154.019;154.039;154.029;1;T;True;3
1621261532000;11616830;154.017;154.037;154.027;1;T;True;3
1621261533000;11616832;154.019;154.039;154.029;1;T;True;3
1621261534000;11616834;154.023;154.043;154.033;1;T;True;3
1621261535000;11616838;154.025;154.045;154.035;3;T;True;3
1621261536000;11616841;154.027;154.047;154.037;2;T;True;3
1621261537000;11616842;154.027;154.047;154.037;0;T;True;3
1621261538000;11616844;154.029;154.049;154.039;1;T;True;3
1621261539000;11616845;154.029;154.049;154.039;0;T;True;3
1621261540000;11616846;154.029;154.049;154.039;0;T;True;3
1621261541000;11616847;154.029;154.049;154.039;0;T;True;3
1621261542000;11616849;154.031;154.051;154.041;1;T;True;3
1621261543000;11616853;154.025;154.045;154.035;3;T;True;3
1621261544000;11616855;154.026;154.046;154.036;1;T;True;3
1621261545000;11616857;154.025;154.045;154.035;1;T;True;3
1621261546000;11616859;154.024;154.044;154.034;1;T;True;3
1621261547000;11616860;154.024;154.044;154.034;0;T;True;3
1621261548000;11616863;154.027;154.047;154.037;2;T;True;3
1621261549000;11616865;154.031;154.051;154.041;1;T;True;3
1621261550000;11616866;154.031;154.051;154.041;0;T;True;3
1621261551000;11616869;154.029;154.049;154.039;2;T;True;3
1621261552000;11616870;154.029;154.049;154.039;0;T;True;3
1621261553000;11616871;154.029;154.049;154.039;0;T;True;3
1621261554000;11616873;154.027;154.047;154.037;1;T;True;3
1621261555000;11616874;154.027;154.047;154.037;0;T;True;3
1621261556000;11616875;154.027;154.047;154.037;0;T;True;3
1621261557000;11616876;154.027;154.047;154.037;0;T;True;3
1621261558000;11616878;154.029;154.049;154.039;1;T;True;3
1621261559000;11616880;154.031;154.051;154.041;1;T;True;3
1621261560000;11616882;154.029;154.049;154.039;1;T;True;3
1621261561000;11616885;154.027;154.047;154.037;2;T;True;3
1621261562000;11616887;154.026;154.046;154.036;1;T;True;3
1621261563000;11616891;154.031;154.051;154.041;3;T;True;3
1621261564000;11616894;154.033;154.053;154.043;2;T;True;3
1621261565000;11616895;154.033;154.053;154.043;0;T;True;3
1621261566000;11616896;154.033;154.053;154.043;0;T;True;3
1621261567000;11616898;154.031;154.051;154.041;1;T;True;3
1621261568000;11616899;154.031;154.051;154.041;0;T;True;3
1621261569000;11616901;154.033;154.053;154.043;1;T;True;3
1621261570000;11616904;154.03;154.05;154.04;2;T;True;3
1621261571000;11616906;154.029;154.049;154.039;1;T;True;3
1621261572000;11616907;154.029;154.049;154.039;0;T;True;3
1621261573000;11616909;154.033;154.053;154.043;1;T;True;3
1621261574000;11616912;154.033;154.053;154.043;2;T;True;3
1621261575000;11616913;154.033;154.053;154.043;0;T;True;3
1621261576000;11616918;154.032;154.052;154.042;4;T;True;3
1621261577000;11616921;154.032;154.052;154.042;2;T;True;3
1621261578000;11616923;154.031;154.051;154.041;1;T;True;3
1621261579000;11616926;154.031;154.051;154.041;2;T;True;3
1621261580000;11616927;154.031;154.051;154.041;0;T;True;3
1621261581000;11616929;154.029;154.049;154.039;1;T;True;3
1621261582000;11616931;154.033;154.053;154.043;1;T;True;3
1621261583000;11616933;154.031;154.051;154.041;1;T;True;3
1621261584000;11616937;154.025;154.045;154.035;3;T;True;3
1621261585000;11616941;154.028;154.048;154.038;3;T;True;3
1621261586000;11616943;154.029;154.049;154.039;1;T;True;3
1621261587000;11616947;154.032;154.052;154.042;3;T;True;3
