ts;n;bid;ask;value;volume;phase;round;active_id
1621269622000;11631535;154.267;154.287;154.277;0;T;True;3
1621269623000;11631536;154.267;154.287;154.277;0;T;True;3
1621269624000;11631537;154.267;154.287;154.277;0;T;True;3
1621269625000;11631539;154.266;154.286;154.276;1;T;True;3
1621269626000;11631540;154.266;154.286;154.276;0;T;True;3
1621269627000;11631541;154.266;154.286;154.276;0;T;True;3
1621269628000;11631542;154.266;154.286;154.276;0;T;True;3
1621269629000;11631543;154.266;154.286;154.276;0;T;True;3
1621269630000;11631545;154.267;154.287;154.277;1;T;True;3
1621269631000;11631546;154.267;154.287;154.277;0;T;True;3
1621269632000;11631547;154.267;154.287;154.277;0;T;True;3
1621269633000;11631548;154.267;154.287;154.277;0;T;True;3
1621269634000;11631549;154.267;154.287;154.277;0;T;True;3
1621269635000;11631550;154.267;154.287;154.277;0;T;True;3
1621269636000;11631551;154.267;154.287;154.277;0;T;True;3
1621269637000;11631552;154.267;154.287;154.277;0;T;True;3
1621269638000;11631553;154.267;154.287;154.277;0;T;True;3
1621269639000;11631555;154.266;154.286;154.276;1;T;True;3
1621269640000;11631557;154.265;154.285;154.275;1;T;True;3
1621269641000;11631559;154.259;154.279;154.269;1;T;True;3
1621269642000;11631560;154.259;154.279;154.269;0;T;True;3
1621269643000;11631561;154.259;154.279;154.269;0;T;True;3
1621269644000;11631562;154.259;154.279;154.269;0;T;True;3
1621269645000;11631565;154.259;154.279;154.269;2;T;True;3
1621269646000;11631566;154.259;154.279;154.269;0;T;True;3
1621269647000;11631568;154.258;154.278;154.268;1;T;True;3
1621269648000;11631569;154.258;154.278;154.268;0;T;True;3
1621269649000;11631571;154.257;154.277;154.267;1;T;True;3
1621269650000;11631572;154.257;154.277;154.267;0;T;True;3
1621269651000;11631573;154.257;154.277;154.267;0;T;True;3
1621269652000;11631574;154.257;154.277;154.267;0;T;True;3
1621269653000;11631575;154.257;154.277;154.267;0;T;True;3
1621269654000;11631576;154.257;154.277;154.267;0;T;True;3
1621269655000;11631577;154.257;154.277;154.267;0;T;True;3
1621269656000;11631578;154.257;154.277;154.267;0;T;True;3
1621269657000;11631579;154.257;154.277;154.267;0;T;True;3
1621269658000;11631580;154.257;154.277;154.267;0;T;True;3
1621269659000;11631581;154.257;154.277;154.267;0;T;True;3
1621269660000;11631582;154.257;154.277;154.267;0;T;True;3
1621269661000;11631583;154.257;154.277;154.267;0;T;True;3
1621269662000;11631585;154.258;154.278;154.268;1;T;True;3
1621269663000;11631586;154.258;154.278;154.268;0;T;True;3
1621269664000;11631587;154.258;154.278;154.268;0;T;True;3
1621269665000;11631588;154.258;154.278;154.268;0;T;True;3
1621269666000;11631590;154.259;154.279;154.269;1;T;True;3
1621269667000;11631591;154.259;154.279;154.269;0;T;True;3
1621269668000;11631592;154.259;154.279;154.269;0;T;True;3
1621269669000;11631593;154.259;154.279;154.269;0;T;True;3
1621269670000;11631594;154.259;154.279;154.269;0;T;True;3
1621269671000;11631595;154.259;154.279;154.269;0;T;True;3
1621269672000;11631596;154.259;154.279;154.269;0;T;True;3
1621269673000;11631597;154.259;154.279;154.269;0;T;True;3
1621269674000;11631598;154.259;154.279;154.269;0;T;True;3
1621269675000;11631600;154.257;154.277;154.267;1;T;True;3
1621269676000;11631601;154.257;154.277;154.267;0;T;True;3
1621269677000;11631602;154.257;154.277;154.267;0;T;True;3
1621269678000;11631603;154.257;154.277;154.267;0;T;True;3
1621269679000;11631604;154.257;154.277;154.267;0;T;True;3
1621269680000;11631606;154.255;154.275;154.265;1;T;True;3
1621269681000;11631607;154.255;154.275;154.265;0;T;True;3
1621269682000;11631608;154.255;154.275;154.265;0;T;True;3
1621269683000;11631609;154.255;154.275;154.265;0;T;True;3
1621269684000;11631610;154.255;154.275;154.265;0;T;True;3
1621269685000;11631611;154.255;154.275;154.265;0;T;True;3
1621269686000;11631612;154.255;154.275;154.265;0;T;True;3
1621269687000;11631613;154.255;154.275;154.265;0;T;True;3
1621269688000;11631614;154.255;154.275;154.265;0;T;True;3
1621269689000;11631615;154.255;154.275;154.265;0;T;True;3
1621269690000;11631616;154.255;154.275;154.265;0;T;True;3
1621269691000;11631617;154.255;154.275;154.265;0;T;True;3
1621269692000;11631619;154.257;154.277;154.267;1;T;True;3
1621269693000;11631620;154.257;154.277;154.267;0;T;True;3
1621269694000;11631621;154.257;154.277;154.267;0;T;True;3
1621269695000;11631622;154.257;154.277;154.267;0;T;True;3
1621269696000;11631623;154.257;154.277;154.267;0;T;True;3
1621269697000;11631626;154.261;154.281;154.271;2;T;True;3
1621269698000;11631627;154.261;154.281;154.271;0;T;True;3
1621269699000;11631628;154.261;154.281;154.271;0;T;True;3
1621269700000;11631629;154.261;154.281;154.271;0;T;True;3
1621269701000;11631630;154.261;154.281;154.271;0;T;True;3
1621269702000;11631631;154.261;154.281;154.271;0;T;True;3
1621269703000;11631632;154.261;154.281;154.271;0;T;True;3
1621269704000;11631633;154.261;154.281;154.271;0;T;True;3
1621269705000;11631634;154.261;154.281;154.271;0;T;True;3
1621269706000;11631635;154.261;154.281;154.271;0;T;True;3
1621269707000;11631636;154.261;154.281;154.271;0;T;True;3
1621269708000;11631637;154.261;154.281;154.271;0;T;True;3
1621269709000;11631638;154.261;154.281;154.271;0;T;True;3
1621269710000;11631639;154.261;154.281;154.271;0;T;True;3
1621269711000;11631640;154.261;154.281;154.271;0;T;True;3
1621269712000;11631641;154.261;154.281;154.271;0;T;True;3
1621269713000;11631642;154.261;154.281;154.271;0;T;True;3
1621269714000;11631643;154.261;154.281;154.271;0;T;True;3
1621269715000;11631644;154.261;154.281;154.271;0;T;True;3
1621269716000;11631645;154.261;154.281;154.271;0;T;True;3
1621269717000;11631646;154.261;154.281;154.271;0;T;True;3
1621269718000;11631648;154.262;154.282;154.272;1;T;True;3
1621269719000;11631649;154.262;154.282;154.272;0;T;True;3
1621269720000;11631650;154.262;154.282;154.272;0;T;True;3
1621269721000;11631651;154.262;154.282;154.272;0;T;True;3
1621269722000;11631652;154.262;154.282;154.272;0;T;True;3
1621269723000;11631653;154.262;154.282;154.272;0;T;True;3
1621269724000;11631654;154.262;154.282;154.272;0;T;True;3
1621269725000;11631655;154.262;154.282;154.272;0;T;True;3
1621269726000;11631656;154.262;154.282;154.272;0;T;True;3
1621269727000;11631657;154.262;154.282;154.272;0;T;True;3
1621269728000;11631658;154.262;154.282;154.272;0;T;True;3
1621269729000;11631659;154.262;154.282;154.272;0;T;True;3
1621269730000;11631660;154.262;154.282;154.272;0;T;True;3
1621269731000;11631661;154.262;154.282;154.272;0;T;True;3
1621269732000;11631662;154.262;154.282;154.272;0;T;True;3
1621269733000;11631663;154.262;154.282;154.272;0;T;True;3
1621269734000;11631664;154.262;154.282;154.272;0;T;True;3
1621269735000;11631665;154.262;154.282;154.272;0;T;True;3
1621269736000;11631666;154.262;154.282;154.272;0;T;True;3
1621269737000;11631667;154.262;154.282;154.272;0;T;True;3
1621269738000;11631668;154.262;154.282;154.272;0;T;True;3
1621269739000;11631669;154.262;154.282;154.272;0;T;True;3
1621269740000;11631670;154.262;154.282;154.272;0;T;True;3
1621269741000;11631671;154.262;154.282;154.272;0;T;True;3
1621269742000;11631672;154.262;154.282;154.272;0;T;True;3
1621269743000;11631673;154.262;154.282;154.272;0;T;True;3
1621269744000;11631674;154.262;154.282;154.272;0;T;True;3
1621269745000;11631675;154.262;154.282;154.272;0;T;True;3
1621269746000;11631676;154.262;154.282;154.272;0;T;True;3
1621269747000;11631677;154.262;154.282;154.272;0;T;True;3
1621269748000;11631678;154.262;154.282;154.272;0;T;True;3
1621269749000;11631679;154.262;154.282;154.272;0;T;True;3
1621269750000;11631680;154.262;154.282;154.272;0;T;True;3
1621269751000;11631681;154.262;154.282;154.272;0;T;True;3
1621269752000;11631682;154.262;154.282;154.272;0;T;True;3
1621269753000;11631683;154.262;154.282;154.272;0;T;True;3
1621269754000;11631684;154.262;154.282;154.272;0;T;True;3
1621269755000;11631685;154.262;154.282;154.272;0;T;True;3
1621269756000;11631686;154.262;154.282;154.272;0;T;True;3
1621269757000;11631687;154.262;154.282;154.272;0;T;True;3
1621269758000;11631688;154.262;154.282;154.272;0;T;True;3
1621269759000;11631689;154.262;154.282;154.272;0;T;True;3
1621269760000;11631690;154.262;154.282;154.272;0;T;True;3
1621269761000;11631691;154.262;154.282;154.272;0;T;True;3
1621269762000;11631692;154.262;154.282;154.272;0;T;True;3
1621269763000;11631693;154.262;154.282;154.272;0;T;True;3
1621269764000;11631694;154.262;154.282;154.272;0;T;True;3
1621269765000;11631695;154.262;154.282;154.272;0;T;True;3
1621269766000;11631696;154.262;154.282;154.272;0;T;True;3
1621269767000;11631697;154.262;154.282;154.272;0;T;True;3
1621269768000;11631698;154.262;154.282;154.272;0;T;True;3
1621269769000;11631699;154.262;154.282;154.272;0;T;True;3
1621269770000;11631700;154.262;154.282;154.272;0;T;True;3
1621269771000;11631701;154.262;154.282;154.272;0;T;True;3
1621269772000;11631702;154.262;154.282;154.272;0;T;True;3
1621269773000;11631704;154.263;154.283;154.273;1;T;True;3
1621269774000;11631705;154.263;154.283;154.273;0;T;True;3
1621269775000;11631706;154.263;154.283;154.273;0;T;True;3
1621269776000;11631707;154.263;154.283;154.273;0;T;True;3
1621269777000;11631708;154.263;154.283;154.273;0;T;True;3
1621269778000;11631709;154.263;154.283;154.273;0;T;True;3
1621269779000;11631710;154.263;154.283;154.273;0;T;True;3
1621269780000;11631711;154.263;154.283;154.273;0;T;True;3
1621269781000;11631712;154.263;154.283;154.273;0;T;True;3
1621269782000;11631713;154.263;154.283;154.273;0;T;True;3
1621269783000;11631714;154.263;154.283;154.273;0;T;True;3
1621269784000;11631715;154.263;154.283;154.273;0;T;True;3
1621269785000;11631716;154.263;154.283;154.273;0;T;True;3
1621269786000;11631717;154.263;154.283;154.273;0;T;True;3
1621269787000;11631718;154.263;154.283;154.273;0;T;True;3
1621269788000;11631719;154.263;154.283;154.273;0;T;True;3
1621269789000;11631720;154.263;154.283;154.273;0;T;True;3
1621269790000;11631721;154.263;154.283;154.273;0;T;True;3
1621269791000;11631722;154.263;154.283;154.273;0;T;True;3
1621269792000;11631723;154.263;154.283;154.273;0;T;True;3
1621269793000;11631724;154.263;154.283;154.273;0;T;True;3
1621269794000;11631725;154.263;154.283;154.273;0;T;True;3
1621269795000;11631726;154.263;154.283;154.273;0;T;True;3
1621269796000;11631727;154.263;154.283;154.273;0;T;True;3
1621269797000;11631729;154.265;154.285;154.275;1;T;True;3
1621269798000;11631731;154.267;154.287;154.277;1;T;True;3
1621269799000;11631733;154.259;154.279;154.269;1;T;True;3
1621269800000;11631739;154.251;154.271;154.261;5;T;True;3
1621269801000;11631740;154.251;154.271;154.261;0;T;True;3
1621269802000;11631741;154.251;154.271;154.261;0;T;True;3
1621269803000;11631742;154.251;154.271;154.261;0;T;True;3
1621269804000;11631745;154.251;154.271;154.261;2;T;True;3
1621269805000;11631746;154.251;154.271;154.261;0;T;True;3
1621269806000;11631747;154.251;154.271;154.261;0;T;True;3
1621269807000;11631748;154.251;154.271;154.261;0;T;True;3
1621269808000;11631749;154.251;154.271;154.261;0;T;True;3
1621269809000;11631750;154.251;154.271;154.261;0;T;True;3
1621269810000;11631751;154.251;154.271;154.261;0;T;True;3
1621269811000;11631752;154.251;154.271;154.261;0;T;True;3
1621269812000;11631753;154.251;154.271;154.261;0;T;True;3
1621269813000;11631754;154.251;154.271;154.261;0;T;True;3
1621269814000;11631755;154.251;154.271;154.261;0;T;True;3
1621269815000;11631756;154.251;154.271;154.261;0;T;True;3
1621269816000;11631758;154.249;154.269;154.259;1;T;True;3
1621269817000;11631761;154.246;154.266;154.256;2;T;True;3
1621269818000;11631763;154.249;154.269;154.259;1;T;True;3
1621269819000;11631764;154.249;154.269;154.259;0;T;True;3
1621269820000;11631765;154.249;154.269;154.259;0;T;True;3
1621269821000;11631767;154.247;154.267;154.257;1;T;True;3
1621269822000;11631768;154.247;154.267;154.257;0;T;True;3
1621269823000;11631769;154.247;154.267;154.257;0;T;True;3
1621269824000;11631771;154.248;154.268;154.258;1;T;True;3
1621269825000;11631772;154.248;154.268;154.258;0;T;True;3
1621269826000;11631774;154.249;154.269;154.259;1;T;True;3
1621269827000;11631775;154.249;154.269;154.259;0;T;True;3
1621269828000;11631776;154.249;154.269;154.259;0;T;True;3
1621269829000;11631777;154.249;154.269;154.259;0;T;True;3
1621269830000;11631778;154.249;154.269;154.259;0;T;True;3
1621269831000;11631779;154.249;154.269;154.259;0;T;True;3
1621269832000;11631780;154.249;154.269;154.259;0;T;True;3
1621269833000;11631781;154.249;154.269;154.259;0;T;True;3
1621269834000;11631782;154.249;154.269;154.259;0;T;True;3
1621269835000;11631783;154.249;154.269;154.259;0;T;True;3
1621269836000;11631784;154.249;154.269;154.259;0;T;True;3
1621269837000;11631785;154.249;154.269;154.259;0;T;True;3
1621269838000;11631786;154.249;154.269;154.259;0;T;True;3
1621269839000;11631787;154.249;154.269;154.259;0;T;True;3
1621269840000;11631788;154.249;154.269;154.259;0;T;True;3
1621269841000;11631789;154.249;154.269;154.259;0;T;True;3
1621269842000;11631791;154.25;154.27;154.26;1;T;True;3
1621269843000;11631796;154.259;154.279;154.269;4;T;True;3
1621269844000;11631797;154.259;154.279;154.269;0;T;True;3
1621269845000;11631799;154.261;154.281;154.271;1;T;True;3
1621269846000;11631800;154.261;154.281;154.271;0;T;True;3
1621269847000;11631801;154.261;154.281;154.271;0;T;True;3
1621269848000;11631802;154.261;154.281;154.271;0;T;True;3
1621269849000;11631803;154.261;154.281;154.271;0;T;True;3
1621269850000;11631804;154.261;154.281;154.271;0;T;True;3
1621269851000;11631805;154.261;154.281;154.271;0;T;True;3
1621269852000;11631806;154.261;154.281;154.271;0;T;True;3
1621269853000;11631807;154.261;154.281;154.271;0;T;True;3
1621269854000;11631808;154.261;154.281;154.271;0;T;True;3
1621269855000;11631809;154.261;154.281;154.271;0;T;True;3
1621269856000;11631810;154.261;154.281;154.271;0;T;True;3
1621269857000;11631811;154.261;154.281;154.271;0;T;True;3
1621269858000;11631812;154.261;154.281;154.271;0;T;True;3
1621269859000;11631813;154.261;154.281;154.271;0;T;True;3
1621269860000;11631814;154.261;154.281;154.271;0;T;True;3
1621269861000;11631815;154.261;154.281;154.271;0;T;True;3
1621269862000;11631816;154.261;154.281;154.271;0;T;True;3
1621269863000;11631817;154.261;154.281;154.271;0;T;True;3
1621269864000;11631818;154.261;154.281;154.271;0;T;True;3
1621269865000;11631819;154.261;154.281;154.271;0;T;True;3
1621269866000;11631820;154.261;154.281;154.271;0;T;True;3
1621269867000;11631821;154.261;154.281;154.271;0;T;True;3
1621269868000;11631824;154.266;154.286;154.276;2;T;True;3
1621269869000;11631827;154.265;154.285;154.275;2;T;True;3
1621269870000;11631828;154.265;154.285;154.275;0;T;True;3
1621269871000;11631829;154.265;154.285;154.275;0;T;True;3
1621269872000;11631830;154.265;154.285;154.275;0;T;True;3
1621269873000;11631831;154.265;154.285;154.275;0;T;True;3
1621269874000;11631832;154.265;154.285;154.275;0;T;True;3
1621269875000;11631833;154.265;154.285;154.275;0;T;True;3
1621269876000;11631834;154.265;154.285;154.275;0;T;True;3
1621269877000;11631835;154.265;154.285;154.275;0;T;True;3
1621269878000;11631836;154.265;154.285;154.275;0;T;True;3
1621269879000;11631837;154.265;154.285;154.275;0;T;True;3
1621269880000;11631838;154.265;154.285;154.275;0;T;True;3
1621269881000;11631839;154.265;154.285;154.275;0;T;True;3
1621269882000;11631841;154.261;154.281;154.271;1;T;True;3
1621269883000;11631842;154.261;154.281;154.271;0;T;True;3
1621269884000;11631843;154.261;154.281;154.271;0;T;True;3
1621269885000;11631844;154.261;154.281;154.271;0;T;True;3
1621269886000;11631845;154.261;154.281;154.271;0;T;True;3
1621269887000;11631846;154.261;154.281;154.271;0;T;True;3
1621269888000;11631847;154.261;154.281;154.271;0;T;True;3
1621269889000;11631848;154.261;154.281;154.271;0;T;True;3
1621269890000;11631849;154.261;154.281;154.271;0;T;True;3
1621269891000;11631851;154.263;154.283;154.273;1;T;True;3
1621269892000;11631852;154.263;154.283;154.273;0;T;True;3
1621269893000;11631853;154.263;154.283;154.273;0;T;True;3
1621269894000;11631854;154.263;154.283;154.273;0;T;True;3
1621269895000;11631855;154.263;154.283;154.273;0;T;True;3
1621269896000;11631857;154.261;154.281;154.271;1;T;True;3
1621269897000;11631858;154.261;154.281;154.271;0;T;True;3
1621269898000;11631859;154.261;154.281;154.271;0;T;True;3
1621269899000;11631860;154.261;154.281;154.271;0;T;True;3
1621269900000;11631861;154.261;154.281;154.271;0;T;True;3
1621269901000;11631862;154.261;154.281;154.271;0;T;True;3
1621269902000;11631863;154.261;154.281;154.271;0;T;True;3
1621269903000;11631864;154.261;154.281;154.271;0;T;True;3
1621269904000;11631865;154.261;154.281;154.271;0;T;True;3
1621269905000;11631866;154.261;154.281;154.271;0;T;True;3
1621269906000;11631867;154.261;154.281;154.271;0;T;True;3
1621269907000;11631868;154.261;154.281;154.271;0;T;True;3
1621269908000;11631869;154.261;154.281;154.271;0;T;True;3
1621269909000;11631870;154.261;154.281;154.271;0;T;True;3
1621269910000;11631872;154.262;154.282;154.272;1;T;True;3
1621269911000;11631873;154.262;154.282;154.272;0;T;True;3
1621269912000;11631875;154.261;154.281;154.271;1;T;True;3
1621269913000;11631876;154.261;154.281;154.271;0;T;True;3
1621269914000;11631877;154.261;154.281;154.271;0;T;True;3
1621269915000;11631878;154.261;154.281;154.271;0;T;True;3
1621269916000;11631880;154.26;154.28;154.27;1;T;True;3
1621269917000;11631881;154.26;154.28;154.27;0;T;True;3
1621269918000;11631883;154.261;154.281;154.271;1;T;True;3
1621269919000;11631885;154.259;154.279;154.269;1;T;True;3
1621269920000;11631886;154.259;154.279;154.269;0;T;True;3
1621269921000;11631887;154.259;154.279;154.269;0;T;True;3
1621269922000;11631889;154.26;154.28;154.27;1;T;True;3
1621269923000;11631891;154.263;154.283;154.273;1;T;True;3
1621269924000;11631892;154.263;154.283;154.273;0;T;True;3
1621269925000;11631893;154.263;154.283;154.273;0;T;True;3
1621269926000;11631894;154.263;154.283;154.273;0;T;True;3
1621269927000;11631895;154.263;154.283;154.273;0;T;True;3
1621269928000;11631898;154.255;154.275;154.265;2;T;True;3
1621269929000;11631900;154.256;154.276;154.266;1;T;True;3
1621269930000;11631901;154.256;154.276;154.266;0;T;True;3
1621269931000;11631902;154.256;154.276;154.266;0;T;True;3
1621269932000;11631903;154.256;154.276;154.266;0;T;True;3
1621269933000;11631904;154.256;154.276;154.266;0;T;True;3
1621269934000;11631906;154.257;154.277;154.267;1;T;True;3
1621269935000;11631907;154.257;154.277;154.267;0;T;True;3
1621269936000;11631908;154.257;154.277;154.267;0;T;True;3
1621269937000;11631911;154.262;154.282;154.272;2;T;True;3
1621269938000;11631912;154.262;154.282;154.272;0;T;True;3
1621269939000;11631914;154.263;154.283;154.273;1;T;True;3
1621269940000;11631915;154.263;154.283;154.273;0;T;True;3
1621269941000;11631916;154.263;154.283;154.273;0;T;True;3
1621269942000;11631918;154.264;154.284;154.274;1;T;True;3
1621269943000;11631921;154.267;154.287;154.277;2;T;True;3
1621269944000;11631924;154.264;154.284;154.274;2;T;True;3
1621269945000;11631926;154.263;154.283;154.273;1;T;True;3
1621269946000;11631927;154.263;154.283;154.273;0;T;True;3
1621269947000;11631928;154.263;154.283;154.273;0;T;True;3
1621269948000;11631929;154.263;154.283;154.273;0;T;True;3
1621269949000;11631930;154.263;154.283;154.273;0;T;True;3
1621269950000;11631931;154.263;154.283;154.273;0;T;True;3
1621269951000;11631933;154.265;154.285;154.275;1;T;True;3
1621269952000;11631936;154.263;154.283;154.273;2;T;True;3
1621269953000;11631937;154.263;154.283;154.273;0;T;True;3
1621269954000;11631938;154.263;154.283;154.273;0;T;True;3
1621269955000;11631940;154.265;154.285;154.275;1;T;True;3
1621269956000;11631941;154.265;154.285;154.275;0;T;True;3
1621269957000;11631942;154.265;154.285;154.275;0;T;True;3
1621269958000;11631943;154.265;154.285;154.275;0;T;True;3
1621269959000;11631944;154.265;154.285;154.275;0;T;True;3
1621269960000;11631945;154.265;154.285;154.275;0;T;True;3
1621269961000;11631946;154.265;154.285;154.275;0;T;True;3
1621269962000;11631947;154.265;154.285;154.275;0;T;True;3
1621269963000;11631948;154.265;154.285;154.275;0;T;True;3
1621269964000;11631949;154.265;154.285;154.275;0;T;True;3
1621269965000;11631950;154.265;154.285;154.275;0;T;True;3
1621269966000;11631951;154.265;154.285;154.275;0;T;True;3
1621269967000;11631952;154.265;154.285;154.275;0;T;True;3
1621269968000;11631953;154.265;154.285;154.275;0;T;True;3
1621269969000;11631954;154.265;154.285;154.275;0;T;True;3
1621269970000;11631955;154.265;154.285;154.275;0;T;True;3
1621269971000;11631956;154.265;154.285;154.275;0;T;True;3
1621269972000;11631957;154.265;154.285;154.275;0;T;True;3
1621269973000;11631958;154.265;154.285;154.275;0;T;True;3
1621269974000;11631959;154.265;154.285;154.275;0;T;True;3
1621269975000;11631960;154.265;154.285;154.275;0;T;True;3
1621269976000;11631961;154.265;154.285;154.275;0;T;True;3
1621269977000;11631962;154.265;154.285;154.275;0;T;True;3
1621269978000;11631963;154.265;154.285;154.275;0;T;True;3
1621269979000;11631964;154.265;154.285;154.275;0;T;True;3
1621269980000;11631965;154.265;154.285;154.275;0;T;True;3
1621269981000;11631966;154.265;154.285;154.275;0;T;True;3
1621269982000;11631967;154.265;154.285;154.275;0;T;True;3
1621269983000;11631968;154.265;154.285;154.275;0;T;True;3
1621269984000;11631969;154.265;154.285;154.275;0;T;True;3
1621269985000;11631970;154.265;154.285;154.275;0;T;True;3
1621269986000;11631971;154.265;154.285;154.275;0;T;True;3
1621269987000;11631972;154.265;154.285;154.275;0;T;True;3
1621269988000;11631973;154.265;154.285;154.275;0;T;True;3
1621269989000;11631974;154.265;154.285;154.275;0;T;True;3
1621269990000;11631975;154.265;154.285;154.275;0;T;True;3
1621269991000;11631976;154.265;154.285;154.275;0;T;True;3
1621269992000;11631977;154.265;154.285;154.275;0;T;True;3
1621269993000;11631978;154.265;154.285;154.275;0;T;True;3
1621269994000;11631980;154.273;154.293;154.283;1;T;True;3
1621269995000;11631981;154.273;154.293;154.283;0;T;True;3
1621269996000;11631982;154.273;154.293;154.283;0;T;True;3
1621269997000;11631983;154.273;154.293;154.283;0;T;True;3
1621269998000;11631985;154.271;154.291;154.281;1;T;True;3
1621269999000;11631986;154.271;154.291;154.281;0;T;True;3
1621270000000;11631987;154.271;154.291;154.281;0;T;True;3
1621270001000;11631988;154.271;154.291;154.281;0;T;True;3
1621270002000;11631990;154.272;154.292;154.282;1;T;True;3
1621270003000;11631991;154.272;154.292;154.282;0;T;True;3
1621270004000;11631992;154.272;154.292;154.282;0;T;True;3
1621270005000;11631993;154.272;154.292;154.282;0;T;True;3
1621270006000;11631994;154.272;154.292;154.282;0;T;True;3
1621270007000;11631995;154.272;154.292;154.282;0;T;True;3
1621270008000;11631996;154.272;154.292;154.282;0;T;True;3
1621270009000;11631997;154.272;154.292;154.282;0;T;True;3
1621270010000;11631998;154.272;154.292;154.282;0;T;True;3
1621270011000;11631999;154.272;154.292;154.282;0;T;True;3
1621270012000;11632000;154.272;154.292;154.282;0;T;True;3
1621270013000;11632002;154.275;154.295;154.285;1;T;True;3
1621270014000;11632003;154.275;154.295;154.285;0;T;True;3
1621270015000;11632004;154.275;154.295;154.285;0;T;True;3
1621270016000;11632005;154.275;154.295;154.285;0;T;True;3
1621270017000;11632006;154.275;154.295;154.285;0;T;True;3
1621270018000;11632008;154.273;154.293;154.283;1;T;True;3
1621270019000;11632009;154.273;154.293;154.283;0;T;True;3
1621270020000;11632010;154.273;154.293;154.283;0;T;True;3
1621270021000;11632012;154.274;154.294;154.284;1;T;True;3
1621270022000;11632013;154.274;154.294;154.284;0;T;True;3
1621270023000;11632014;154.274;154.294;154.284;0;T;True;3
1621270024000;11632015;154.274;154.294;154.284;0;T;True;3
1621270025000;11632016;154.274;154.294;154.284;0;T;True;3
1621270026000;11632017;154.274;154.294;154.284;0;T;True;3
1621270027000;11632018;154.274;154.294;154.284;0;T;True;3
1621270028000;11632019;154.274;154.294;154.284;0;T;True;3
1621270029000;11632020;154.274;154.294;154.284;0;T;True;3
1621270030000;11632021;154.274;154.294;154.284;0;T;True;3
1621270031000;11632022;154.274;154.294;154.284;0;T;True;3
1621270032000;11632023;154.274;154.294;154.284;0;T;True;3
1621270033000;11632024;154.274;154.294;154.284;0;T;True;3
1621270034000;11632025;154.274;154.294;154.284;0;T;True;3
1621270035000;11632026;154.274;154.294;154.284;0;T;True;3
1621270036000;11632027;154.274;154.294;154.284;0;T;True;3
1621270037000;11632028;154.274;154.294;154.284;0;T;True;3
1621270038000;11632029;154.274;154.294;154.284;0;T;True;3
1621270039000;11632030;154.274;154.294;154.284;0;T;True;3
1621270040000;11632032;154.275;154.295;154.285;1;T;True;3
1621270041000;11632033;154.275;154.295;154.285;0;T;True;3
1621270042000;11632034;154.275;154.295;154.285;0;T;True;3
1621270043000;11632035;154.275;154.295;154.285;0;T;True;3
1621270044000;11632036;154.275;154.295;154.285;0;T;True;3
1621270045000;11632037;154.275;154.295;154.285;0;T;True;3
1621270046000;11632038;154.275;154.295;154.285;0;T;True;3
1621270047000;11632039;154.275;154.295;154.285;0;T;True;3
1621270048000;11632040;154.275;154.295;154.285;0;T;True;3
1621270049000;11632041;154.275;154.295;154.285;0;T;True;3
1621270050000;11632042;154.275;154.295;154.285;0;T;True;3
1621270051000;11632043;154.275;154.295;154.285;0;T;True;3
1621270052000;11632044;154.275;154.295;154.285;0;T;True;3
1621270053000;11632045;154.275;154.295;154.285;0;T;True;3
1621270054000;11632046;154.275;154.295;154.285;0;T;True;3
1621270055000;11632047;154.275;154.295;154.285;0;T;True;3
1621270056000;11632048;154.275;154.295;154.285;0;T;True;3
1621270057000;11632049;154.275;154.295;154.285;0;T;True;3
1621270058000;11632050;154.275;154.295;154.285;0;T;True;3
1621270059000;11632051;154.275;154.295;154.285;0;T;True;3
1621270060000;11632052;154.275;154.295;154.285;0;T;True;3
1621270061000;11632057;154.265;154.285;154.275;4;T;True;3
1621270062000;11632059;154.264;154.284;154.274;1;T;True;3
1621270063000;11632060;154.264;154.284;154.274;0;T;True;3
1621270064000;11632061;154.264;154.284;154.274;0;T;True;3
1621270065000;11632062;154.264;154.284;154.274;0;T;True;3
1621270066000;11632063;154.264;154.284;154.274;0;T;True;3
1621270067000;11632064;154.264;154.284;154.274;0;T;True;3
1621270068000;11632065;154.264;154.284;154.274;0;T;True;3
1621270069000;11632066;154.264;154.284;154.274;0;T;True;3
1621270070000;11632067;154.264;154.284;154.274;0;T;True;3
1621270071000;11632070;154.262;154.282;154.272;2;T;True;3
1621270072000;11632071;154.262;154.282;154.272;0;T;True;3
1621270073000;11632073;154.261;154.281;154.271;1;T;True;3
1621270074000;11632074;154.261;154.281;154.271;0;T;True;3
1621270075000;11632077;154.264;154.284;154.274;2;T;True;3
1621270076000;11632078;154.264;154.284;154.274;0;T;True;3
1621270077000;11632080;154.263;154.283;154.273;1;T;True;3
1621270078000;11632082;154.262;154.282;154.272;1;T;True;3
1621270079000;11632083;154.262;154.282;154.272;0;T;True;3
1621270080000;11632085;154.263;154.283;154.273;1;T;True;3
1621270081000;11632086;154.263;154.283;154.273;0;T;True;3
1621270082000;11632089;154.263;154.283;154.273;2;T;True;3
1621270083000;11632091;154.262;154.282;154.272;1;T;True;3
1621270084000;11632093;154.263;154.283;154.273;1;T;True;3
1621270085000;11632094;154.263;154.283;154.273;0;T;True;3
1621270086000;11632095;154.263;154.283;154.273;0;T;True;3
1621270087000;11632096;154.263;154.283;154.273;0;T;True;3
1621270088000;11632097;154.263;154.283;154.273;0;T;True;3
1621270089000;11632098;154.263;154.283;154.273;0;T;True;3
1621270090000;11632099;154.263;154.283;154.273;0;T;True;3
1621270091000;11632100;154.263;154.283;154.273;0;T;True;3
1621270092000;11632101;154.263;154.283;154.273;0;T;True;3
1621270093000;11632104;154.27;154.29;154.28;2;T;True;3
1621270094000;11632106;154.271;154.291;154.281;1;T;True;3
1621270095000;11632109;154.271;154.291;154.281;2;T;True;3
1621270096000;11632110;154.271;154.291;154.281;0;T;True;3
1621270097000;11632111;154.271;154.291;154.281;0;T;True;3
1621270098000;11632112;154.271;154.291;154.281;0;T;True;3
1621270099000;11632113;154.271;154.291;154.281;0;T;True;3
1621270100000;11632114;154.271;154.291;154.281;0;T;True;3
1621270101000;11632115;154.271;154.291;154.281;0;T;True;3
1621270102000;11632116;154.271;154.291;154.281;0;T;True;3
1621270103000;11632117;154.271;154.291;154.281;0;T;True;3
1621270104000;11632118;154.271;154.291;154.281;0;T;True;3
1621270105000;11632119;154.271;154.291;154.281;0;T;True;3
1621270106000;11632120;154.271;154.291;154.281;0;T;True;3
1621270107000;11632121;154.271;154.291;154.281;0;T;True;3
1621270108000;11632123;154.269;154.289;154.279;1;T;True;3
1621270109000;11632124;154.269;154.289;154.279;0;T;True;3
1621270110000;11632127;154.266;154.286;154.276;2;T;True;3
1621270111000;11632129;154.267;154.287;154.277;1;T;True;3
1621270112000;11632130;154.267;154.287;154.277;0;T;True;3
1621270113000;11632132;154.265;154.285;154.275;1;T;True;3
1621270114000;11632133;154.265;154.285;154.275;0;T;True;3
1621270115000;11632134;154.265;154.285;154.275;0;T;True;3
1621270116000;11632135;154.265;154.285;154.275;0;T;True;3
1621270117000;11632136;154.265;154.285;154.275;0;T;True;3
1621270118000;11632137;154.265;154.285;154.275;0;T;True;3
1621270119000;11632138;154.265;154.285;154.275;0;T;True;3
1621270120000;11632139;154.265;154.285;154.275;0;T;True;3
1621270121000;11632140;154.265;154.285;154.275;0;T;True;3
1621270122000;11632141;154.265;154.285;154.275;0;T;True;3
1621270123000;11632142;154.265;154.285;154.275;0;T;True;3
1621270124000;11632144;154.267;154.287;154.277;1;T;True;3
1621270125000;11632145;154.267;154.287;154.277;0;T;True;3
1621270126000;11632146;154.267;154.287;154.277;0;T;True;3
1621270127000;11632147;154.267;154.287;154.277;0;T;True;3
1621270128000;11632149;154.269;154.289;154.279;1;T;True;3
1621270129000;11632151;154.267;154.287;154.277;1;T;True;3
1621270130000;11632152;154.267;154.287;154.277;0;T;True;3
1621270131000;11632156;154.263;154.283;154.273;3;T;True;3
1621270132000;11632157;154.263;154.283;154.273;0;T;True;3
1621270133000;11632158;154.263;154.283;154.273;0;T;True;3
1621270134000;11632159;154.263;154.283;154.273;0;T;True;3
1621270135000;11632160;154.263;154.283;154.273;0;T;True;3
1621270136000;11632161;154.263;154.283;154.273;0;T;True;3
1621270137000;11632162;154.263;154.283;154.273;0;T;True;3
1621270138000;11632163;154.263;154.283;154.273;0;T;True;3
1621270139000;11632164;154.263;154.283;154.273;0;T;True;3
1621270140000;11632165;154.263;154.283;154.273;0;T;True;3
1621270141000;11632167;154.265;154.285;154.275;1;T;True;3
1621270142000;11632168;154.265;154.285;154.275;0;T;True;3
1621270143000;11632169;154.265;154.285;154.275;0;T;True;3
1621270144000;11632170;154.265;154.285;154.275;0;T;True;3
1621270145000;11632171;154.265;154.285;154.275;0;T;True;3
1621270146000;11632173;154.266;154.286;154.276;1;T;True;3
1621270147000;11632174;154.266;154.286;154.276;0;T;True;3
1621270148000;11632175;154.266;154.286;154.276;0;T;True;3
1621270149000;11632176;154.266;154.286;154.276;0;T;True;3
1621270150000;11632177;154.266;154.286;154.276;0;T;True;3
1621270151000;11632178;154.266;154.286;154.276;0;T;True;3
1621270152000;11632179;154.266;154.286;154.276;0;T;True;3
1621270153000;11632180;154.266;154.286;154.276;0;T;True;3
1621270154000;11632181;154.266;154.286;154.276;0;T;True;3
1621270155000;11632182;154.266;154.286;154.276;0;T;True;3
1621270156000;11632183;154.266;154.286;154.276;0;T;True;3
1621270157000;11632184;154.266;154.286;154.276;0;T;True;3
1621270158000;11632185;154.266;154.286;154.276;0;T;True;3
1621270159000;11632186;154.266;154.286;154.276;0;T;True;3
1621270160000;11632187;154.266;154.286;154.276;0;T;True;3
1621270161000;11632189;154.268;154.288;154.278;1;T;True;3
1621270162000;11632190;154.268;154.288;154.278;0;T;True;3
1621270163000;11632191;154.268;154.288;154.278;0;T;True;3
1621270164000;11632192;154.268;154.288;154.278;0;T;True;3
1621270165000;11632193;154.268;154.288;154.278;0;T;True;3
1621270166000;11632194;154.268;154.288;154.278;0;T;True;3
1621270167000;11632196;154.267;154.287;154.277;1;T;True;3
1621270168000;11632197;154.267;154.287;154.277;0;T;True;3
1621270169000;11632198;154.267;154.287;154.277;0;T;True;3
1621270170000;11632199;154.267;154.287;154.277;0;T;True;3
1621270171000;11632200;154.267;154.287;154.277;0;T;True;3
1621270172000;11632202;154.269;154.289;154.279;1;T;True;3
1621270173000;11632203;154.269;154.289;154.279;0;T;True;3
1621270174000;11632204;154.269;154.289;154.279;0;T;True;3
1621270175000;11632205;154.269;154.289;154.279;0;T;True;3
1621270176000;11632206;154.269;154.289;154.279;0;T;True;3
1621270177000;11632207;154.269;154.289;154.279;0;T;True;3
1621270178000;11632209;154.267;154.287;154.277;1;T;True;3
1621270179000;11632210;154.267;154.287;154.277;0;T;True;3
1621270180000;11632211;154.267;154.287;154.277;0;T;True;3
1621270181000;11632212;154.267;154.287;154.277;0;T;True;3
1621270182000;11632213;154.267;154.287;154.277;0;T;True;3
1621270183000;11632214;154.267;154.287;154.277;0;T;True;3
1621270184000;11632215;154.267;154.287;154.277;0;T;True;3
1621270185000;11632216;154.267;154.287;154.277;0;T;True;3
1621270186000;11632217;154.267;154.287;154.277;0;T;True;3
1621270187000;11632220;154.264;154.284;154.274;2;T;True;3
1621270188000;11632222;154.265;154.285;154.275;1;T;True;3
1621270189000;11632223;154.265;154.285;154.275;0;T;True;3
1621270190000;11632225;154.266;154.286;154.276;1;T;True;3
1621270191000;11632226;154.266;154.286;154.276;0;T;True;3
1621270192000;11632227;154.266;154.286;154.276;0;T;True;3
1621270193000;11632228;154.266;154.286;154.276;0;T;True;3
1621270194000;11632230;154.267;154.287;154.277;1;T;True;3
1621270195000;11632233;154.27;154.29;154.28;2;T;True;3
1621270196000;11632234;154.27;154.29;154.28;0;T;True;3
1621270197000;11632235;154.27;154.29;154.28;0;T;True;3
1621270198000;11632236;154.27;154.29;154.28;0;T;True;3
1621270199000;11632239;154.27;154.29;154.28;2;T;True;3
1621270200000;11632240;154.27;154.29;154.28;0;T;True;3
1621270201000;11632244;154.271;154.291;154.281;3;T;True;3
1621270202000;11632246;154.273;154.293;154.283;1;T;True;3
1621270203000;11632249;154.273;154.293;154.283;2;T;True;3
1621270204000;11632250;154.273;154.293;154.283;0;T;True;3
1621270205000;11632251;154.273;154.293;154.283;0;T;True;3
1621270206000;11632253;154.272;154.292;154.282;1;T;True;3
1621270207000;11632254;154.272;154.292;154.282;0;T;True;3
1621270208000;11632255;154.272;154.292;154.282;0;T;True;3
1621270209000;11632256;154.272;154.292;154.282;0;T;True;3
1621270210000;11632257;154.272;154.292;154.282;0;T;True;3
1621270211000;11632258;154.272;154.292;154.282;0;T;True;3
1621270212000;11632259;154.272;154.292;154.282;0;T;True;3
1621270213000;11632262;154.274;154.294;154.284;2;T;True;3
1621270214000;11632264;154.273;154.293;154.283;1;T;True;3
1621270215000;11632265;154.273;154.293;154.283;0;T;True;3
1621270216000;11632266;154.273;154.293;154.283;0;T;True;3
1621270217000;11632267;154.273;154.293;154.283;0;T;True;3
1621270218000;11632268;154.273;154.293;154.283;0;T;True;3
1621270219000;11632270;154.274;154.294;154.284;1;T;True;3
1621270220000;11632272;154.275;154.295;154.285;1;T;True;3
1621270221000;11632273;154.275;154.295;154.285;0;T;True;3
1621270222000;11632274;154.275;154.295;154.285;0;T;True;3
1621270223000;11632275;154.275;154.295;154.285;0;T;True;3
1621270224000;11632276;154.275;154.295;154.285;0;T;True;3
1621270225000;11632277;154.275;154.295;154.285;0;T;True;3
1621270226000;11632278;154.275;154.295;154.285;0;T;True;3
1621270227000;11632279;154.275;154.295;154.285;0;T;True;3
1621270228000;11632280;154.275;154.295;154.285;0;T;True;3
1621270229000;11632281;154.275;154.295;154.285;0;T;True;3
1621270230000;11632282;154.275;154.295;154.285;0;T;True;3
1621270231000;11632284;154.277;154.297;154.287;1;T;True;3
1621270232000;11632285;154.277;154.297;154.287;0;T;True;3
1621270233000;11632287;154.281;154.301;154.291;1;T;True;3
1621270234000;11632288;154.281;154.301;154.291;0;T;True;3
1621270235000;11632289;154.281;154.301;154.291;0;T;True;3
1621270236000;11632290;154.281;154.301;154.291;0;T;True;3
1621270237000;11632292;154.279;154.299;154.289;1;T;True;3
1621270238000;11632293;154.279;154.299;154.289;0;T;True;3
1621270239000;11632294;154.279;154.299;154.289;0;T;True;3
1621270240000;11632296;154.277;154.297;154.287;1;T;True;3
1621270241000;11632297;154.277;154.297;154.287;0;T;True;3
1621270242000;11632298;154.277;154.297;154.287;0;T;True;3
1621270243000;11632299;154.277;154.297;154.287;0;T;True;3
1621270244000;11632300;154.277;154.297;154.287;0;T;True;3
1621270245000;11632301;154.277;154.297;154.287;0;T;True;3
1621270246000;11632302;154.277;154.297;154.287;0;T;True;3
1621270247000;11632303;154.277;154.297;154.287;0;T;True;3
1621270248000;11632305;154.278;154.298;154.288;1;T;True;3
1621270249000;11632306;154.278;154.298;154.288;0;T;True;3
1621270250000;11632307;154.278;154.298;154.288;0;T;True;3
1621270251000;11632308;154.278;154.298;154.288;0;T;True;3
1621270252000;11632310;154.277;154.297;154.287;1;T;True;3
1621270253000;11632311;154.277;154.297;154.287;0;T;True;3
1621270254000;11632312;154.277;154.297;154.287;0;T;True;3
1621270255000;11632313;154.277;154.297;154.287;0;T;True;3
1621270256000;11632314;154.277;154.297;154.287;0;T;True;3
1621270257000;11632315;154.277;154.297;154.287;0;T;True;3
1621270258000;11632318;154.273;154.293;154.283;2;T;True;3
1621270259000;11632319;154.273;154.293;154.283;0;T;True;3
1621270260000;11632320;154.273;154.293;154.283;0;T;True;3
1621270261000;11632322;154.271;154.291;154.281;1;T;True;3
1621270262000;11632323;154.271;154.291;154.281;0;T;True;3
1621270263000;11632324;154.271;154.291;154.281;0;T;True;3
1621270264000;11632325;154.271;154.291;154.281;0;T;True;3
1621270265000;11632327;154.273;154.293;154.283;1;T;True;3
1621270266000;11632330;154.275;154.295;154.285;2;T;True;3
1621270267000;11632331;154.275;154.295;154.285;0;T;True;3
1621270268000;11632332;154.275;154.295;154.285;0;T;True;3
1621270269000;11632333;154.275;154.295;154.285;0;T;True;3
1621270270000;11632334;154.275;154.295;154.285;0;T;True;3
1621270271000;11632335;154.275;154.295;154.285;0;T;True;3
1621270272000;11632336;154.275;154.295;154.285;0;T;True;3
1621270273000;11632337;154.275;154.295;154.285;0;T;True;3
1621270274000;11632338;154.275;154.295;154.285;0;T;True;3
1621270275000;11632339;154.275;154.295;154.285;0;T;True;3
1621270276000;11632340;154.275;154.295;154.285;0;T;True;3
1621270277000;11632341;154.275;154.295;154.285;0;T;True;3
1621270278000;11632343;154.273;154.293;154.283;1;T;True;3
1621270279000;11632344;154.273;154.293;154.283;0;T;True;3
1621270280000;11632345;154.273;154.293;154.283;0;T;True;3
1621270281000;11632346;154.273;154.293;154.283;0;T;True;3
1621270282000;11632347;154.273;154.293;154.283;0;T;True;3
1621270283000;11632348;154.273;154.293;154.283;0;T;True;3
1621270284000;11632349;154.273;154.293;154.283;0;T;True;3
1621270285000;11632350;154.273;154.293;154.283;0;T;True;3
1621270286000;11632351;154.273;154.293;154.283;0;T;True;3
1621270287000;11632353;154.274;154.294;154.284;1;T;True;3
1621270288000;11632354;154.274;154.294;154.284;0;T;True;3
1621270289000;11632355;154.274;154.294;154.284;0;T;True;3
1621270290000;11632356;154.274;154.294;154.284;0;T;True;3
1621270291000;11632357;154.274;154.294;154.284;0;T;True;3
1621270292000;11632359;154.273;154.293;154.283;1;T;True;3
1621270293000;11632361;154.272;154.292;154.282;1;T;True;3
1621270294000;11632363;154.271;154.291;154.281;1;T;True;3
1621270295000;11632365;154.273;154.293;154.283;1;T;True;3
1621270296000;11632366;154.273;154.293;154.283;0;T;True;3
1621270297000;11632367;154.273;154.293;154.283;0;T;True;3
1621270298000;11632368;154.273;154.293;154.283;0;T;True;3
1621270299000;11632370;154.272;154.292;154.282;1;T;True;3
1621270300000;11632371;154.272;154.292;154.282;0;T;True;3
1621270301000;11632372;154.272;154.292;154.282;0;T;True;3
1621270302000;11632374;154.273;154.293;154.283;1;T;True;3
1621270303000;11632376;154.274;154.294;154.284;1;T;True;3
1621270304000;11632377;154.274;154.294;154.284;0;T;True;3
1621270305000;11632378;154.274;154.294;154.284;0;T;True;3
1621270306000;11632379;154.274;154.294;154.284;0;T;True;3
1621270307000;11632380;154.274;154.294;154.284;0;T;True;3
1621270308000;11632381;154.274;154.294;154.284;0;T;True;3
1621270309000;11632382;154.274;154.294;154.284;0;T;True;3
1621270310000;11632383;154.274;154.294;154.284;0;T;True;3
1621270311000;11632384;154.274;154.294;154.284;0;T;True;3
1621270312000;11632386;154.279;154.299;154.289;1;T;True;3
1621270313000;11632387;154.279;154.299;154.289;0;T;True;3
1621270314000;11632388;154.279;154.299;154.289;0;T;True;3
1621270315000;11632389;154.279;154.299;154.289;0;T;True;3
1621270316000;11632391;154.278;154.298;154.288;1;T;True;3
1621270317000;11632392;154.278;154.298;154.288;0;T;True;3
1621270318000;11632393;154.278;154.298;154.288;0;T;True;3
1621270319000;11632394;154.278;154.298;154.288;0;T;True;3
1621270320000;11632397;154.273;154.293;154.283;2;T;True;3
1621270321000;11632398;154.273;154.293;154.283;0;T;True;3
1621270322000;11632399;154.273;154.293;154.283;0;T;True;3
1621270323000;11632400;154.273;154.293;154.283;0;T;True;3
1621270324000;11632401;154.273;154.293;154.283;0;T;True;3
1621270325000;11632402;154.273;154.293;154.283;0;T;True;3
1621270326000;11632403;154.273;154.293;154.283;0;T;True;3
1621270327000;11632404;154.273;154.293;154.283;0;T;True;3
1621270328000;11632405;154.273;154.293;154.283;0;T;True;3
1621270329000;11632406;154.273;154.293;154.283;0;T;True;3
1621270330000;11632407;154.273;154.293;154.283;0;T;True;3
1621270331000;11632408;154.273;154.293;154.283;0;T;True;3
1621270332000;11632409;154.273;154.293;154.283;0;T;True;3
1621270333000;11632410;154.273;154.293;154.283;0;T;True;3
1621270334000;11632411;154.273;154.293;154.283;0;T;True;3
1621270335000;11632412;154.273;154.293;154.283;0;T;True;3
1621270336000;11632415;154.274;154.294;154.284;2;T;True;3
1621270337000;11632418;154.277;154.297;154.287;2;T;True;3
1621270338000;11632419;154.277;154.297;154.287;0;T;True;3
1621270339000;11632420;154.277;154.297;154.287;0;T;True;3
1621270340000;11632421;154.277;154.297;154.287;0;T;True;3
1621270341000;11632422;154.277;154.297;154.287;0;T;True;3
1621270342000;11632424;154.278;154.298;154.288;1;T;True;3
1621270343000;11632425;154.278;154.298;154.288;0;T;True;3
1621270344000;11632426;154.278;154.298;154.288;0;T;True;3
1621270345000;11632427;154.278;154.298;154.288;0;T;True;3
1621270346000;11632428;154.278;154.298;154.288;0;T;True;3
1621270347000;11632429;154.278;154.298;154.288;0;T;True;3
1621270348000;11632430;154.278;154.298;154.288;0;T;True;3
1621270349000;11632431;154.278;154.298;154.288;0;T;True;3
1621270350000;11632432;154.278;154.298;154.288;0;T;True;3
1621270351000;11632433;154.278;154.298;154.288;0;T;True;3
1621270352000;11632435;154.277;154.297;154.287;1;T;True;3
1621270353000;11632436;154.277;154.297;154.287;0;T;True;3
1621270354000;11632437;154.277;154.297;154.287;0;T;True;3
1621270355000;11632438;154.277;154.297;154.287;0;T;True;3
1621270356000;11632439;154.277;154.297;154.287;0;T;True;3
1621270357000;11632440;154.277;154.297;154.287;0;T;True;3
1621270358000;11632441;154.277;154.297;154.287;0;T;True;3
1621270359000;11632442;154.277;154.297;154.287;0;T;True;3
1621270360000;11632443;154.277;154.297;154.287;0;T;True;3
1621270361000;11632444;154.277;154.297;154.287;0;T;True;3
1621270362000;11632455;154.281;154.301;154.291;10;T;True;3
1621270363000;11632456;154.281;154.301;154.291;0;T;True;3
1621270364000;11632457;154.281;154.301;154.291;0;T;True;3
1621270365000;11632458;154.281;154.301;154.291;0;T;True;3
1621270366000;11632459;154.281;154.301;154.291;0;T;True;3
1621270367000;11632460;154.281;154.301;154.291;0;T;True;3
1621270368000;11632461;154.281;154.301;154.291;0;T;True;3
1621270369000;11632462;154.281;154.301;154.291;0;T;True;3
1621270370000;11632463;154.281;154.301;154.291;0;T;True;3
1621270371000;11632464;154.281;154.301;154.291;0;T;True;3
1621270372000;11632465;154.281;154.301;154.291;0;T;True;3
1621270373000;11632466;154.281;154.301;154.291;0;T;True;3
1621270374000;11632467;154.281;154.301;154.291;0;T;True;3
1621270375000;11632469;154.282;154.302;154.292;1;T;True;3
1621270376000;11632470;154.282;154.302;154.292;0;T;True;3
1621270377000;11632471;154.282;154.302;154.292;0;T;True;3
1621270378000;11632472;154.282;154.302;154.292;0;T;True;3
1621270379000;11632473;154.282;154.302;154.292;0;T;True;3
1621270380000;11632474;154.282;154.302;154.292;0;T;True;3
1621270381000;11632477;154.278;154.298;154.288;2;T;True;3
1621270382000;11632478;154.278;154.298;154.288;0;T;True;3
1621270383000;11632479;154.278;154.298;154.288;0;T;True;3
1621270384000;11632480;154.278;154.298;154.288;0;T;True;3
1621270385000;11632481;154.278;154.298;154.288;0;T;True;3
1621270386000;11632482;154.278;154.298;154.288;0;T;True;3
1621270387000;11632483;154.278;154.298;154.288;0;T;True;3
1621270388000;11632484;154.278;154.298;154.288;0;T;True;3
1621270389000;11632485;154.278;154.298;154.288;0;T;True;3
1621270390000;11632486;154.278;154.298;154.288;0;T;True;3
1621270391000;11632488;154.277;154.297;154.287;1;T;True;3
1621270392000;11632490;154.275;154.295;154.285;1;T;True;3
1621270393000;11632492;154.276;154.296;154.286;1;T;True;3
1621270394000;11632493;154.276;154.296;154.286;0;T;True;3
1621270395000;11632494;154.276;154.296;154.286;0;T;True;3
1621270396000;11632495;154.276;154.296;154.286;0;T;True;3
1621270397000;11632496;154.276;154.296;154.286;0;T;True;3
1621270398000;11632497;154.276;154.296;154.286;0;T;True;3
1621270399000;11632498;154.276;154.296;154.286;0;T;True;3
1621270400000;11632499;154.276;154.296;154.286;0;T;True;3
1621270401000;11632500;154.276;154.296;154.286;0;T;True;3
1621270402000;11632502;154.275;154.295;154.285;1;T;True;3
1621270403000;11632503;154.275;154.295;154.285;0;T;True;3
1621270404000;11632504;154.275;154.295;154.285;0;T;True;3
1621270405000;11632505;154.275;154.295;154.285;0;T;True;3
1621270406000;11632506;154.275;154.295;154.285;0;T;True;3
1621270407000;11632508;154.273;154.293;154.283;1;T;True;3
1621270408000;11632510;154.274;154.294;154.284;1;T;True;3
1621270409000;11632511;154.274;154.294;154.284;0;T;True;3
1621270410000;11632512;154.274;154.294;154.284;0;T;True;3
1621270411000;11632514;154.275;154.295;154.285;1;T;True;3
1621270412000;11632515;154.275;154.295;154.285;0;T;True;3
1621270413000;11632516;154.275;154.295;154.285;0;T;True;3
1621270414000;11632517;154.275;154.295;154.285;0;T;True;3
1621270415000;11632518;154.275;154.295;154.285;0;T;True;3
1621270416000;11632519;154.275;154.295;154.285;0;T;True;3
1621270417000;11632520;154.275;154.295;154.285;0;T;True;3
1621270418000;11632521;154.275;154.295;154.285;0;T;True;3
1621270419000;11632522;154.275;154.295;154.285;0;T;True;3
1621270420000;11632523;154.275;154.295;154.285;0;T;True;3
1621270421000;11632524;154.275;154.295;154.285;0;T;True;3
1621270422000;11632525;154.275;154.295;154.285;0;T;True;3
1621270423000;11632526;154.275;154.295;154.285;0;T;True;3
1621270424000;11632527;154.275;154.295;154.285;0;T;True;3
1621270425000;11632528;154.275;154.295;154.285;0;T;True;3
1621270426000;11632529;154.275;154.295;154.285;0;T;True;3
1621270427000;11632530;154.275;154.295;154.285;0;T;True;3
1621270428000;11632531;154.275;154.295;154.285;0;T;True;3
1621270429000;11632532;154.275;154.295;154.285;0;T;True;3
1621270430000;11632533;154.275;154.295;154.285;0;T;True;3
1621270431000;11632534;154.275;154.295;154.285;0;T;True;3
1621270432000;11632535;154.275;154.295;154.285;0;T;True;3
1621270433000;11632536;154.275;154.295;154.285;0;T;True;3
1621270434000;11632537;154.275;154.295;154.285;0;T;True;3
1621270435000;11632538;154.275;154.295;154.285;0;T;True;3
1621270436000;11632539;154.275;154.295;154.285;0;T;True;3
1621270437000;11632541;154.273;154.293;154.283;1;T;True;3
1621270438000;11632542;154.273;154.293;154.283;0;T;True;3
1621270439000;11632543;154.273;154.293;154.283;0;T;True;3
1621270440000;11632544;154.273;154.293;154.283;0;T;True;3
1621270441000;11632545;154.273;154.293;154.283;0;T;True;3
1621270442000;11632547;154.27;154.29;154.28;1;T;True;3
1621270443000;11632550;154.275;154.295;154.285;2;T;True;3
1621270444000;11632551;154.275;154.295;154.285;0;T;True;3
1621270445000;11632552;154.275;154.295;154.285;0;T;True;3
1621270446000;11632553;154.275;154.295;154.285;0;T;True;3
1621270447000;11632554;154.275;154.295;154.285;0;T;True;3
1621270448000;11632556;154.273;154.293;154.283;1;T;True;3
1621270449000;11632557;154.273;154.293;154.283;0;T;True;3
1621270450000;11632558;154.273;154.293;154.283;0;T;True;3
1621270451000;11632560;154.275;154.295;154.285;1;T;True;3
1621270452000;11632561;154.275;154.295;154.285;0;T;True;3
1621270453000;11632562;154.275;154.295;154.285;0;T;True;3
1621270454000;11632563;154.275;154.295;154.285;0;T;True;3
1621270455000;11632564;154.275;154.295;154.285;0;T;True;3
1621270456000;11632565;154.275;154.295;154.285;0;T;True;3
1621270457000;11632566;154.275;154.295;154.285;0;T;True;3
1621270458000;11632567;154.275;154.295;154.285;0;T;True;3
1621270459000;11632568;154.275;154.295;154.285;0;T;True;3
1621270460000;11632569;154.275;154.295;154.285;0;T;True;3
1621270461000;11632570;154.275;154.295;154.285;0;T;True;3
1621270462000;11632571;154.275;154.295;154.285;0;T;True;3
1621270463000;11632572;154.275;154.295;154.285;0;T;True;3
1621270464000;11632573;154.275;154.295;154.285;0;T;True;3
1621270465000;11632574;154.275;154.295;154.285;0;T;True;3
1621270466000;11632575;154.275;154.295;154.285;0;T;True;3
1621270467000;11632576;154.275;154.295;154.285;0;T;True;3
1621270468000;11632577;154.275;154.295;154.285;0;T;True;3
1621270469000;11632579;154.277;154.297;154.287;1;T;True;3
1621270470000;11632580;154.277;154.297;154.287;0;T;True;3
1621270471000;11632582;154.279;154.299;154.289;1;T;True;3
1621270472000;11632583;154.279;154.299;154.289;0;T;True;3
1621270473000;11632584;154.279;154.299;154.289;0;T;True;3
1621270474000;11632585;154.279;154.299;154.289;0;T;True;3
1621270475000;11632586;154.279;154.299;154.289;0;T;True;3
1621270476000;11632587;154.279;154.299;154.289;0;T;True;3
1621270477000;11632588;154.279;154.299;154.289;0;T;True;3
1621270478000;11632589;154.279;154.299;154.289;0;T;True;3
1621270479000;11632592;154.273;154.293;154.283;2;T;True;3
1621270480000;11632593;154.273;154.293;154.283;0;T;True;3
1621270481000;11632594;154.273;154.293;154.283;0;T;True;3
1621270482000;11632595;154.273;154.293;154.283;0;T;True;3
1621270483000;11632596;154.273;154.293;154.283;0;T;True;3
1621270484000;11632597;154.273;154.293;154.283;0;T;True;3
1621270485000;11632598;154.273;154.293;154.283;0;T;True;3
1621270486000;11632599;154.273;154.293;154.283;0;T;True;3
1621270487000;11632600;154.273;154.293;154.283;0;T;True;3
1621270488000;11632601;154.273;154.293;154.283;0;T;True;3
1621270489000;11632602;154.273;154.293;154.283;0;T;True;3
1621270490000;11632603;154.273;154.293;154.283;0;T;True;3
1621270491000;11632604;154.273;154.293;154.283;0;T;True;3
1621270492000;11632605;154.273;154.293;154.283;0;T;True;3
1621270493000;11632606;154.273;154.293;154.283;0;T;True;3
1621270494000;11632607;154.273;154.293;154.283;0;T;True;3
1621270495000;11632608;154.273;154.293;154.283;0;T;True;3
1621270496000;11632609;154.273;154.293;154.283;0;T;True;3
1621270497000;11632610;154.273;154.293;154.283;0;T;True;3
1621270498000;11632611;154.273;154.293;154.283;0;T;True;3
1621270499000;11632613;154.274;154.294;154.284;1;T;True;3
1621270500000;11632615;154.275;154.295;154.285;1;T;True;3
1621270501000;11632616;154.275;154.295;154.285;0;T;True;3
1621270502000;11632618;154.274;154.294;154.284;1;T;True;3
1621270503000;11632620;154.273;154.293;154.283;1;T;True;3
1621270504000;11632621;154.273;154.293;154.283;0;T;True;3
1621270505000;11632622;154.273;154.293;154.283;0;T;True;3
1621270506000;11632624;154.279;154.299;154.289;1;T;True;3
1621270507000;11632625;154.279;154.299;154.289;0;T;True;3
1621270508000;11632626;154.279;154.299;154.289;0;T;True;3
1621270509000;11632627;154.279;154.299;154.289;0;T;True;3
1621270510000;11632628;154.279;154.299;154.289;0;T;True;3
1621270511000;11632629;154.279;154.299;154.289;0;T;True;3
1621270512000;11632630;154.279;154.299;154.289;0;T;True;3
1621270513000;11632631;154.279;154.299;154.289;0;T;True;3
1621270514000;11632633;154.281;154.301;154.291;1;T;True;3
1621270515000;11632635;154.282;154.302;154.292;1;T;True;3
1621270516000;11632636;154.282;154.302;154.292;0;T;True;3
1621270517000;11632637;154.282;154.302;154.292;0;T;True;3
1621270518000;11632638;154.282;154.302;154.292;0;T;True;3
1621270519000;11632639;154.282;154.302;154.292;0;T;True;3
1621270520000;11632642;154.282;154.302;154.292;2;T;True;3
1621270521000;11632643;154.282;154.302;154.292;0;T;True;3
1621270522000;11632644;154.282;154.302;154.292;0;T;True;3
1621270523000;11632645;154.282;154.302;154.292;0;T;True;3
1621270524000;11632646;154.282;154.302;154.292;0;T;True;3
1621270525000;11632647;154.282;154.302;154.292;0;T;True;3
1621270526000;11632650;154.285;154.305;154.295;2;T;True;3
1621270527000;11632651;154.285;154.305;154.295;0;T;True;3
1621270528000;11632653;154.287;154.307;154.297;1;T;True;3
1621270529000;11632654;154.287;154.307;154.297;0;T;True;3
1621270530000;11632655;154.287;154.307;154.297;0;T;True;3
1621270531000;11632656;154.287;154.307;154.297;0;T;True;3
1621270532000;11632657;154.287;154.307;154.297;0;T;True;3
1621270533000;11632658;154.287;154.307;154.297;0;T;True;3
1621270534000;11632659;154.287;154.307;154.297;0;T;True;3
1621270535000;11632662;154.289;154.309;154.299;2;T;True;3
1621270536000;11632664;154.287;154.307;154.297;1;T;True;3
1621270537000;11632665;154.287;154.307;154.297;0;T;True;3
1621270538000;11632668;154.284;154.304;154.294;2;T;True;3
1621270539000;11632670;154.283;154.303;154.293;1;T;True;3
1621270540000;11632671;154.283;154.303;154.293;0;T;True;3
1621270541000;11632672;154.283;154.303;154.293;0;T;True;3
1621270542000;11632673;154.283;154.303;154.293;0;T;True;3
1621270543000;11632674;154.283;154.303;154.293;0;T;True;3
1621270544000;11632676;154.284;154.304;154.294;1;T;True;3
1621270545000;11632680;154.29;154.31;154.3;3;T;True;3
1621270546000;11632682;154.289;154.309;154.299;1;T;True;3
1621270547000;11632684;154.287;154.307;154.297;1;T;True;3
1621270548000;11632685;154.287;154.307;154.297;0;T;True;3
1621270549000;11632686;154.287;154.307;154.297;0;T;True;3
1621270550000;11632687;154.287;154.307;154.297;0;T;True;3
1621270551000;11632688;154.287;154.307;154.297;0;T;True;3
1621270552000;11632689;154.287;154.307;154.297;0;T;True;3
1621270553000;11632690;154.287;154.307;154.297;0;T;True;3
1621270554000;11632691;154.287;154.307;154.297;0;T;True;3
1621270555000;11632692;154.287;154.307;154.297;0;T;True;3
1621270556000;11632695;154.287;154.307;154.297;2;T;True;3
1621270557000;11632697;154.289;154.309;154.299;1;T;True;3
1621270558000;11632698;154.289;154.309;154.299;0;T;True;3
1621270559000;11632699;154.289;154.309;154.299;0;T;True;3
1621270560000;11632700;154.289;154.309;154.299;0;T;True;3
1621270561000;11632701;154.289;154.309;154.299;0;T;True;3
1621270562000;11632702;154.289;154.309;154.299;0;T;True;3
1621270563000;11632703;154.289;154.309;154.299;0;T;True;3
1621270564000;11632704;154.289;154.309;154.299;0;T;True;3
1621270565000;11632705;154.289;154.309;154.299;0;T;True;3
1621270566000;11632707;154.29;154.31;154.3;1;T;True;3
1621270567000;11632708;154.29;154.31;154.3;0;T;True;3
1621270568000;11632709;154.29;154.31;154.3;0;T;True;3
1621270569000;11632710;154.29;154.31;154.3;0;T;True;3
1621270570000;11632712;154.291;154.311;154.301;1;T;True;3
1621270571000;11632713;154.291;154.311;154.301;0;T;True;3
1621270572000;11632716;154.291;154.311;154.301;2;T;True;3
1621270573000;11632717;154.291;154.311;154.301;0;T;True;3
1621270574000;11632718;154.291;154.311;154.301;0;T;True;3
1621270575000;11632719;154.291;154.311;154.301;0;T;True;3
1621270576000;11632720;154.291;154.311;154.301;0;T;True;3
1621270577000;11632721;154.291;154.311;154.301;0;T;True;3
1621270578000;11632722;154.291;154.311;154.301;0;T;True;3
1621270579000;11632724;154.29;154.31;154.3;1;T;True;3
1621270580000;11632725;154.29;154.31;154.3;0;T;True;3
1621270581000;11632726;154.29;154.31;154.3;0;T;True;3
1621270582000;11632727;154.29;154.31;154.3;0;T;True;3
1621270583000;11632729;154.291;154.311;154.301;1;T;True;3
1621270584000;11632730;154.291;154.311;154.301;0;T;True;3
1621270585000;11632731;154.291;154.311;154.301;0;T;True;3
1621270586000;11632732;154.291;154.311;154.301;0;T;True;3
1621270587000;11632733;154.291;154.311;154.301;0;T;True;3
1621270588000;11632735;154.292;154.312;154.302;1;T;True;3
1621270589000;11632737;154.291;154.311;154.301;1;T;True;3
1621270590000;11632738;154.291;154.311;154.301;0;T;True;3
1621270591000;11632740;154.289;154.309;154.299;1;T;True;3
1621270592000;11632741;154.289;154.309;154.299;0;T;True;3
1621270593000;11632744;154.289;154.309;154.299;2;T;True;3
1621270594000;11632745;154.289;154.309;154.299;0;T;True;3
1621270595000;11632746;154.289;154.309;154.299;0;T;True;3
1621270596000;11632747;154.289;154.309;154.299;0;T;True;3
1621270597000;11632749;154.29;154.31;154.3;1;T;True;3
1621270598000;11632750;154.29;154.31;154.3;0;T;True;3
1621270599000;11632752;154.291;154.311;154.301;1;T;True;3
1621270600000;11632753;154.291;154.311;154.301;0;T;True;3
1621270601000;11632754;154.291;154.311;154.301;0;T;True;3
1621270602000;11632755;154.291;154.311;154.301;0;T;True;3
1621270603000;11632756;154.291;154.311;154.301;0;T;True;3
1621270604000;11632757;154.291;154.311;154.301;0;T;True;3
1621270605000;11632758;154.291;154.311;154.301;0;T;True;3
1621270606000;11632759;154.291;154.311;154.301;0;T;True;3
1621270607000;11632761;154.292;154.312;154.302;1;T;True;3
1621270608000;11632763;154.291;154.311;154.301;1;T;True;3
1621270609000;11632764;154.291;154.311;154.301;0;T;True;3
1621270610000;11632765;154.291;154.311;154.301;0;T;True;3
1621270611000;11632766;154.291;154.311;154.301;0;T;True;3
1621270612000;11632767;154.291;154.311;154.301;0;T;True;3
1621270613000;11632768;154.291;154.311;154.301;0;T;True;3
1621270614000;11632769;154.291;154.311;154.301;0;T;True;3
1621270615000;11632770;154.291;154.311;154.301;0;T;True;3
1621270616000;11632771;154.291;154.311;154.301;0;T;True;3
1621270617000;11632772;154.291;154.311;154.301;0;T;True;3
1621270618000;11632773;154.291;154.311;154.301;0;T;True;3
1621270619000;11632774;154.291;154.311;154.301;0;T;True;3
1621270620000;11632775;154.291;154.311;154.301;0;T;True;3
1621270621000;11632776;154.291;154.311;154.301;0;T;True;3
1621270622000;11632777;154.291;154.311;154.301;0;T;True;3
1621270623000;11632778;154.291;154.311;154.301;0;T;True;3
1621270624000;11632779;154.291;154.311;154.301;0;T;True;3
1621270625000;11632780;154.291;154.311;154.301;0;T;True;3
1621270626000;11632781;154.291;154.311;154.301;0;T;True;3
1621270627000;11632782;154.291;154.311;154.301;0;T;True;3
1621270628000;11632783;154.291;154.311;154.301;0;T;True;3
1621270629000;11632784;154.291;154.311;154.301;0;T;True;3
1621270630000;11632785;154.291;154.311;154.301;0;T;True;3
1621270631000;11632787;154.29;154.31;154.3;1;T;True;3
1621270632000;11632788;154.29;154.31;154.3;0;T;True;3
1621270633000;11632789;154.29;154.31;154.3;0;T;True;3
1621270634000;11632791;154.287;154.307;154.297;1;T;True;3
1621270635000;11632792;154.287;154.307;154.297;0;T;True;3
1621270636000;11632793;154.287;154.307;154.297;0;T;True;3
1621270637000;11632796;154.291;154.311;154.301;2;T;True;3
1621270638000;11632797;154.291;154.311;154.301;0;T;True;3
1621270639000;11632798;154.291;154.311;154.301;0;T;True;3
1621270640000;11632799;154.291;154.311;154.301;0;T;True;3
1621270641000;11632801;154.29;154.31;154.3;1;T;True;3
1621270642000;11632803;154.289;154.309;154.299;1;T;True;3
1621270643000;11632804;154.289;154.309;154.299;0;T;True;3
1621270644000;11632805;154.289;154.309;154.299;0;T;True;3
1621270645000;11632807;154.288;154.308;154.298;1;T;True;3
1621270646000;11632811;154.289;154.309;154.299;3;T;True;3
1621270647000;11632812;154.289;154.309;154.299;0;T;True;3
1621270648000;11632813;154.289;154.309;154.299;0;T;True;3
1621270649000;11632814;154.289;154.309;154.299;0;T;True;3
1621270650000;11632817;154.286;154.306;154.296;2;T;True;3
1621270651000;11632821;154.28;154.3;154.29;3;T;True;3
1621270652000;11632822;154.28;154.3;154.29;0;T;True;3
1621270653000;11632823;154.28;154.3;154.29;0;T;True;3
1621270654000;11632824;154.28;154.3;154.29;0;T;True;3
1621270655000;11632825;154.28;154.3;154.29;0;T;True;3
1621270656000;11632826;154.28;154.3;154.29;0;T;True;3
1621270657000;11632827;154.28;154.3;154.29;0;T;True;3
1621270658000;11632828;154.28;154.3;154.29;0;T;True;3
1621270659000;11632829;154.28;154.3;154.29;0;T;True;3
1621270660000;11632832;154.279;154.299;154.289;2;T;True;3
1621270661000;11632833;154.279;154.299;154.289;0;T;True;3
1621270662000;11632834;154.279;154.299;154.289;0;T;True;3
1621270663000;11632836;154.278;154.298;154.288;1;T;True;3
1621270664000;11632837;154.278;154.298;154.288;0;T;True;3
1621270665000;11632838;154.278;154.298;154.288;0;T;True;3
1621270666000;11632839;154.278;154.298;154.288;0;T;True;3
1621270667000;11632843;154.277;154.297;154.287;3;T;True;3
1621270668000;11632844;154.277;154.297;154.287;0;T;True;3
1621270669000;11632845;154.277;154.297;154.287;0;T;True;3
1621270670000;11632847;154.275;154.295;154.285;1;T;True;3
1621270671000;11632848;154.275;154.295;154.285;0;T;True;3
1621270672000;11632850;154.276;154.296;154.286;1;T;True;3
1621270673000;11632851;154.276;154.296;154.286;0;T;True;3
1621270674000;11632855;154.27;154.29;154.28;3;T;True;3
1621270675000;11632856;154.27;154.29;154.28;0;T;True;3
1621270676000;11632857;154.27;154.29;154.28;0;T;True;3
1621270677000;11632862;154.275;154.295;154.285;4;T;True;3
1621270678000;11632866;154.274;154.294;154.284;3;T;True;3
1621270679000;11632867;154.274;154.294;154.284;0;T;True;3
1621270680000;11632869;154.275;154.295;154.285;1;T;True;3
1621270681000;11632870;154.275;154.295;154.285;0;T;True;3
1621270682000;11632871;154.275;154.295;154.285;0;T;True;3
1621270683000;11632872;154.275;154.295;154.285;0;T;True;3
1621270684000;11632875;154.275;154.295;154.285;2;T;True;3
1621270685000;11632876;154.275;154.295;154.285;0;T;True;3
1621270686000;11632877;154.275;154.295;154.285;0;T;True;3
1621270687000;11632879;154.277;154.297;154.287;1;T;True;3
1621270688000;11632880;154.277;154.297;154.287;0;T;True;3
1621270689000;11632881;154.277;154.297;154.287;0;T;True;3
1621270690000;11632882;154.277;154.297;154.287;0;T;True;3
1621270691000;11632883;154.277;154.297;154.287;0;T;True;3
1621270692000;11632884;154.277;154.297;154.287;0;T;True;3
1621270693000;11632885;154.277;154.297;154.287;0;T;True;3
1621270694000;11632886;154.277;154.297;154.287;0;T;True;3
1621270695000;11632887;154.277;154.297;154.287;0;T;True;3
1621270696000;11632888;154.277;154.297;154.287;0;T;True;3
1621270697000;11632889;154.277;154.297;154.287;0;T;True;3
1621270698000;11632890;154.277;154.297;154.287;0;T;True;3
1621270699000;11632891;154.277;154.297;154.287;0;T;True;3
1621270700000;11632892;154.277;154.297;154.287;0;T;True;3
1621270701000;11632894;154.276;154.296;154.286;1;T;True;3
1621270702000;11632895;154.276;154.296;154.286;0;T;True;3
1621270703000;11632896;154.276;154.296;154.286;0;T;True;3
1621270704000;11632897;154.276;154.296;154.286;0;T;True;3
1621270705000;11632900;154.276;154.296;154.286;2;T;True;3
1621270706000;11632903;154.276;154.296;154.286;2;T;True;3
1621270707000;11632905;154.275;154.295;154.285;1;T;True;3
1621270708000;11632906;154.275;154.295;154.285;0;T;True;3
1621270709000;11632907;154.275;154.295;154.285;0;T;True;3
1621270710000;11632908;154.275;154.295;154.285;0;T;True;3
1621270711000;11632909;154.275;154.295;154.285;0;T;True;3
1621270712000;11632910;154.275;154.295;154.285;0;T;True;3
1621270713000;11632911;154.275;154.295;154.285;0;T;True;3
1621270714000;11632912;154.275;154.295;154.285;0;T;True;3
1621270715000;11632915;154.279;154.299;154.289;2;T;True;3
1621270716000;11632918;154.278;154.298;154.288;2;T;True;3
1621270717000;11632919;154.278;154.298;154.288;0;T;True;3
1621270718000;11632921;154.281;154.301;154.291;1;T;True;3
1621270719000;11632922;154.281;154.301;154.291;0;T;True;3
1621270720000;11632923;154.281;154.301;154.291;0;T;True;3
1621270721000;11632925;154.279;154.299;154.289;1;T;True;3
1621270722000;11632926;154.279;154.299;154.289;0;T;True;3
1621270723000;11632927;154.279;154.299;154.289;0;T;True;3
1621270724000;11632928;154.279;154.299;154.289;0;T;True;3
1621270725000;11632929;154.279;154.299;154.289;0;T;True;3
1621270726000;11632931;154.277;154.297;154.287;1;T;True;3
1621270727000;11632932;154.277;154.297;154.287;0;T;True;3
1621270728000;11632933;154.277;154.297;154.287;0;T;True;3
1621270729000;11632934;154.277;154.297;154.287;0;T;True;3
1621270730000;11632935;154.277;154.297;154.287;0;T;True;3
1621270731000;11632938;154.274;154.294;154.284;2;T;True;3
1621270732000;11632941;154.271;154.291;154.281;2;T;True;3
1621270733000;11632942;154.271;154.291;154.281;0;T;True;3
1621270734000;11632944;154.273;154.293;154.283;1;T;True;3
1621270735000;11632945;154.273;154.293;154.283;0;T;True;3
1621270736000;11632946;154.273;154.293;154.283;0;T;True;3
1621270737000;11632947;154.273;154.293;154.283;0;T;True;3
1621270738000;11632948;154.273;154.293;154.283;0;T;True;3
1621270739000;11632949;154.273;154.293;154.283;0;T;True;3
1621270740000;11632950;154.273;154.293;154.283;0;T;True;3
1621270741000;11632951;154.273;154.293;154.283;0;T;True;3
1621270742000;11632952;154.273;154.293;154.283;0;T;True;3
1621270743000;11632953;154.273;154.293;154.283;0;T;True;3
1621270744000;11632954;154.273;154.293;154.283;0;T;True;3
1621270745000;11632955;154.273;154.293;154.283;0;T;True;3
1621270746000;11632958;154.276;154.296;154.286;2;T;True;3
1621270747000;11632959;154.276;154.296;154.286;0;T;True;3
1621270748000;11632960;154.276;154.296;154.286;0;T;True;3
1621270749000;11632961;154.276;154.296;154.286;0;T;True;3
1621270750000;11632967;154.295;154.315;154.305;5;T;True;3
1621270751000;11632975;154.283;154.303;154.293;7;T;True;3
1621270752000;11632976;154.283;154.303;154.293;0;T;True;3
1621270753000;11632977;154.283;154.303;154.293;0;T;True;3
1621270754000;11632978;154.283;154.303;154.293;0;T;True;3
1621270755000;11632979;154.283;154.303;154.293;0;T;True;3
1621270756000;11632980;154.283;154.303;154.293;0;T;True;3
1621270757000;11632982;154.285;154.305;154.295;1;T;True;3
1621270758000;11632984;154.288;154.308;154.298;1;T;True;3
1621270759000;11632985;154.288;154.308;154.298;0;T;True;3
1621270760000;11632986;154.288;154.308;154.298;0;T;True;3
1621270761000;11632990;154.301;154.321;154.311;3;T;True;3
1621270762000;11632994;154.298;154.318;154.308;3;T;True;3
1621270763000;11632995;154.298;154.318;154.308;0;T;True;3
1621270764000;11632997;154.299;154.319;154.309;1;T;True;3
1621270765000;11632999;154.297;154.317;154.307;1;T;True;3
1621270766000;11633002;154.294;154.314;154.304;2;T;True;3
1621270767000;11633003;154.294;154.314;154.304;0;T;True;3
1621270768000;11633005;154.293;154.313;154.303;1;T;True;3
1621270769000;11633006;154.293;154.313;154.303;0;T;True;3
1621270770000;11633007;154.293;154.313;154.303;0;T;True;3
1621270771000;11633009;154.291;154.311;154.301;1;T;True;3
1621270772000;11633010;154.291;154.311;154.301;0;T;True;3
1621270773000;11633011;154.291;154.311;154.301;0;T;True;3
1621270774000;11633012;154.291;154.311;154.301;0;T;True;3
1621270775000;11633016;154.297;154.317;154.307;3;T;True;3
1621270776000;11633018;154.295;154.315;154.305;1;T;True;3
1621270777000;11633022;154.287;154.307;154.297;3;T;True;3
1621270778000;11633023;154.287;154.307;154.297;0;T;True;3
1621270779000;11633024;154.287;154.307;154.297;0;T;True;3
1621270780000;11633027;154.285;154.305;154.295;2;T;True;3
1621270781000;11633033;154.289;154.309;154.299;5;T;True;3
1621270782000;11633035;154.287;154.307;154.297;1;T;True;3
1621270783000;11633036;154.287;154.307;154.297;0;T;True;3
1621270784000;11633037;154.287;154.307;154.297;0;T;True;3
1621270785000;11633041;154.282;154.302;154.292;3;T;True;3
1621270786000;11633044;154.279;154.299;154.289;2;T;True;3
1621270787000;11633045;154.279;154.299;154.289;0;T;True;3
1621270788000;11633047;154.278;154.298;154.288;1;T;True;3
1621270789000;11633048;154.278;154.298;154.288;0;T;True;3
1621270790000;11633050;154.276;154.296;154.286;1;T;True;3
1621270791000;11633051;154.276;154.296;154.286;0;T;True;3
1621270792000;11633052;154.276;154.296;154.286;0;T;True;3
1621270793000;11633053;154.276;154.296;154.286;0;T;True;3
1621270794000;11633054;154.276;154.296;154.286;0;T;True;3
1621270795000;11633055;154.276;154.296;154.286;0;T;True;3
1621270796000;11633056;154.276;154.296;154.286;0;T;True;3
1621270797000;11633060;154.273;154.293;154.283;3;T;True;3
1621270798000;11633062;154.271;154.291;154.281;1;T;True;3
1621270799000;11633063;154.271;154.291;154.281;0;T;True;3
1621270800000;11633064;154.271;154.291;154.281;0;T;True;3
1621270801000;11633065;154.271;154.291;154.281;0;T;True;3
1621270802000;11633066;154.271;154.291;154.281;0;T;True;3
1621270803000;11633067;154.271;154.291;154.281;0;T;True;3
1621270804000;11633068;154.271;154.291;154.281;0;T;True;3
1621270805000;11633069;154.271;154.291;154.281;0;T;True;3
1621270806000;11633072;154.271;154.291;154.281;2;T;True;3
1621270807000;11633073;154.271;154.291;154.281;0;T;True;3
1621270808000;11633074;154.271;154.291;154.281;0;T;True;3
1621270809000;11633075;154.271;154.291;154.281;0;T;True;3
1621270810000;11633076;154.271;154.291;154.281;0;T;True;3
1621270811000;11633077;154.271;154.291;154.281;0;T;True;3
1621270812000;11633078;154.271;154.291;154.281;0;T;True;3
1621270813000;11633079;154.271;154.291;154.281;0;T;True;3
1621270814000;11633081;154.269;154.289;154.279;1;T;True;3
1621270815000;11633082;154.269;154.289;154.279;0;T;True;3
1621270816000;11633083;154.269;154.289;154.279;0;T;True;3
1621270817000;11633084;154.269;154.289;154.279;0;T;True;3
1621270818000;11633085;154.269;154.289;154.279;0;T;True;3
1621270819000;11633086;154.269;154.289;154.279;0;T;True;3
1621270820000;11633087;154.269;154.289;154.279;0;T;True;3
1621270821000;11633089;154.27;154.29;154.28;1;T;True;3
1621270822000;11633090;154.27;154.29;154.28;0;T;True;3
1621270823000;11633091;154.27;154.29;154.28;0;T;True;3
1621270824000;11633092;154.27;154.29;154.28;0;T;True;3
1621270825000;11633093;154.27;154.29;154.28;0;T;True;3
1621270826000;11633094;154.27;154.29;154.28;0;T;True;3
1621270827000;11633095;154.27;154.29;154.28;0;T;True;3
1621270828000;11633096;154.27;154.29;154.28;0;T;True;3
1621270829000;11633097;154.27;154.29;154.28;0;T;True;3
1621270830000;11633098;154.27;154.29;154.28;0;T;True;3
1621270831000;11633099;154.27;154.29;154.28;0;T;True;3
1621270832000;11633100;154.27;154.29;154.28;0;T;True;3
1621270833000;11633101;154.27;154.29;154.28;0;T;True;3
1621270834000;11633103;154.271;154.291;154.281;1;T;True;3
1621270835000;11633104;154.271;154.291;154.281;0;T;True;3
1621270836000;11633107;154.271;154.291;154.281;2;T;True;3
1621270837000;11633111;154.279;154.299;154.289;3;T;True;3
1621270838000;11633112;154.279;154.299;154.289;0;T;True;3
1621270839000;11633113;154.279;154.299;154.289;0;T;True;3
1621270840000;11633114;154.279;154.299;154.289;0;T;True;3
1621270841000;11633117;154.285;154.305;154.295;2;T;True;3
1621270842000;11633120;154.291;154.311;154.301;2;T;True;3
1621270843000;11633123;154.291;154.311;154.301;2;T;True;3
1621270844000;11633125;154.287;154.307;154.297;1;T;True;3
1621270845000;11633126;154.287;154.307;154.297;0;T;True;3
1621270846000;11633127;154.287;154.307;154.297;0;T;True;3
1621270847000;11633129;154.289;154.309;154.299;1;T;True;3
1621270848000;11633130;154.289;154.309;154.299;0;T;True;3
1621270849000;11633133;154.292;154.312;154.302;2;T;True;3
1621270850000;11633134;154.292;154.312;154.302;0;T;True;3
1621270851000;11633136;154.291;154.311;154.301;1;T;True;3
1621270852000;11633137;154.291;154.311;154.301;0;T;True;3
1621270853000;11633138;154.291;154.311;154.301;0;T;True;3
1621270854000;11633143;154.304;154.324;154.314;4;T;True;3
1621270855000;11633145;154.303;154.323;154.313;1;T;True;3
1621270856000;11633147;154.301;154.321;154.311;1;T;True;3
1621270857000;11633148;154.301;154.321;154.311;0;T;True;3
1621270858000;11633149;154.301;154.321;154.311;0;T;True;3
1621270859000;11633150;154.301;154.321;154.311;0;T;True;3
1621270860000;11633151;154.301;154.321;154.311;0;T;True;3
1621270861000;11633152;154.301;154.321;154.311;0;T;True;3
1621270862000;11633153;154.301;154.321;154.311;0;T;True;3
1621270863000;11633154;154.301;154.321;154.311;0;T;True;3
1621270864000;11633155;154.301;154.321;154.311;0;T;True;3
1621270865000;11633158;154.299;154.319;154.309;2;T;True;3
1621270866000;11633159;154.299;154.319;154.309;0;T;True;3
1621270867000;11633160;154.299;154.319;154.309;0;T;True;3
1621270868000;11633163;154.299;154.319;154.309;2;T;True;3
1621270869000;11633164;154.299;154.319;154.309;0;T;True;3
1621270870000;11633166;154.293;154.313;154.303;1;T;True;3
1621270871000;11633167;154.293;154.313;154.303;0;T;True;3
1621270872000;11633168;154.293;154.313;154.303;0;T;True;3
1621270873000;11633169;154.293;154.313;154.303;0;T;True;3
1621270874000;11633170;154.293;154.313;154.303;0;T;True;3
1621270875000;11633174;154.293;154.313;154.303;3;T;True;3
1621270876000;11633175;154.293;154.313;154.303;0;T;True;3
1621270877000;11633176;154.293;154.313;154.303;0;T;True;3
1621270878000;11633177;154.293;154.313;154.303;0;T;True;3
1621270879000;11633178;154.293;154.313;154.303;0;T;True;3
1621270880000;11633179;154.293;154.313;154.303;0;T;True;3
1621270881000;11633180;154.293;154.313;154.303;0;T;True;3
1621270882000;11633181;154.293;154.313;154.303;0;T;True;3
1621270883000;11633182;154.293;154.313;154.303;0;T;True;3
1621270884000;11633183;154.293;154.313;154.303;0;T;True;3
1621270885000;11633184;154.293;154.313;154.303;0;T;True;3
1621270886000;11633185;154.293;154.313;154.303;0;T;True;3
1621270887000;11633186;154.293;154.313;154.303;0;T;True;3
1621270888000;11633187;154.293;154.313;154.303;0;T;True;3
1621270889000;11633188;154.293;154.313;154.303;0;T;True;3
1621270890000;11633189;154.293;154.313;154.303;0;T;True;3
1621270891000;11633190;154.293;154.313;154.303;0;T;True;3
1621270892000;11633191;154.293;154.313;154.303;0;T;True;3
1621270893000;11633192;154.293;154.313;154.303;0;T;True;3
1621270894000;11633193;154.293;154.313;154.303;0;T;True;3
1621270895000;11633194;154.293;154.313;154.303;0;T;True;3
1621270896000;11633195;154.293;154.313;154.303;0;T;True;3
1621270897000;11633197;154.289;154.309;154.299;1;T;True;3
1621270898000;11633198;154.289;154.309;154.299;0;T;True;3
1621270899000;11633199;154.289;154.309;154.299;0;T;True;3
1621270900000;11633200;154.289;154.309;154.299;0;T;True;3
1621270901000;11633202;154.287;154.307;154.297;1;T;True;3
1621270902000;11633203;154.287;154.307;154.297;0;T;True;3
1621270903000;11633204;154.287;154.307;154.297;0;T;True;3
1621270904000;11633205;154.287;154.307;154.297;0;T;True;3
1621270905000;11633206;154.287;154.307;154.297;0;T;True;3
1621270906000;11633207;154.287;154.307;154.297;0;T;True;3
1621270907000;11633208;154.287;154.307;154.297;0;T;True;3
1621270908000;11633209;154.287;154.307;154.297;0;T;True;3
1621270909000;11633211;154.293;154.313;154.303;1;T;True;3
1621270910000;11633212;154.293;154.313;154.303;0;T;True;3
1621270911000;11633214;154.291;154.311;154.301;1;T;True;3
1621270912000;11633216;154.292;154.312;154.302;1;T;True;3
1621270913000;11633217;154.292;154.312;154.302;0;T;True;3
1621270914000;11633218;154.292;154.312;154.302;0;T;True;3
1621270915000;11633219;154.292;154.312;154.302;0;T;True;3
1621270916000;11633220;154.292;154.312;154.302;0;T;True;3
1621270917000;11633222;154.294;154.314;154.304;1;T;True;3
1621270918000;11633223;154.294;154.314;154.304;0;T;True;3
1621270919000;11633225;154.295;154.315;154.305;1;T;True;3
1621270920000;11633226;154.295;154.315;154.305;0;T;True;3
1621270921000;11633228;154.293;154.313;154.303;1;T;True;3
1621270922000;11633231;154.29;154.31;154.3;2;T;True;3
1621270923000;11633233;154.291;154.311;154.301;1;T;True;3
1621270924000;11633235;154.29;154.31;154.3;1;T;True;3
1621270925000;11633236;154.29;154.31;154.3;0;T;True;3
1621270926000;11633239;154.297;154.317;154.307;2;T;True;3
1621270927000;11633240;154.297;154.317;154.307;0;T;True;3
1621270928000;11633242;154.295;154.315;154.305;1;T;True;3
1621270929000;11633243;154.295;154.315;154.305;0;T;True;3
1621270930000;11633245;154.3;154.32;154.31;1;T;True;3
1621270931000;11633247;154.301;154.321;154.311;1;T;True;3
1621270932000;11633248;154.301;154.321;154.311;0;T;True;3
1621270933000;11633249;154.301;154.321;154.311;0;T;True;3
1621270934000;11633250;154.301;154.321;154.311;0;T;True;3
1621270935000;11633251;154.301;154.321;154.311;0;T;True;3
1621270936000;11633254;154.305;154.325;154.315;2;T;True;3
1621270937000;11633255;154.305;154.325;154.315;0;T;True;3
1621270938000;11633256;154.305;154.325;154.315;0;T;True;3
1621270939000;11633257;154.305;154.325;154.315;0;T;True;3
1621270940000;11633258;154.305;154.325;154.315;0;T;True;3
1621270941000;11633260;154.306;154.326;154.316;1;T;True;3
1621270942000;11633262;154.309;154.329;154.319;1;T;True;3
1621270943000;11633263;154.309;154.329;154.319;0;T;True;3
1621270944000;11633265;154.307;154.327;154.317;1;T;True;3
1621270945000;11633266;154.307;154.327;154.317;0;T;True;3
1621270946000;11633267;154.307;154.327;154.317;0;T;True;3
1621270947000;11633268;154.307;154.327;154.317;0;T;True;3
1621270948000;11633270;154.309;154.329;154.319;1;T;True;3
1621270949000;11633271;154.309;154.329;154.319;0;T;True;3
1621270950000;11633272;154.309;154.329;154.319;0;T;True;3
1621270951000;11633273;154.309;154.329;154.319;0;T;True;3
1621270952000;11633274;154.309;154.329;154.319;0;T;True;3
1621270953000;11633276;154.311;154.331;154.321;1;T;True;3
1621270954000;11633277;154.311;154.331;154.321;0;T;True;3
1621270955000;11633278;154.311;154.331;154.321;0;T;True;3
1621270956000;11633279;154.311;154.331;154.321;0;T;True;3
1621270957000;11633283;154.317;154.337;154.327;3;T;True;3
1621270958000;11633287;154.31;154.33;154.32;3;T;True;3
1621270959000;11633288;154.31;154.33;154.32;0;T;True;3
1621270960000;11633289;154.31;154.33;154.32;0;T;True;3
1621270961000;11633292;154.309;154.329;154.319;2;T;True;3
1621270962000;11633293;154.309;154.329;154.319;0;T;True;3
1621270963000;11633294;154.309;154.329;154.319;0;T;True;3
1621270964000;11633295;154.309;154.329;154.319;0;T;True;3
1621270965000;11633297;154.311;154.331;154.321;1;T;True;3
1621270966000;11633298;154.311;154.331;154.321;0;T;True;3
1621270967000;11633300;154.313;154.333;154.323;1;T;True;3
1621270968000;11633301;154.313;154.333;154.323;0;T;True;3
1621270969000;11633302;154.313;154.333;154.323;0;T;True;3
1621270970000;11633304;154.311;154.331;154.321;1;T;True;3
1621270971000;11633305;154.311;154.331;154.321;0;T;True;3
1621270972000;11633306;154.311;154.331;154.321;0;T;True;3
1621270973000;11633307;154.311;154.331;154.321;0;T;True;3
1621270974000;11633308;154.311;154.331;154.321;0;T;True;3
1621270975000;11633309;154.311;154.331;154.321;0;T;True;3
1621270976000;11633310;154.311;154.331;154.321;0;T;True;3
1621270977000;11633311;154.311;154.331;154.321;0;T;True;3
1621270978000;11633312;154.311;154.331;154.321;0;T;True;3
1621270979000;11633315;154.307;154.327;154.317;2;T;True;3
1621270980000;11633316;154.307;154.327;154.317;0;T;True;3
1621270981000;11633317;154.307;154.327;154.317;0;T;True;3
1621270982000;11633318;154.307;154.327;154.317;0;T;True;3
1621270983000;11633319;154.307;154.327;154.317;0;T;True;3
1621270984000;11633321;154.308;154.328;154.318;1;T;True;3
1621270985000;11633322;154.308;154.328;154.318;0;T;True;3
1621270986000;11633323;154.308;154.328;154.318;0;T;True;3
1621270987000;11633324;154.308;154.328;154.318;0;T;True;3
1621270988000;11633325;154.308;154.328;154.318;0;T;True;3
1621270989000;11633326;154.308;154.328;154.318;0;T;True;3
1621270990000;11633327;154.308;154.328;154.318;0;T;True;3
1621270991000;11633328;154.308;154.328;154.318;0;T;True;3
1621270992000;11633329;154.308;154.328;154.318;0;T;True;3
1621270993000;11633332;154.302;154.322;154.312;2;T;True;3
1621270994000;11633334;154.3;154.32;154.31;1;T;True;3
1621270995000;11633335;154.3;154.32;154.31;0;T;True;3
1621270996000;11633336;154.3;154.32;154.31;0;T;True;3
1621270997000;11633337;154.3;154.32;154.31;0;T;True;3
1621270998000;11633338;154.3;154.32;154.31;0;T;True;3
1621270999000;11633339;154.3;154.32;154.31;0;T;True;3
1621271000000;11633340;154.3;154.32;154.31;0;T;True;3
1621271001000;11633344;154.301;154.321;154.311;3;T;True;3
1621271002000;11633345;154.301;154.321;154.311;0;T;True;3
1621271003000;11633346;154.301;154.321;154.311;0;T;True;3
1621271004000;11633347;154.301;154.321;154.311;0;T;True;3
1621271005000;11633348;154.301;154.321;154.311;0;T;True;3
1621271006000;11633349;154.301;154.321;154.311;0;T;True;3
1621271007000;11633350;154.301;154.321;154.311;0;T;True;3
1621271008000;11633351;154.301;154.321;154.311;0;T;True;3
1621271009000;11633352;154.301;154.321;154.311;0;T;True;3
1621271010000;11633353;154.301;154.321;154.311;0;T;True;3
1621271011000;11633355;154.3;154.32;154.31;1;T;True;3
1621271012000;11633356;154.3;154.32;154.31;0;T;True;3
1621271013000;11633357;154.3;154.32;154.31;0;T;True;3
1621271014000;11633358;154.3;154.32;154.31;0;T;True;3
1621271015000;11633359;154.3;154.32;154.31;0;T;True;3
1621271016000;11633361;154.299;154.319;154.309;1;T;True;3
1621271017000;11633362;154.299;154.319;154.309;0;T;True;3
1621271018000;11633363;154.299;154.319;154.309;0;T;True;3
1621271019000;11633364;154.299;154.319;154.309;0;T;True;3
1621271020000;11633365;154.299;154.319;154.309;0;T;True;3
1621271021000;11633366;154.299;154.319;154.309;0;T;True;3
1621271022000;11633367;154.299;154.319;154.309;0;T;True;3
1621271023000;11633370;154.291;154.311;154.301;2;T;True;3
1621271024000;11633372;154.293;154.313;154.303;1;T;True;3
1621271025000;11633374;154.299;154.319;154.309;1;T;True;3
1621271026000;11633375;154.299;154.319;154.309;0;T;True;3
1621271027000;11633376;154.299;154.319;154.309;0;T;True;3
1621271028000;11633377;154.299;154.319;154.309;0;T;True;3
1621271029000;11633381;154.293;154.313;154.303;3;T;True;3
1621271030000;11633383;154.291;154.311;154.301;1;T;True;3
1621271031000;11633385;154.29;154.31;154.3;1;T;True;3
1621271032000;11633387;154.289;154.309;154.299;1;T;True;3
1621271033000;11633388;154.289;154.309;154.299;0;T;True;3
1621271034000;11633389;154.289;154.309;154.299;0;T;True;3
1621271035000;11633390;154.289;154.309;154.299;0;T;True;3
1621271036000;11633391;154.289;154.309;154.299;0;T;True;3
1621271037000;11633392;154.289;154.309;154.299;0;T;True;3
1621271038000;11633393;154.289;154.309;154.299;0;T;True;3
1621271039000;11633398;154.286;154.306;154.296;4;T;True;3
1621271040000;11633400;154.288;154.308;154.298;1;T;True;3
1621271041000;11633402;154.286;154.306;154.296;1;T;True;3
1621271042000;11633404;154.288;154.308;154.298;1;T;True;3
1621271043000;11633405;154.288;154.308;154.298;0;T;True;3
1621271044000;11633407;154.289;154.309;154.299;1;T;True;3
1621271045000;11633408;154.289;154.309;154.299;0;T;True;3
1621271046000;11633409;154.289;154.309;154.299;0;T;True;3
1621271047000;11633410;154.289;154.309;154.299;0;T;True;3
1621271048000;11633412;154.29;154.31;154.3;1;T;True;3
1621271049000;11633413;154.29;154.31;154.3;0;T;True;3
1621271050000;11633414;154.29;154.31;154.3;0;T;True;3
1621271051000;11633415;154.29;154.31;154.3;0;T;True;3
1621271052000;11633416;154.29;154.31;154.3;0;T;True;3
1621271053000;11633419;154.296;154.316;154.306;2;T;True;3
1621271054000;11633421;154.293;154.313;154.303;1;T;True;3
1621271055000;11633422;154.293;154.313;154.303;0;T;True;3
1621271056000;11633423;154.293;154.313;154.303;0;T;True;3
1621271057000;11633424;154.293;154.313;154.303;0;T;True;3
1621271058000;11633425;154.293;154.313;154.303;0;T;True;3
1621271059000;11633426;154.293;154.313;154.303;0;T;True;3
1621271060000;11633427;154.293;154.313;154.303;0;T;True;3
1621271061000;11633428;154.293;154.313;154.303;0;T;True;3
1621271062000;11633429;154.293;154.313;154.303;0;T;True;3
1621271063000;11633431;154.292;154.312;154.302;1;T;True;3
1621271064000;11633432;154.292;154.312;154.302;0;T;True;3
1621271065000;11633433;154.292;154.312;154.302;0;T;True;3
1621271066000;11633434;154.292;154.312;154.302;0;T;True;3
1621271067000;11633435;154.292;154.312;154.302;0;T;True;3
1621271068000;11633436;154.292;154.312;154.302;0;T;True;3
1621271069000;11633437;154.292;154.312;154.302;0;T;True;3
1621271070000;11633438;154.292;154.312;154.302;0;T;True;3
1621271071000;11633439;154.292;154.312;154.302;0;T;True;3
1621271072000;11633441;154.291;154.311;154.301;1;T;True;3
1621271073000;11633442;154.291;154.311;154.301;0;T;True;3
1621271074000;11633443;154.291;154.311;154.301;0;T;True;3
1621271075000;11633444;154.291;154.311;154.301;0;T;True;3
1621271076000;11633445;154.291;154.311;154.301;0;T;True;3
1621271077000;11633446;154.291;154.311;154.301;0;T;True;3
1621271078000;11633447;154.291;154.311;154.301;0;T;True;3
1621271079000;11633448;154.291;154.311;154.301;0;T;True;3
1621271080000;11633449;154.291;154.311;154.301;0;T;True;3
1621271081000;11633450;154.291;154.311;154.301;0;T;True;3
1621271082000;11633451;154.291;154.311;154.301;0;T;True;3
1621271083000;11633452;154.291;154.311;154.301;0;T;True;3
1621271084000;11633453;154.291;154.311;154.301;0;T;True;3
1621271085000;11633457;154.295;154.315;154.305;3;T;True;3
1621271086000;11633458;154.295;154.315;154.305;0;T;True;3
1621271087000;11633459;154.295;154.315;154.305;0;T;True;3
1621271088000;11633460;154.295;154.315;154.305;0;T;True;3
1621271089000;11633461;154.295;154.315;154.305;0;T;True;3
1621271090000;11633462;154.295;154.315;154.305;0;T;True;3
1621271091000;11633463;154.295;154.315;154.305;0;T;True;3
1621271092000;11633464;154.295;154.315;154.305;0;T;True;3
1621271093000;11633465;154.295;154.315;154.305;0;T;True;3
1621271094000;11633466;154.295;154.315;154.305;0;T;True;3
1621271095000;11633467;154.295;154.315;154.305;0;T;True;3
1621271096000;11633468;154.295;154.315;154.305;0;T;True;3
1621271097000;11633469;154.295;154.315;154.305;0;T;True;3
1621271098000;11633470;154.295;154.315;154.305;0;T;True;3
1621271099000;11633471;154.295;154.315;154.305;0;T;True;3
1621271100000;11633472;154.295;154.315;154.305;0;T;True;3
1621271101000;11633473;154.295;154.315;154.305;0;T;True;3
1621271102000;11633474;154.295;154.315;154.305;0;T;True;3
1621271103000;11633475;154.295;154.315;154.305;0;T;True;3
1621271104000;11633476;154.295;154.315;154.305;0;T;True;3
1621271105000;11633477;154.295;154.315;154.305;0;T;True;3
1621271106000;11633480;154.298;154.318;154.308;2;T;True;3
1621271107000;11633481;154.298;154.318;154.308;0;T;True;3
1621271108000;11633482;154.298;154.318;154.308;0;T;True;3
1621271109000;11633483;154.298;154.318;154.308;0;T;True;3
1621271110000;11633484;154.298;154.318;154.308;0;T;True;3
1621271111000;11633485;154.298;154.318;154.308;0;T;True;3
1621271112000;11633486;154.298;154.318;154.308;0;T;True;3
1621271113000;11633487;154.298;154.318;154.308;0;T;True;3
1621271114000;11633488;154.298;154.318;154.308;0;T;True;3
1621271115000;11633489;154.298;154.318;154.308;0;T;True;3
1621271116000;11633490;154.298;154.318;154.308;0;T;True;3
1621271117000;11633491;154.298;154.318;154.308;0;T;True;3
1621271118000;11633492;154.298;154.318;154.308;0;T;True;3
1621271119000;11633493;154.298;154.318;154.308;0;T;True;3
1621271120000;11633495;154.299;154.319;154.309;1;T;True;3
1621271121000;11633496;154.299;154.319;154.309;0;T;True;3
1621271122000;11633497;154.299;154.319;154.309;0;T;True;3
1621271123000;11633498;154.299;154.319;154.309;0;T;True;3
1621271124000;11633499;154.299;154.319;154.309;0;T;True;3
1621271125000;11633500;154.299;154.319;154.309;0;T;True;3
1621271126000;11633501;154.299;154.319;154.309;0;T;True;3
1621271127000;11633502;154.299;154.319;154.309;0;T;True;3
1621271128000;11633503;154.299;154.319;154.309;0;T;True;3
1621271129000;11633504;154.299;154.319;154.309;0;T;True;3
1621271130000;11633506;154.3;154.32;154.31;1;T;True;3
1621271131000;11633507;154.3;154.32;154.31;0;T;True;3
1621271132000;11633508;154.3;154.32;154.31;0;T;True;3
1621271133000;11633511;154.302;154.322;154.312;2;T;True;3
1621271134000;11633512;154.302;154.322;154.312;0;T;True;3
1621271135000;11633513;154.302;154.322;154.312;0;T;True;3
1621271136000;11633514;154.302;154.322;154.312;0;T;True;3
1621271137000;11633515;154.302;154.322;154.312;0;T;True;3
1621271138000;11633516;154.302;154.322;154.312;0;T;True;3
1621271139000;11633517;154.302;154.322;154.312;0;T;True;3
1621271140000;11633518;154.302;154.322;154.312;0;T;True;3
1621271141000;11633520;154.301;154.321;154.311;1;T;True;3
1621271142000;11633522;154.302;154.322;154.312;1;T;True;3
1621271143000;11633523;154.302;154.322;154.312;0;T;True;3
1621271144000;11633524;154.302;154.322;154.312;0;T;True;3
1621271145000;11633525;154.302;154.322;154.312;0;T;True;3
1621271146000;11633526;154.302;154.322;154.312;0;T;True;3
1621271147000;11633527;154.302;154.322;154.312;0;T;True;3
1621271148000;11633528;154.302;154.322;154.312;0;T;True;3
1621271149000;11633529;154.302;154.322;154.312;0;T;True;3
1621271150000;11633530;154.302;154.322;154.312;0;T;True;3
1621271151000;11633531;154.302;154.322;154.312;0;T;True;3
1621271152000;11633532;154.302;154.322;154.312;0;T;True;3
1621271153000;11633533;154.302;154.322;154.312;0;T;True;3
1621271154000;11633534;154.302;154.322;154.312;0;T;True;3
1621271155000;11633536;154.303;154.323;154.313;1;T;True;3
1621271156000;11633537;154.303;154.323;154.313;0;T;True;3
1621271157000;11633539;154.302;154.322;154.312;1;T;True;3
1621271158000;11633540;154.302;154.322;154.312;0;T;True;3
1621271159000;11633544;154.303;154.323;154.313;3;T;True;3
1621271160000;11633545;154.303;154.323;154.313;0;T;True;3
1621271161000;11633546;154.303;154.323;154.313;0;T;True;3
1621271162000;11633547;154.303;154.323;154.313;0;T;True;3
1621271163000;11633548;154.303;154.323;154.313;0;T;True;3
1621271164000;11633549;154.303;154.323;154.313;0;T;True;3
1621271165000;11633550;154.303;154.323;154.313;0;T;True;3
1621271166000;11633551;154.303;154.323;154.313;0;T;True;3
1621271167000;11633552;154.303;154.323;154.313;0;T;True;3
1621271168000;11633554;154.305;154.325;154.315;1;T;True;3
1621271169000;11633556;154.303;154.323;154.313;1;T;True;3
1621271170000;11633557;154.303;154.323;154.313;0;T;True;3
1621271171000;11633558;154.303;154.323;154.313;0;T;True;3
1621271172000;11633559;154.303;154.323;154.313;0;T;True;3
1621271173000;11633560;154.303;154.323;154.313;0;T;True;3
1621271174000;11633561;154.303;154.323;154.313;0;T;True;3
1621271175000;11633562;154.303;154.323;154.313;0;T;True;3
1621271176000;11633563;154.303;154.323;154.313;0;T;True;3
1621271177000;11633564;154.303;154.323;154.313;0;T;True;3
1621271178000;11633565;154.303;154.323;154.313;0;T;True;3
1621271179000;11633566;154.303;154.323;154.313;0;T;True;3
1621271180000;11633567;154.303;154.323;154.313;0;T;True;3
1621271181000;11633568;154.303;154.323;154.313;0;T;True;3
1621271182000;11633569;154.303;154.323;154.313;0;T;True;3
1621271183000;11633570;154.303;154.323;154.313;0;T;True;3
1621271184000;11633571;154.303;154.323;154.313;0;T;True;3
1621271185000;11633572;154.303;154.323;154.313;0;T;True;3
1621271186000;11633573;154.303;154.323;154.313;0;T;True;3
1621271187000;11633574;154.303;154.323;154.313;0;T;True;3
1621271188000;11633575;154.303;154.323;154.313;0;T;True;3
1621271189000;11633576;154.303;154.323;154.313;0;T;True;3
1621271190000;11633577;154.303;154.323;154.313;0;T;True;3
1621271191000;11633578;154.303;154.323;154.313;0;T;True;3
1621271192000;11633579;154.303;154.323;154.313;0;T;True;3
1621271193000;11633580;154.303;154.323;154.313;0;T;True;3
1621271194000;11633581;154.303;154.323;154.313;0;T;True;3
1621271195000;11633582;154.303;154.323;154.313;0;T;True;3
1621271196000;11633583;154.303;154.323;154.313;0;T;True;3
1621271197000;11633584;154.303;154.323;154.313;0;T;True;3
1621271198000;11633585;154.303;154.323;154.313;0;T;True;3
1621271199000;11633586;154.303;154.323;154.313;0;T;True;3
1621271200000;11633587;154.303;154.323;154.313;0;T;True;3
1621271201000;11633588;154.303;154.323;154.313;0;T;True;3
1621271202000;11633590;154.302;154.322;154.312;1;T;True;3
1621271203000;11633591;154.302;154.322;154.312;0;T;True;3
1621271204000;11633592;154.302;154.322;154.312;0;T;True;3
1621271205000;11633593;154.302;154.322;154.312;0;T;True;3
1621271206000;11633594;154.302;154.322;154.312;0;T;True;3
1621271207000;11633595;154.302;154.322;154.312;0;T;True;3
1621271208000;11633597;154.303;154.323;154.313;1;T;True;3
1621271209000;11633598;154.303;154.323;154.313;0;T;True;3
1621271210000;11633599;154.303;154.323;154.313;0;T;True;3
1621271211000;11633600;154.303;154.323;154.313;0;T;True;3
1621271212000;11633601;154.303;154.323;154.313;0;T;True;3
1621271213000;11633602;154.303;154.323;154.313;0;T;True;3
1621271214000;11633603;154.303;154.323;154.313;0;T;True;3
1621271215000;11633604;154.303;154.323;154.313;0;T;True;3
1621271216000;11633606;154.302;154.322;154.312;1;T;True;3
1621271217000;11633607;154.302;154.322;154.312;0;T;True;3
1621271218000;11633608;154.302;154.322;154.312;0;T;True;3
1621271219000;11633609;154.302;154.322;154.312;0;T;True;3
1621271220000;11633610;154.302;154.322;154.312;0;T;True;3
1621271221000;11633611;154.302;154.322;154.312;0;T;True;3
1621271222000;11633612;154.302;154.322;154.312;0;T;True;3
1621271223000;11633613;154.302;154.322;154.312;0;T;True;3
1621271224000;11633614;154.302;154.322;154.312;0;T;True;3
1621271225000;11633615;154.302;154.322;154.312;0;T;True;3
1621271226000;11633616;154.302;154.322;154.312;0;T;True;3
1621271227000;11633617;154.302;154.322;154.312;0;T;True;3
1621271228000;11633618;154.302;154.322;154.312;0;T;True;3
1621271229000;11633619;154.302;154.322;154.312;0;T;True;3
1621271230000;11633620;154.302;154.322;154.312;0;T;True;3
1621271231000;11633621;154.302;154.322;154.312;0;T;True;3
1621271232000;11633622;154.302;154.322;154.312;0;T;True;3
1621271233000;11633623;154.302;154.322;154.312;0;T;True;3
1621271234000;11633624;154.302;154.322;154.312;0;T;True;3
1621271235000;11633625;154.302;154.322;154.312;0;T;True;3
1621271236000;11633626;154.302;154.322;154.312;0;T;True;3
1621271237000;11633627;154.302;154.322;154.312;0;T;True;3
1621271238000;11633628;154.302;154.322;154.312;0;T;True;3
1621271239000;11633629;154.302;154.322;154.312;0;T;True;3
1621271240000;11633630;154.302;154.322;154.312;0;T;True;3
1621271241000;11633631;154.302;154.322;154.312;0;T;True;3
1621271242000;11633633;154.301;154.321;154.311;1;T;True;3
1621271243000;11633634;154.301;154.321;154.311;0;T;True;3
1621271244000;11633635;154.301;154.321;154.311;0;T;True;3
1621271245000;11633636;154.301;154.321;154.311;0;T;True;3
1621271246000;11633637;154.301;154.321;154.311;0;T;True;3
1621271247000;11633638;154.301;154.321;154.311;0;T;True;3
1621271248000;11633641;154.294;154.314;154.304;2;T;True;3
1621271249000;11633642;154.294;154.314;154.304;0;T;True;3
1621271250000;11633643;154.294;154.314;154.304;0;T;True;3
1621271251000;11633644;154.294;154.314;154.304;0;T;True;3
1621271252000;11633646;154.293;154.313;154.303;1;T;True;3
1621271253000;11633647;154.293;154.313;154.303;0;T;True;3
1621271254000;11633648;154.293;154.313;154.303;0;T;True;3
1621271255000;11633649;154.293;154.313;154.303;0;T;True;3
1621271256000;11633650;154.293;154.313;154.303;0;T;True;3
1621271257000;11633651;154.293;154.313;154.303;0;T;True;3
1621271258000;11633652;154.293;154.313;154.303;0;T;True;3
1621271259000;11633653;154.293;154.313;154.303;0;T;True;3
1621271260000;11633654;154.293;154.313;154.303;0;T;True;3
1621271261000;11633655;154.293;154.313;154.303;0;T;True;3
1621271262000;11633656;154.293;154.313;154.303;0;T;True;3
1621271263000;11633657;154.293;154.313;154.303;0;T;True;3
1621271264000;11633658;154.293;154.313;154.303;0;T;True;3
1621271265000;11633659;154.293;154.313;154.303;0;T;True;3
1621271266000;11633660;154.293;154.313;154.303;0;T;True;3
1621271267000;11633661;154.293;154.313;154.303;0;T;True;3
1621271268000;11633662;154.293;154.313;154.303;0;T;True;3
1621271269000;11633666;154.287;154.307;154.297;3;T;True;3
1621271270000;11633667;154.287;154.307;154.297;0;T;True;3
1621271271000;11633669;154.286;154.306;154.296;1;T;True;3
1621271272000;11633672;154.284;154.304;154.294;2;T;True;3
1621271273000;11633673;154.284;154.304;154.294;0;T;True;3
1621271274000;11633674;154.284;154.304;154.294;0;T;True;3
1621271275000;11633675;154.284;154.304;154.294;0;T;True;3
1621271276000;11633676;154.284;154.304;154.294;0;T;True;3
1621271277000;11633677;154.284;154.304;154.294;0;T;True;3
1621271278000;11633678;154.284;154.304;154.294;0;T;True;3
1621271279000;11633679;154.284;154.304;154.294;0;T;True;3
1621271280000;11633680;154.284;154.304;154.294;0;T;True;3
1621271281000;11633681;154.284;154.304;154.294;0;T;True;3
1621271282000;11633683;154.285;154.305;154.295;1;T;True;3
1621271283000;11633684;154.285;154.305;154.295;0;T;True;3
1621271284000;11633685;154.285;154.305;154.295;0;T;True;3
1621271285000;11633686;154.285;154.305;154.295;0;T;True;3
1621271286000;11633688;154.287;154.307;154.297;1;T;True;3
1621271287000;11633689;154.287;154.307;154.297;0;T;True;3
1621271288000;11633690;154.287;154.307;154.297;0;T;True;3
1621271289000;11633691;154.287;154.307;154.297;0;T;True;3
1621271290000;11633692;154.287;154.307;154.297;0;T;True;3
1621271291000;11633693;154.287;154.307;154.297;0;T;True;3
1621271292000;11633694;154.287;154.307;154.297;0;T;True;3
1621271293000;11633696;154.285;154.305;154.295;1;T;True;3
1621271294000;11633697;154.285;154.305;154.295;0;T;True;3
1621271295000;11633699;154.286;154.306;154.296;1;T;True;3
1621271296000;11633700;154.286;154.306;154.296;0;T;True;3
1621271297000;11633701;154.286;154.306;154.296;0;T;True;3
1621271298000;11633702;154.286;154.306;154.296;0;T;True;3
1621271299000;11633704;154.285;154.305;154.295;1;T;True;3
1621271300000;11633705;154.285;154.305;154.295;0;T;True;3
1621271301000;11633706;154.285;154.305;154.295;0;T;True;3
1621271302000;11633707;154.285;154.305;154.295;0;T;True;3
1621271303000;11633708;154.285;154.305;154.295;0;T;True;3
1621271304000;11633710;154.286;154.306;154.296;1;T;True;3
1621271305000;11633711;154.286;154.306;154.296;0;T;True;3
1621271306000;11633712;154.286;154.306;154.296;0;T;True;3
1621271307000;11633713;154.286;154.306;154.296;0;T;True;3
1621271308000;11633714;154.286;154.306;154.296;0;T;True;3
1621271309000;11633716;154.287;154.307;154.297;1;T;True;3
1621271310000;11633717;154.287;154.307;154.297;0;T;True;3
1621271311000;11633719;154.291;154.311;154.301;1;T;True;3
1621271312000;11633720;154.291;154.311;154.301;0;T;True;3
1621271313000;11633721;154.291;154.311;154.301;0;T;True;3
1621271314000;11633722;154.291;154.311;154.301;0;T;True;3
1621271315000;11633723;154.291;154.311;154.301;0;T;True;3
1621271316000;11633725;154.292;154.312;154.302;1;T;True;3
1621271317000;11633727;154.293;154.313;154.303;1;T;True;3
1621271318000;11633728;154.293;154.313;154.303;0;T;True;3
1621271319000;11633730;154.292;154.312;154.302;1;T;True;3
1621271320000;11633732;154.291;154.311;154.301;1;T;True;3
1621271321000;11633733;154.291;154.311;154.301;0;T;True;3
1621271322000;11633735;154.29;154.31;154.3;1;T;True;3
1621271323000;11633737;154.291;154.311;154.301;1;T;True;3
1621271324000;11633740;154.297;154.317;154.307;2;T;True;3
1621271325000;11633741;154.297;154.317;154.307;0;T;True;3
1621271326000;11633742;154.297;154.317;154.307;0;T;True;3
1621271327000;11633745;154.299;154.319;154.309;2;T;True;3
1621271328000;11633746;154.299;154.319;154.309;0;T;True;3
1621271329000;11633747;154.299;154.319;154.309;0;T;True;3
1621271330000;11633748;154.299;154.319;154.309;0;T;True;3
1621271331000;11633749;154.299;154.319;154.309;0;T;True;3
1621271332000;11633750;154.299;154.319;154.309;0;T;True;3
1621271333000;11633752;154.298;154.318;154.308;1;T;True;3
1621271334000;11633756;154.291;154.311;154.301;3;T;True;3
1621271335000;11633759;154.295;154.315;154.305;2;T;True;3
1621271336000;11633760;154.295;154.315;154.305;0;T;True;3
1621271337000;11633761;154.295;154.315;154.305;0;T;True;3
1621271338000;11633762;154.295;154.315;154.305;0;T;True;3
1621271339000;11633763;154.295;154.315;154.305;0;T;True;3
1621271340000;11633767;154.293;154.313;154.303;3;T;True;3
1621271341000;11633769;154.291;154.311;154.301;1;T;True;3
1621271342000;11633770;154.291;154.311;154.301;0;T;True;3
1621271343000;11633773;154.291;154.311;154.301;2;T;True;3
1621271344000;11633775;154.292;154.312;154.302;1;T;True;3
1621271345000;11633776;154.292;154.312;154.302;0;T;True;3
1621271346000;11633778;154.291;154.311;154.301;1;T;True;3
1621271347000;11633779;154.291;154.311;154.301;0;T;True;3
1621271348000;11633780;154.291;154.311;154.301;0;T;True;3
1621271349000;11633781;154.291;154.311;154.301;0;T;True;3
