ts;n;bid;ask;value;volume;phase;round;active_id
1621268863000;11630571;154.218;154.238;154.228;0;T;True;3
1621268864000;11630572;154.218;154.238;154.228;0;T;True;3
1621268865000;11630575;154.215;154.235;154.225;2;T;True;3
1621268866000;11630578;154.215;154.235;154.225;2;T;True;3
1621268867000;11630579;154.215;154.235;154.225;0;T;True;3
1621268868000;11630582;154.215;154.235;154.225;2;T;True;3
1621268869000;11630583;154.215;154.235;154.225;0;T;True;3
1621268870000;11630585;154.216;154.236;154.226;1;T;True;3
1621268871000;11630588;154.221;154.241;154.231;2;T;True;3
1621268872000;11630590;154.22;154.24;154.23;1;T;True;3
1621268873000;11630591;154.22;154.24;154.23;0;T;True;3
1621268874000;11630592;154.22;154.24;154.23;0;T;True;3
1621268875000;11630593;154.22;154.24;154.23;0;T;True;3
1621268876000;11630595;154.219;154.239;154.229;1;T;True;3
1621268877000;11630596;154.219;154.239;154.229;0;T;True;3
1621268878000;11630597;154.219;154.239;154.229;0;T;True;3
1621268879000;11630598;154.219;154.239;154.229;0;T;True;3
1621268880000;11630599;154.219;154.239;154.229;0;T;True;3
1621268881000;11630602;154.223;154.243;154.233;2;T;True;3
1621268882000;11630604;154.222;154.242;154.232;1;T;True;3
1621268883000;11630605;154.222;154.242;154.232;0;T;True;3
1621268884000;11630606;154.222;154.242;154.232;0;T;True;3
1621268885000;11630607;154.222;154.242;154.232;0;T;True;3
1621268886000;11630608;154.222;154.242;154.232;0;T;True;3
1621268887000;11630610;154.221;154.241;154.231;1;T;True;3
1621268888000;11630612;154.223;154.243;154.233;1;T;True;3
1621268889000;11630613;154.223;154.243;154.233;0;T;True;3
1621268890000;11630614;154.223;154.243;154.233;0;T;True;3
1621268891000;11630616;154.225;154.245;154.235;1;T;True;3
1621268892000;11630617;154.225;154.245;154.235;0;T;True;3
1621268893000;11630618;154.225;154.245;154.235;0;T;True;3
1621268894000;11630620;154.223;154.243;154.233;1;T;True;3
1621268895000;11630622;154.224;154.244;154.234;1;T;True;3
1621268896000;11630624;154.223;154.243;154.233;1;T;True;3
1621268897000;11630625;154.223;154.243;154.233;0;T;True;3
1621268898000;11630626;154.223;154.243;154.233;0;T;True;3
1621268899000;11630627;154.223;154.243;154.233;0;T;True;3
1621268900000;11630629;154.218;154.238;154.228;1;T;True;3
1621268901000;11630631;154.219;154.239;154.229;1;T;True;3
1621268902000;11630632;154.219;154.239;154.229;0;T;True;3
1621268903000;11630633;154.219;154.239;154.229;0;T;True;3
1621268904000;11630634;154.219;154.239;154.229;0;T;True;3
1621268905000;11630635;154.219;154.239;154.229;0;T;True;3
1621268906000;11630636;154.219;154.239;154.229;0;T;True;3
1621268907000;11630638;154.22;154.24;154.23;1;T;True;3
1621268908000;11630639;154.22;154.24;154.23;0;T;True;3
1621268909000;11630641;154.222;154.242;154.232;1;T;True;3
1621268910000;11630642;154.222;154.242;154.232;0;T;True;3
1621268911000;11630645;154.223;154.243;154.233;2;T;True;3
1621268912000;11630646;154.223;154.243;154.233;0;T;True;3
1621268913000;11630647;154.223;154.243;154.233;0;T;True;3
1621268914000;11630648;154.223;154.243;154.233;0;T;True;3
1621268915000;11630649;154.223;154.243;154.233;0;T;True;3
1621268916000;11630651;154.221;154.241;154.231;1;T;True;3
1621268917000;11630653;154.22;154.24;154.23;1;T;True;3
1621268918000;11630654;154.22;154.24;154.23;0;T;True;3
1621268919000;11630655;154.22;154.24;154.23;0;T;True;3
1621268920000;11630656;154.22;154.24;154.23;0;T;True;3
1621268921000;11630658;154.221;154.241;154.231;1;T;True;3
1621268922000;11630660;154.223;154.243;154.233;1;T;True;3
1621268923000;11630661;154.223;154.243;154.233;0;T;True;3
1621268924000;11630663;154.224;154.244;154.234;1;T;True;3
1621268925000;11630664;154.224;154.244;154.234;0;T;True;3
1621268926000;11630665;154.224;154.244;154.234;0;T;True;3
1621268927000;11630667;154.225;154.245;154.235;1;T;True;3
1621268928000;11630668;154.225;154.245;154.235;0;T;True;3
1621268929000;11630672;154.228;154.248;154.238;3;T;True;3
1621268930000;11630673;154.228;154.248;154.238;0;T;True;3
1621268931000;11630674;154.228;154.248;154.238;0;T;True;3
1621268932000;11630675;154.228;154.248;154.238;0;T;True;3
1621268933000;11630676;154.228;154.248;154.238;0;T;True;3
1621268934000;11630678;154.229;154.249;154.239;1;T;True;3
1621268935000;11630679;154.229;154.249;154.239;0;T;True;3
1621268936000;11630684;154.218;154.238;154.228;4;T;True;3
1621268937000;11630685;154.218;154.238;154.228;0;T;True;3
1621268938000;11630686;154.218;154.238;154.228;0;T;True;3
1621268939000;11630688;154.219;154.239;154.229;1;T;True;3
1621268940000;11630689;154.219;154.239;154.229;0;T;True;3
1621268941000;11630692;154.223;154.243;154.233;2;T;True;3
1621268942000;11630693;154.223;154.243;154.233;0;T;True;3
1621268943000;11630696;154.227;154.247;154.237;2;T;True;3
1621268944000;11630697;154.227;154.247;154.237;0;T;True;3
1621268945000;11630698;154.227;154.247;154.237;0;T;True;3
1621268946000;11630699;154.227;154.247;154.237;0;T;True;3
1621268947000;11630700;154.227;154.247;154.237;0;T;True;3
1621268948000;11630701;154.227;154.247;154.237;0;T;True;3
1621268949000;11630702;154.227;154.247;154.237;0;T;True;3
1621268950000;11630703;154.227;154.247;154.237;0;T;True;3
1621268951000;11630704;154.227;154.247;154.237;0;T;True;3
1621268952000;11630705;154.227;154.247;154.237;0;T;True;3
1621268953000;11630706;154.227;154.247;154.237;0;T;True;3
1621268954000;11630707;154.227;154.247;154.237;0;T;True;3
1621268955000;11630708;154.227;154.247;154.237;0;T;True;3
1621268956000;11630711;154.227;154.247;154.237;2;T;True;3
1621268957000;11630712;154.227;154.247;154.237;0;T;True;3
1621268958000;11630713;154.227;154.247;154.237;0;T;True;3
1621268959000;11630714;154.227;154.247;154.237;0;T;True;3
1621268960000;11630715;154.227;154.247;154.237;0;T;True;3
1621268961000;11630716;154.227;154.247;154.237;0;T;True;3
1621268962000;11630717;154.227;154.247;154.237;0;T;True;3
1621268963000;11630718;154.227;154.247;154.237;0;T;True;3
1621268964000;11630719;154.227;154.247;154.237;0;T;True;3
1621268965000;11630720;154.227;154.247;154.237;0;T;True;3
1621268966000;11630721;154.227;154.247;154.237;0;T;True;3
1621268967000;11630722;154.227;154.247;154.237;0;T;True;3
1621268968000;11630723;154.227;154.247;154.237;0;T;True;3
1621268969000;11630726;154.227;154.247;154.237;2;T;True;3
1621268970000;11630727;154.227;154.247;154.237;0;T;True;3
1621268971000;11630728;154.227;154.247;154.237;0;T;True;3
1621268972000;11630729;154.227;154.247;154.237;0;T;True;3
1621268973000;11630730;154.227;154.247;154.237;0;T;True;3
1621268974000;11630731;154.227;154.247;154.237;0;T;True;3
1621268975000;11630732;154.227;154.247;154.237;0;T;True;3
1621268976000;11630733;154.227;154.247;154.237;0;T;True;3
1621268977000;11630736;154.227;154.247;154.237;2;T;True;3
1621268978000;11630737;154.227;154.247;154.237;0;T;True;3
1621268979000;11630738;154.227;154.247;154.237;0;T;True;3
1621268980000;11630739;154.227;154.247;154.237;0;T;True;3
1621268981000;11630743;154.221;154.241;154.231;3;T;True;3
1621268982000;11630744;154.221;154.241;154.231;0;T;True;3
1621268983000;11630745;154.221;154.241;154.231;0;T;True;3
1621268984000;11630746;154.221;154.241;154.231;0;T;True;3
1621268985000;11630747;154.221;154.241;154.231;0;T;True;3
1621268986000;11630749;154.222;154.242;154.232;1;T;True;3
1621268987000;11630750;154.222;154.242;154.232;0;T;True;3
1621268988000;11630751;154.222;154.242;154.232;0;T;True;3
1621268989000;11630752;154.222;154.242;154.232;0;T;True;3
1621268990000;11630753;154.222;154.242;154.232;0;T;True;3
1621268991000;11630754;154.222;154.242;154.232;0;T;True;3
1621268992000;11630755;154.222;154.242;154.232;0;T;True;3
1621268993000;11630756;154.222;154.242;154.232;0;T;True;3
1621268994000;11630757;154.222;154.242;154.232;0;T;True;3
1621268995000;11630758;154.222;154.242;154.232;0;T;True;3
1621268996000;11630759;154.222;154.242;154.232;0;T;True;3
1621268997000;11630760;154.222;154.242;154.232;0;T;True;3
1621268998000;11630761;154.222;154.242;154.232;0;T;True;3
1621268999000;11630762;154.222;154.242;154.232;0;T;True;3
1621269000000;11630763;154.222;154.242;154.232;0;T;True;3
1621269001000;11630765;154.221;154.241;154.231;1;T;True;3
1621269002000;11630766;154.221;154.241;154.231;0;T;True;3
1621269003000;11630767;154.221;154.241;154.231;0;T;True;3
1621269004000;11630768;154.221;154.241;154.231;0;T;True;3
1621269005000;11630769;154.221;154.241;154.231;0;T;True;3
1621269006000;11630770;154.221;154.241;154.231;0;T;True;3
1621269007000;11630771;154.221;154.241;154.231;0;T;True;3
1621269008000;11630772;154.221;154.241;154.231;0;T;True;3
1621269009000;11630773;154.221;154.241;154.231;0;T;True;3
1621269010000;11630774;154.221;154.241;154.231;0;T;True;3
1621269011000;11630775;154.221;154.241;154.231;0;T;True;3
1621269012000;11630776;154.221;154.241;154.231;0;T;True;3
1621269013000;11630777;154.221;154.241;154.231;0;T;True;3
1621269014000;11630778;154.221;154.241;154.231;0;T;True;3
1621269015000;11630779;154.221;154.241;154.231;0;T;True;3
1621269016000;11630780;154.221;154.241;154.231;0;T;True;3
1621269017000;11630781;154.221;154.241;154.231;0;T;True;3
1621269018000;11630782;154.221;154.241;154.231;0;T;True;3
1621269019000;11630783;154.221;154.241;154.231;0;T;True;3
1621269020000;11630784;154.221;154.241;154.231;0;T;True;3
1621269021000;11630785;154.221;154.241;154.231;0;T;True;3
1621269022000;11630786;154.221;154.241;154.231;0;T;True;3
1621269023000;11630787;154.221;154.241;154.231;0;T;True;3
1621269024000;11630788;154.221;154.241;154.231;0;T;True;3
1621269025000;11630789;154.221;154.241;154.231;0;T;True;3
1621269026000;11630790;154.221;154.241;154.231;0;T;True;3
1621269027000;11630791;154.221;154.241;154.231;0;T;True;3
1621269028000;11630792;154.221;154.241;154.231;0;T;True;3
1621269029000;11630793;154.221;154.241;154.231;0;T;True;3
1621269030000;11630794;154.221;154.241;154.231;0;T;True;3
1621269031000;11630796;154.219;154.239;154.229;1;T;True;3
1621269032000;11630797;154.219;154.239;154.229;0;T;True;3
1621269033000;11630799;154.218;154.238;154.228;1;T;True;3
1621269034000;11630800;154.218;154.238;154.228;0;T;True;3
1621269035000;11630801;154.218;154.238;154.228;0;T;True;3
1621269036000;11630803;154.219;154.239;154.229;1;T;True;3
1621269037000;11630804;154.219;154.239;154.229;0;T;True;3
1621269038000;11630805;154.219;154.239;154.229;0;T;True;3
1621269039000;11630806;154.219;154.239;154.229;0;T;True;3
1621269040000;11630807;154.219;154.239;154.229;0;T;True;3
1621269041000;11630809;154.218;154.238;154.228;1;T;True;3
1621269042000;11630810;154.218;154.238;154.228;0;T;True;3
1621269043000;11630811;154.218;154.238;154.228;0;T;True;3
1621269044000;11630813;154.22;154.24;154.23;1;T;True;3
1621269045000;11630814;154.22;154.24;154.23;0;T;True;3
1621269046000;11630815;154.22;154.24;154.23;0;T;True;3
1621269047000;11630816;154.22;154.24;154.23;0;T;True;3
1621269048000;11630817;154.22;154.24;154.23;0;T;True;3
1621269049000;11630818;154.22;154.24;154.23;0;T;True;3
1621269050000;11630821;154.22;154.24;154.23;2;T;True;3
1621269051000;11630822;154.22;154.24;154.23;0;T;True;3
1621269052000;11630823;154.22;154.24;154.23;0;T;True;3
1621269053000;11630824;154.22;154.24;154.23;0;T;True;3
1621269054000;11630825;154.22;154.24;154.23;0;T;True;3
1621269055000;11630826;154.22;154.24;154.23;0;T;True;3
1621269056000;11630827;154.22;154.24;154.23;0;T;True;3
1621269057000;11630828;154.22;154.24;154.23;0;T;True;3
1621269058000;11630829;154.22;154.24;154.23;0;T;True;3
1621269059000;11630830;154.22;154.24;154.23;0;T;True;3
1621269060000;11630831;154.22;154.24;154.23;0;T;True;3
1621269061000;11630832;154.22;154.24;154.23;0;T;True;3
1621269062000;11630833;154.22;154.24;154.23;0;T;True;3
1621269063000;11630834;154.22;154.24;154.23;0;T;True;3
1621269064000;11630835;154.22;154.24;154.23;0;T;True;3
1621269065000;11630837;154.216;154.236;154.226;1;T;True;3
1621269066000;11630839;154.218;154.238;154.228;1;T;True;3
1621269067000;11630840;154.218;154.238;154.228;0;T;True;3
1621269068000;11630841;154.218;154.238;154.228;0;T;True;3
1621269069000;11630842;154.218;154.238;154.228;0;T;True;3
1621269070000;11630843;154.218;154.238;154.228;0;T;True;3
1621269071000;11630844;154.218;154.238;154.228;0;T;True;3
1621269072000;11630845;154.218;154.238;154.228;0;T;True;3
1621269073000;11630846;154.218;154.238;154.228;0;T;True;3
1621269074000;11630847;154.218;154.238;154.228;0;T;True;3
1621269075000;11630848;154.218;154.238;154.228;0;T;True;3
1621269076000;11630849;154.218;154.238;154.228;0;T;True;3
1621269077000;11630851;154.219;154.239;154.229;1;T;True;3
1621269078000;11630853;154.221;154.241;154.231;1;T;True;3
1621269079000;11630854;154.221;154.241;154.231;0;T;True;3
1621269080000;11630858;154.216;154.236;154.226;3;T;True;3
1621269081000;11630859;154.216;154.236;154.226;0;T;True;3
1621269082000;11630860;154.216;154.236;154.226;0;T;True;3
1621269083000;11630862;154.217;154.237;154.227;1;T;True;3
1621269084000;11630863;154.217;154.237;154.227;0;T;True;3
1621269085000;11630864;154.217;154.237;154.227;0;T;True;3
1621269086000;11630865;154.217;154.237;154.227;0;T;True;3
1621269087000;11630866;154.217;154.237;154.227;0;T;True;3
1621269088000;11630867;154.217;154.237;154.227;0;T;True;3
1621269089000;11630868;154.217;154.237;154.227;0;T;True;3
1621269090000;11630869;154.217;154.237;154.227;0;T;True;3
1621269091000;11630870;154.217;154.237;154.227;0;T;True;3
1621269092000;11630871;154.217;154.237;154.227;0;T;True;3
1621269093000;11630872;154.217;154.237;154.227;0;T;True;3
1621269094000;11630873;154.217;154.237;154.227;0;T;True;3
1621269095000;11630874;154.217;154.237;154.227;0;T;True;3
1621269096000;11630875;154.217;154.237;154.227;0;T;True;3
1621269097000;11630876;154.217;154.237;154.227;0;T;True;3
1621269098000;11630877;154.217;154.237;154.227;0;T;True;3
1621269099000;11630878;154.217;154.237;154.227;0;T;True;3
1621269100000;11630879;154.217;154.237;154.227;0;T;True;3
1621269101000;11630880;154.217;154.237;154.227;0;T;True;3
1621269102000;11630881;154.217;154.237;154.227;0;T;True;3
1621269103000;11630882;154.217;154.237;154.227;0;T;True;3
1621269104000;11630883;154.217;154.237;154.227;0;T;True;3
1621269105000;11630884;154.217;154.237;154.227;0;T;True;3
1621269106000;11630885;154.217;154.237;154.227;0;T;True;3
1621269107000;11630886;154.217;154.237;154.227;0;T;True;3
1621269108000;11630887;154.217;154.237;154.227;0;T;True;3
1621269109000;11630888;154.217;154.237;154.227;0;T;True;3
1621269110000;11630889;154.217;154.237;154.227;0;T;True;3
1621269111000;11630891;154.216;154.236;154.226;1;T;True;3
1621269112000;11630893;154.215;154.235;154.225;1;T;True;3
1621269113000;11630894;154.215;154.235;154.225;0;T;True;3
1621269114000;11630895;154.215;154.235;154.225;0;T;True;3
1621269115000;11630896;154.215;154.235;154.225;0;T;True;3
1621269116000;11630897;154.215;154.235;154.225;0;T;True;3
1621269117000;11630898;154.215;154.235;154.225;0;T;True;3
1621269118000;11630899;154.215;154.235;154.225;0;T;True;3
1621269119000;11630900;154.215;154.235;154.225;0;T;True;3
1621269120000;11630902;154.216;154.236;154.226;1;T;True;3
1621269121000;11630903;154.216;154.236;154.226;0;T;True;3
1621269122000;11630904;154.216;154.236;154.226;0;T;True;3
1621269123000;11630905;154.216;154.236;154.226;0;T;True;3
1621269124000;11630906;154.216;154.236;154.226;0;T;True;3
1621269125000;11630907;154.216;154.236;154.226;0;T;True;3
1621269126000;11630908;154.216;154.236;154.226;0;T;True;3
1621269127000;11630909;154.216;154.236;154.226;0;T;True;3
1621269128000;11630910;154.216;154.236;154.226;0;T;True;3
1621269129000;11630911;154.216;154.236;154.226;0;T;True;3
1621269130000;11630912;154.216;154.236;154.226;0;T;True;3
1621269131000;11630914;154.215;154.235;154.225;1;T;True;3
1621269132000;11630915;154.215;154.235;154.225;0;T;True;3
1621269133000;11630916;154.215;154.235;154.225;0;T;True;3
1621269134000;11630917;154.215;154.235;154.225;0;T;True;3
1621269135000;11630923;154.22;154.24;154.23;5;T;True;3
1621269136000;11630926;154.22;154.24;154.23;2;T;True;3
1621269137000;11630929;154.217;154.237;154.227;2;T;True;3
1621269138000;11630930;154.217;154.237;154.227;0;T;True;3
1621269139000;11630931;154.217;154.237;154.227;0;T;True;3
1621269140000;11630933;154.216;154.236;154.226;1;T;True;3
1621269141000;11630934;154.216;154.236;154.226;0;T;True;3
1621269142000;11630936;154.215;154.235;154.225;1;T;True;3
1621269143000;11630937;154.215;154.235;154.225;0;T;True;3
1621269144000;11630938;154.215;154.235;154.225;0;T;True;3
1621269145000;11630939;154.215;154.235;154.225;0;T;True;3
1621269146000;11630940;154.215;154.235;154.225;0;T;True;3
1621269147000;11630941;154.215;154.235;154.225;0;T;True;3
1621269148000;11630945;154.207;154.227;154.217;3;T;True;3
1621269149000;11630946;154.207;154.227;154.217;0;T;True;3
1621269150000;11630947;154.207;154.227;154.217;0;T;True;3
1621269151000;11630949;154.212;154.232;154.222;1;T;True;3
1621269152000;11630951;154.213;154.233;154.223;1;T;True;3
1621269153000;11630953;154.212;154.232;154.222;1;T;True;3
1621269154000;11630954;154.212;154.232;154.222;0;T;True;3
1621269155000;11630955;154.212;154.232;154.222;0;T;True;3
1621269156000;11630956;154.212;154.232;154.222;0;T;True;3
1621269157000;11630958;154.213;154.233;154.223;1;T;True;3
1621269158000;11630960;154.215;154.235;154.225;1;T;True;3
1621269159000;11630961;154.215;154.235;154.225;0;T;True;3
1621269160000;11630962;154.215;154.235;154.225;0;T;True;3
1621269161000;11630963;154.215;154.235;154.225;0;T;True;3
1621269162000;11630964;154.215;154.235;154.225;0;T;True;3
1621269163000;11630965;154.215;154.235;154.225;0;T;True;3
1621269164000;11630966;154.215;154.235;154.225;0;T;True;3
1621269165000;11630967;154.215;154.235;154.225;0;T;True;3
1621269166000;11630969;154.213;154.233;154.223;1;T;True;3
1621269167000;11630970;154.213;154.233;154.223;0;T;True;3
1621269168000;11630971;154.213;154.233;154.223;0;T;True;3
1621269169000;11630972;154.213;154.233;154.223;0;T;True;3
1621269170000;11630973;154.213;154.233;154.223;0;T;True;3
1621269171000;11630974;154.213;154.233;154.223;0;T;True;3
1621269172000;11630975;154.213;154.233;154.223;0;T;True;3
1621269173000;11630976;154.213;154.233;154.223;0;T;True;3
1621269174000;11630978;154.215;154.235;154.225;1;T;True;3
1621269175000;11630979;154.215;154.235;154.225;0;T;True;3
1621269176000;11630980;154.215;154.235;154.225;0;T;True;3
1621269177000;11630981;154.215;154.235;154.225;0;T;True;3
1621269178000;11630982;154.215;154.235;154.225;0;T;True;3
1621269179000;11630983;154.215;154.235;154.225;0;T;True;3
1621269180000;11630984;154.215;154.235;154.225;0;T;True;3
1621269181000;11630985;154.215;154.235;154.225;0;T;True;3
1621269182000;11630986;154.215;154.235;154.225;0;T;True;3
1621269183000;11630987;154.215;154.235;154.225;0;T;True;3
1621269184000;11630988;154.215;154.235;154.225;0;T;True;3
1621269185000;11630989;154.215;154.235;154.225;0;T;True;3
1621269186000;11630990;154.215;154.235;154.225;0;T;True;3
1621269187000;11630991;154.215;154.235;154.225;0;T;True;3
1621269188000;11630992;154.215;154.235;154.225;0;T;True;3
1621269189000;11630993;154.215;154.235;154.225;0;T;True;3
1621269190000;11630995;154.214;154.234;154.224;1;T;True;3
1621269191000;11630996;154.214;154.234;154.224;0;T;True;3
1621269192000;11630997;154.214;154.234;154.224;0;T;True;3
1621269193000;11630998;154.214;154.234;154.224;0;T;True;3
1621269194000;11630999;154.214;154.234;154.224;0;T;True;3
1621269195000;11631000;154.214;154.234;154.224;0;T;True;3
1621269196000;11631001;154.214;154.234;154.224;0;T;True;3
1621269197000;11631002;154.214;154.234;154.224;0;T;True;3
1621269198000;11631003;154.214;154.234;154.224;0;T;True;3
1621269199000;11631004;154.214;154.234;154.224;0;T;True;3
1621269200000;11631005;154.214;154.234;154.224;0;T;True;3
1621269201000;11631006;154.214;154.234;154.224;0;T;True;3
1621269202000;11631007;154.214;154.234;154.224;0;T;True;3
1621269203000;11631008;154.214;154.234;154.224;0;T;True;3
1621269204000;11631009;154.214;154.234;154.224;0;T;True;3
1621269205000;11631010;154.214;154.234;154.224;0;T;True;3
1621269206000;11631011;154.214;154.234;154.224;0;T;True;3
1621269207000;11631012;154.214;154.234;154.224;0;T;True;3
1621269208000;11631013;154.214;154.234;154.224;0;T;True;3
1621269209000;11631014;154.214;154.234;154.224;0;T;True;3
1621269210000;11631015;154.214;154.234;154.224;0;T;True;3
1621269211000;11631016;154.214;154.234;154.224;0;T;True;3
1621269212000;11631017;154.214;154.234;154.224;0;T;True;3
1621269213000;11631018;154.214;154.234;154.224;0;T;True;3
1621269214000;11631020;154.215;154.235;154.225;1;T;True;3
1621269215000;11631021;154.215;154.235;154.225;0;T;True;3
1621269216000;11631022;154.215;154.235;154.225;0;T;True;3
1621269217000;11631023;154.215;154.235;154.225;0;T;True;3
1621269218000;11631024;154.215;154.235;154.225;0;T;True;3
1621269219000;11631025;154.215;154.235;154.225;0;T;True;3
1621269220000;11631026;154.215;154.235;154.225;0;T;True;3
1621269221000;11631027;154.215;154.235;154.225;0;T;True;3
1621269222000;11631028;154.215;154.235;154.225;0;T;True;3
1621269223000;11631029;154.215;154.235;154.225;0;T;True;3
1621269224000;11631030;154.215;154.235;154.225;0;T;True;3
1621269225000;11631031;154.215;154.235;154.225;0;T;True;3
1621269226000;11631032;154.215;154.235;154.225;0;T;True;3
1621269227000;11631034;154.216;154.236;154.226;1;T;True;3
1621269228000;11631035;154.216;154.236;154.226;0;T;True;3
1621269229000;11631036;154.216;154.236;154.226;0;T;True;3
1621269230000;11631037;154.216;154.236;154.226;0;T;True;3
1621269231000;11631038;154.216;154.236;154.226;0;T;True;3
1621269232000;11631039;154.216;154.236;154.226;0;T;True;3
1621269233000;11631040;154.216;154.236;154.226;0;T;True;3
1621269234000;11631041;154.216;154.236;154.226;0;T;True;3
1621269235000;11631042;154.216;154.236;154.226;0;T;True;3
1621269236000;11631043;154.216;154.236;154.226;0;T;True;3
1621269237000;11631044;154.216;154.236;154.226;0;T;True;3
1621269238000;11631047;154.221;154.241;154.231;2;T;True;3
1621269239000;11631049;154.222;154.242;154.232;1;T;True;3
1621269240000;11631050;154.222;154.242;154.232;0;T;True;3
1621269241000;11631051;154.222;154.242;154.232;0;T;True;3
1621269242000;11631053;154.223;154.243;154.233;1;T;True;3
1621269243000;11631055;154.225;154.245;154.235;1;T;True;3
1621269244000;11631056;154.225;154.245;154.235;0;T;True;3
1621269245000;11631057;154.225;154.245;154.235;0;T;True;3
1621269246000;11631058;154.225;154.245;154.235;0;T;True;3
1621269247000;11631059;154.225;154.245;154.235;0;T;True;3
1621269248000;11631060;154.225;154.245;154.235;0;T;True;3
1621269249000;11631061;154.225;154.245;154.235;0;T;True;3
1621269250000;11631063;154.226;154.246;154.236;1;T;True;3
1621269251000;11631064;154.226;154.246;154.236;0;T;True;3
1621269252000;11631068;154.233;154.253;154.243;3;T;True;3
1621269253000;11631070;154.234;154.254;154.244;1;T;True;3
1621269254000;11631072;154.235;154.255;154.245;1;T;True;3
1621269255000;11631073;154.235;154.255;154.245;0;T;True;3
1621269256000;11631074;154.235;154.255;154.245;0;T;True;3
1621269257000;11631075;154.235;154.255;154.245;0;T;True;3
1621269258000;11631076;154.235;154.255;154.245;0;T;True;3
1621269259000;11631077;154.235;154.255;154.245;0;T;True;3
1621269260000;11631079;154.232;154.252;154.242;1;T;True;3
1621269261000;11631080;154.232;154.252;154.242;0;T;True;3
1621269262000;11631081;154.232;154.252;154.242;0;T;True;3
1621269263000;11631082;154.232;154.252;154.242;0;T;True;3
1621269264000;11631083;154.232;154.252;154.242;0;T;True;3
1621269265000;11631084;154.232;154.252;154.242;0;T;True;3
1621269266000;11631085;154.232;154.252;154.242;0;T;True;3
1621269267000;11631086;154.232;154.252;154.242;0;T;True;3
1621269268000;11631087;154.232;154.252;154.242;0;T;True;3
1621269269000;11631088;154.232;154.252;154.242;0;T;True;3
1621269270000;11631089;154.232;154.252;154.242;0;T;True;3
1621269271000;11631090;154.232;154.252;154.242;0;T;True;3
1621269272000;11631091;154.232;154.252;154.242;0;T;True;3
1621269273000;11631092;154.232;154.252;154.242;0;T;True;3
1621269274000;11631093;154.232;154.252;154.242;0;T;True;3
1621269275000;11631094;154.232;154.252;154.242;0;T;True;3
1621269276000;11631095;154.232;154.252;154.242;0;T;True;3
1621269277000;11631096;154.232;154.252;154.242;0;T;True;3
1621269278000;11631097;154.232;154.252;154.242;0;T;True;3
1621269279000;11631098;154.232;154.252;154.242;0;T;True;3
1621269280000;11631099;154.232;154.252;154.242;0;T;True;3
1621269281000;11631100;154.232;154.252;154.242;0;T;True;3
1621269282000;11631101;154.232;154.252;154.242;0;T;True;3
1621269283000;11631102;154.232;154.252;154.242;0;T;True;3
1621269284000;11631103;154.232;154.252;154.242;0;T;True;3
1621269285000;11631105;154.228;154.248;154.238;1;T;True;3
1621269286000;11631107;154.229;154.249;154.239;1;T;True;3
1621269287000;11631109;154.232;154.252;154.242;1;T;True;3
1621269288000;11631110;154.232;154.252;154.242;0;T;True;3
1621269289000;11631111;154.232;154.252;154.242;0;T;True;3
1621269290000;11631112;154.232;154.252;154.242;0;T;True;3
1621269291000;11631113;154.232;154.252;154.242;0;T;True;3
1621269292000;11631114;154.232;154.252;154.242;0;T;True;3
1621269293000;11631115;154.232;154.252;154.242;0;T;True;3
1621269294000;11631116;154.232;154.252;154.242;0;T;True;3
1621269295000;11631118;154.233;154.253;154.243;1;T;True;3
1621269296000;11631120;154.234;154.254;154.244;1;T;True;3
1621269297000;11631122;154.235;154.255;154.245;1;T;True;3
1621269298000;11631123;154.235;154.255;154.245;0;T;True;3
1621269299000;11631124;154.235;154.255;154.245;0;T;True;3
1621269300000;11631125;154.235;154.255;154.245;0;T;True;3
1621269301000;11631126;154.235;154.255;154.245;0;T;True;3
1621269302000;11631127;154.235;154.255;154.245;0;T;True;3
1621269303000;11631128;154.235;154.255;154.245;0;T;True;3
1621269304000;11631129;154.235;154.255;154.245;0;T;True;3
1621269305000;11631130;154.235;154.255;154.245;0;T;True;3
1621269306000;11631131;154.235;154.255;154.245;0;T;True;3
1621269307000;11631133;154.237;154.257;154.247;1;T;True;3
1621269308000;11631134;154.237;154.257;154.247;0;T;True;3
1621269309000;11631135;154.237;154.257;154.247;0;T;True;3
1621269310000;11631136;154.237;154.257;154.247;0;T;True;3
1621269311000;11631137;154.237;154.257;154.247;0;T;True;3
1621269312000;11631138;154.237;154.257;154.247;0;T;True;3
1621269313000;11631139;154.237;154.257;154.247;0;T;True;3
1621269314000;11631140;154.237;154.257;154.247;0;T;True;3
1621269315000;11631141;154.237;154.257;154.247;0;T;True;3
1621269316000;11631142;154.237;154.257;154.247;0;T;True;3
1621269317000;11631143;154.237;154.257;154.247;0;T;True;3
1621269318000;11631145;154.24;154.26;154.25;1;T;True;3
1621269319000;11631146;154.24;154.26;154.25;0;T;True;3
1621269320000;11631147;154.24;154.26;154.25;0;T;True;3
1621269321000;11631150;154.242;154.262;154.252;2;T;True;3
1621269322000;11631151;154.242;154.262;154.252;0;T;True;3
1621269323000;11631152;154.242;154.262;154.252;0;T;True;3
1621269324000;11631153;154.242;154.262;154.252;0;T;True;3
1621269325000;11631154;154.242;154.262;154.252;0;T;True;3
1621269326000;11631155;154.242;154.262;154.252;0;T;True;3
1621269327000;11631158;154.247;154.267;154.257;2;T;True;3
1621269328000;11631161;154.247;154.267;154.257;2;T;True;3
1621269329000;11631163;154.245;154.265;154.255;1;T;True;3
1621269330000;11631164;154.245;154.265;154.255;0;T;True;3
1621269331000;11631165;154.245;154.265;154.255;0;T;True;3
1621269332000;11631166;154.245;154.265;154.255;0;T;True;3
1621269333000;11631167;154.245;154.265;154.255;0;T;True;3
1621269334000;11631170;154.249;154.269;154.259;2;T;True;3
1621269335000;11631171;154.249;154.269;154.259;0;T;True;3
1621269336000;11631172;154.249;154.269;154.259;0;T;True;3
1621269337000;11631173;154.249;154.269;154.259;0;T;True;3
1621269338000;11631175;154.248;154.268;154.258;1;T;True;3
1621269339000;11631178;154.241;154.261;154.251;2;T;True;3
1621269340000;11631180;154.24;154.26;154.25;1;T;True;3
1621269341000;11631181;154.24;154.26;154.25;0;T;True;3
1621269342000;11631183;154.241;154.261;154.251;1;T;True;3
1621269343000;11631184;154.241;154.261;154.251;0;T;True;3
1621269344000;11631186;154.24;154.26;154.25;1;T;True;3
1621269345000;11631187;154.24;154.26;154.25;0;T;True;3
1621269346000;11631188;154.24;154.26;154.25;0;T;True;3
1621269347000;11631189;154.24;154.26;154.25;0;T;True;3
1621269348000;11631191;154.239;154.259;154.249;1;T;True;3
1621269349000;11631192;154.239;154.259;154.249;0;T;True;3
1621269350000;11631193;154.239;154.259;154.249;0;T;True;3
1621269351000;11631194;154.239;154.259;154.249;0;T;True;3
1621269352000;11631195;154.239;154.259;154.249;0;T;True;3
1621269353000;11631196;154.239;154.259;154.249;0;T;True;3
1621269354000;11631197;154.239;154.259;154.249;0;T;True;3
1621269355000;11631198;154.239;154.259;154.249;0;T;True;3
1621269356000;11631200;154.237;154.257;154.247;1;T;True;3
1621269357000;11631202;154.239;154.259;154.249;1;T;True;3
1621269358000;11631203;154.239;154.259;154.249;0;T;True;3
1621269359000;11631204;154.239;154.259;154.249;0;T;True;3
1621269360000;11631205;154.239;154.259;154.249;0;T;True;3
1621269361000;11631206;154.239;154.259;154.249;0;T;True;3
1621269362000;11631207;154.239;154.259;154.249;0;T;True;3
1621269363000;11631208;154.239;154.259;154.249;0;T;True;3
1621269364000;11631209;154.239;154.259;154.249;0;T;True;3
1621269365000;11631210;154.239;154.259;154.249;0;T;True;3
1621269366000;11631211;154.239;154.259;154.249;0;T;True;3
1621269367000;11631213;154.241;154.261;154.251;1;T;True;3
1621269368000;11631214;154.241;154.261;154.251;0;T;True;3
1621269369000;11631217;154.245;154.265;154.255;2;T;True;3
1621269370000;11631219;154.243;154.263;154.253;1;T;True;3
1621269371000;11631221;154.241;154.261;154.251;1;T;True;3
1621269372000;11631222;154.241;154.261;154.251;0;T;True;3
1621269373000;11631223;154.241;154.261;154.251;0;T;True;3
1621269374000;11631224;154.241;154.261;154.251;0;T;True;3
1621269375000;11631226;154.242;154.262;154.252;1;T;True;3
1621269376000;11631227;154.242;154.262;154.252;0;T;True;3
1621269377000;11631228;154.242;154.262;154.252;0;T;True;3
1621269378000;11631229;154.242;154.262;154.252;0;T;True;3
1621269379000;11631230;154.242;154.262;154.252;0;T;True;3
1621269380000;11631231;154.242;154.262;154.252;0;T;True;3
1621269381000;11631232;154.242;154.262;154.252;0;T;True;3
1621269382000;11631233;154.242;154.262;154.252;0;T;True;3
1621269383000;11631234;154.242;154.262;154.252;0;T;True;3
1621269384000;11631236;154.241;154.261;154.251;1;T;True;3
1621269385000;11631237;154.241;154.261;154.251;0;T;True;3
1621269386000;11631238;154.241;154.261;154.251;0;T;True;3
1621269387000;11631239;154.241;154.261;154.251;0;T;True;3
1621269388000;11631240;154.241;154.261;154.251;0;T;True;3
1621269389000;11631241;154.241;154.261;154.251;0;T;True;3
1621269390000;11631242;154.241;154.261;154.251;0;T;True;3
1621269391000;11631243;154.241;154.261;154.251;0;T;True;3
1621269392000;11631244;154.241;154.261;154.251;0;T;True;3
1621269393000;11631245;154.241;154.261;154.251;0;T;True;3
1621269394000;11631246;154.241;154.261;154.251;0;T;True;3
1621269395000;11631247;154.241;154.261;154.251;0;T;True;3
1621269396000;11631248;154.241;154.261;154.251;0;T;True;3
1621269397000;11631249;154.241;154.261;154.251;0;T;True;3
1621269398000;11631250;154.241;154.261;154.251;0;T;True;3
1621269399000;11631251;154.241;154.261;154.251;0;T;True;3
1621269400000;11631253;154.24;154.26;154.25;1;T;True;3
1621269401000;11631254;154.24;154.26;154.25;0;T;True;3
1621269402000;11631255;154.24;154.26;154.25;0;T;True;3
1621269403000;11631256;154.24;154.26;154.25;0;T;True;3
1621269404000;11631257;154.24;154.26;154.25;0;T;True;3
1621269405000;11631258;154.24;154.26;154.25;0;T;True;3
1621269406000;11631259;154.24;154.26;154.25;0;T;True;3
1621269407000;11631260;154.24;154.26;154.25;0;T;True;3
1621269408000;11631261;154.24;154.26;154.25;0;T;True;3
1621269409000;11631265;154.235;154.255;154.245;3;T;True;3
1621269410000;11631266;154.235;154.255;154.245;0;T;True;3
1621269411000;11631267;154.235;154.255;154.245;0;T;True;3
1621269412000;11631268;154.235;154.255;154.245;0;T;True;3
1621269413000;11631269;154.235;154.255;154.245;0;T;True;3
1621269414000;11631270;154.235;154.255;154.245;0;T;True;3
1621269415000;11631271;154.235;154.255;154.245;0;T;True;3
1621269416000;11631272;154.235;154.255;154.245;0;T;True;3
1621269417000;11631273;154.235;154.255;154.245;0;T;True;3
1621269418000;11631274;154.235;154.255;154.245;0;T;True;3
1621269419000;11631275;154.235;154.255;154.245;0;T;True;3
1621269420000;11631276;154.235;154.255;154.245;0;T;True;3
1621269421000;11631277;154.235;154.255;154.245;0;T;True;3
1621269422000;11631278;154.235;154.255;154.245;0;T;True;3
1621269423000;11631280;154.238;154.258;154.248;1;T;True;3
1621269424000;11631281;154.238;154.258;154.248;0;T;True;3
1621269425000;11631282;154.238;154.258;154.248;0;T;True;3
1621269426000;11631283;154.238;154.258;154.248;0;T;True;3
1621269427000;11631284;154.238;154.258;154.248;0;T;True;3
1621269428000;11631288;154.237;154.257;154.247;3;T;True;3
1621269429000;11631289;154.237;154.257;154.247;0;T;True;3
1621269430000;11631290;154.237;154.257;154.247;0;T;True;3
1621269431000;11631292;154.234;154.254;154.244;1;T;True;3
1621269432000;11631293;154.234;154.254;154.244;0;T;True;3
1621269433000;11631294;154.234;154.254;154.244;0;T;True;3
1621269434000;11631295;154.234;154.254;154.244;0;T;True;3
1621269435000;11631296;154.234;154.254;154.244;0;T;True;3
1621269436000;11631297;154.234;154.254;154.244;0;T;True;3
1621269437000;11631298;154.234;154.254;154.244;0;T;True;3
1621269438000;11631299;154.234;154.254;154.244;0;T;True;3
1621269439000;11631300;154.234;154.254;154.244;0;T;True;3
1621269440000;11631301;154.234;154.254;154.244;0;T;True;3
1621269441000;11631302;154.234;154.254;154.244;0;T;True;3
1621269442000;11631303;154.234;154.254;154.244;0;T;True;3
1621269443000;11631304;154.234;154.254;154.244;0;T;True;3
1621269444000;11631305;154.234;154.254;154.244;0;T;True;3
1621269445000;11631306;154.234;154.254;154.244;0;T;True;3
1621269446000;11631307;154.234;154.254;154.244;0;T;True;3
1621269447000;11631308;154.234;154.254;154.244;0;T;True;3
1621269448000;11631309;154.234;154.254;154.244;0;T;True;3
1621269449000;11631310;154.234;154.254;154.244;0;T;True;3
1621269450000;11631311;154.234;154.254;154.244;0;T;True;3
1621269451000;11631312;154.234;154.254;154.244;0;T;True;3
1621269452000;11631314;154.235;154.255;154.245;1;T;True;3
1621269453000;11631315;154.235;154.255;154.245;0;T;True;3
1621269454000;11631316;154.235;154.255;154.245;0;T;True;3
1621269455000;11631317;154.235;154.255;154.245;0;T;True;3
1621269456000;11631318;154.235;154.255;154.245;0;T;True;3
1621269457000;11631319;154.235;154.255;154.245;0;T;True;3
1621269458000;11631320;154.235;154.255;154.245;0;T;True;3
1621269459000;11631321;154.235;154.255;154.245;0;T;True;3
1621269460000;11631322;154.235;154.255;154.245;0;T;True;3
1621269461000;11631323;154.235;154.255;154.245;0;T;True;3
1621269462000;11631324;154.235;154.255;154.245;0;T;True;3
1621269463000;11631325;154.235;154.255;154.245;0;T;True;3
1621269464000;11631326;154.235;154.255;154.245;0;T;True;3
1621269465000;11631327;154.235;154.255;154.245;0;T;True;3
1621269466000;11631328;154.235;154.255;154.245;0;T;True;3
1621269467000;11631329;154.235;154.255;154.245;0;T;True;3
1621269468000;11631330;154.235;154.255;154.245;0;T;True;3
1621269469000;11631331;154.235;154.255;154.245;0;T;True;3
1621269470000;11631332;154.235;154.255;154.245;0;T;True;3
1621269471000;11631333;154.235;154.255;154.245;0;T;True;3
1621269472000;11631334;154.235;154.255;154.245;0;T;True;3
1621269473000;11631335;154.235;154.255;154.245;0;T;True;3
1621269474000;11631336;154.235;154.255;154.245;0;T;True;3
1621269475000;11631337;154.235;154.255;154.245;0;T;True;3
1621269476000;11631339;154.234;154.254;154.244;1;T;True;3
1621269477000;11631340;154.234;154.254;154.244;0;T;True;3
1621269478000;11631342;154.235;154.255;154.245;1;T;True;3
1621269479000;11631343;154.235;154.255;154.245;0;T;True;3
1621269480000;11631344;154.235;154.255;154.245;0;T;True;3
1621269481000;11631345;154.235;154.255;154.245;0;T;True;3
1621269482000;11631346;154.235;154.255;154.245;0;T;True;3
1621269483000;11631347;154.235;154.255;154.245;0;T;True;3
1621269484000;11631350;154.237;154.257;154.247;2;T;True;3
1621269485000;11631355;154.243;154.263;154.253;4;T;True;3
1621269486000;11631356;154.243;154.263;154.253;0;T;True;3
1621269487000;11631357;154.243;154.263;154.253;0;T;True;3
1621269488000;11631358;154.243;154.263;154.253;0;T;True;3
1621269489000;11631359;154.243;154.263;154.253;0;T;True;3
1621269490000;11631360;154.243;154.263;154.253;0;T;True;3
1621269491000;11631363;154.241;154.261;154.251;2;T;True;3
1621269492000;11631364;154.241;154.261;154.251;0;T;True;3
1621269493000;11631365;154.241;154.261;154.251;0;T;True;3
1621269494000;11631366;154.241;154.261;154.251;0;T;True;3
1621269495000;11631368;154.243;154.263;154.253;1;T;True;3
1621269496000;11631369;154.243;154.263;154.253;0;T;True;3
1621269497000;11631370;154.243;154.263;154.253;0;T;True;3
1621269498000;11631371;154.243;154.263;154.253;0;T;True;3
1621269499000;11631372;154.243;154.263;154.253;0;T;True;3
1621269500000;11631373;154.243;154.263;154.253;0;T;True;3
1621269501000;11631374;154.243;154.263;154.253;0;T;True;3
1621269502000;11631375;154.243;154.263;154.253;0;T;True;3
1621269503000;11631376;154.243;154.263;154.253;0;T;True;3
1621269504000;11631377;154.243;154.263;154.253;0;T;True;3
1621269505000;11631378;154.243;154.263;154.253;0;T;True;3
1621269506000;11631379;154.243;154.263;154.253;0;T;True;3
1621269507000;11631380;154.243;154.263;154.253;0;T;True;3
1621269508000;11631381;154.243;154.263;154.253;0;T;True;3
1621269509000;11631382;154.243;154.263;154.253;0;T;True;3
1621269510000;11631383;154.243;154.263;154.253;0;T;True;3
1621269511000;11631384;154.243;154.263;154.253;0;T;True;3
1621269512000;11631385;154.243;154.263;154.253;0;T;True;3
1621269513000;11631386;154.243;154.263;154.253;0;T;True;3
1621269514000;11631387;154.243;154.263;154.253;0;T;True;3
1621269515000;11631388;154.243;154.263;154.253;0;T;True;3
1621269516000;11631389;154.243;154.263;154.253;0;T;True;3
1621269517000;11631390;154.243;154.263;154.253;0;T;True;3
1621269518000;11631391;154.243;154.263;154.253;0;T;True;3
1621269519000;11631392;154.243;154.263;154.253;0;T;True;3
1621269520000;11631394;154.249;154.269;154.259;1;T;True;3
1621269521000;11631398;154.243;154.263;154.253;3;T;True;3
1621269522000;11631399;154.243;154.263;154.253;0;T;True;3
1621269523000;11631400;154.243;154.263;154.253;0;T;True;3
1621269524000;11631401;154.243;154.263;154.253;0;T;True;3
1621269525000;11631402;154.243;154.263;154.253;0;T;True;3
1621269526000;11631403;154.243;154.263;154.253;0;T;True;3
1621269527000;11631404;154.243;154.263;154.253;0;T;True;3
1621269528000;11631405;154.243;154.263;154.253;0;T;True;3
1621269529000;11631406;154.243;154.263;154.253;0;T;True;3
1621269530000;11631407;154.243;154.263;154.253;0;T;True;3
1621269531000;11631408;154.243;154.263;154.253;0;T;True;3
1621269532000;11631409;154.243;154.263;154.253;0;T;True;3
1621269533000;11631410;154.243;154.263;154.253;0;T;True;3
1621269534000;11631413;154.235;154.255;154.245;2;T;True;3
1621269535000;11631414;154.235;154.255;154.245;0;T;True;3
1621269536000;11631415;154.235;154.255;154.245;0;T;True;3
1621269537000;11631417;154.237;154.257;154.247;1;T;True;3
1621269538000;11631418;154.237;154.257;154.247;0;T;True;3
1621269539000;11631419;154.237;154.257;154.247;0;T;True;3
1621269540000;11631420;154.237;154.257;154.247;0;T;True;3
1621269541000;11631421;154.237;154.257;154.247;0;T;True;3
1621269542000;11631422;154.237;154.257;154.247;0;T;True;3
1621269543000;11631423;154.237;154.257;154.247;0;T;True;3
1621269544000;11631424;154.237;154.257;154.247;0;T;True;3
1621269545000;11631425;154.237;154.257;154.247;0;T;True;3
1621269546000;11631428;154.239;154.259;154.249;2;T;True;3
1621269547000;11631429;154.239;154.259;154.249;0;T;True;3
1621269548000;11631430;154.239;154.259;154.249;0;T;True;3
1621269549000;11631431;154.239;154.259;154.249;0;T;True;3
1621269550000;11631432;154.239;154.259;154.249;0;T;True;3
1621269551000;11631433;154.239;154.259;154.249;0;T;True;3
1621269552000;11631434;154.239;154.259;154.249;0;T;True;3
1621269553000;11631435;154.239;154.259;154.249;0;T;True;3
1621269554000;11631438;154.237;154.257;154.247;2;T;True;3
1621269555000;11631440;154.239;154.259;154.249;1;T;True;3
1621269556000;11631442;154.24;154.26;154.25;1;T;True;3
1621269557000;11631443;154.24;154.26;154.25;0;T;True;3
1621269558000;11631444;154.24;154.26;154.25;0;T;True;3
1621269559000;11631446;154.241;154.261;154.251;1;T;True;3
1621269560000;11631447;154.241;154.261;154.251;0;T;True;3
1621269561000;11631448;154.241;154.261;154.251;0;T;True;3
1621269562000;11631449;154.241;154.261;154.251;0;T;True;3
1621269563000;11631450;154.241;154.261;154.251;0;T;True;3
1621269564000;11631451;154.241;154.261;154.251;0;T;True;3
1621269565000;11631452;154.241;154.261;154.251;0;T;True;3
1621269566000;11631453;154.241;154.261;154.251;0;T;True;3
1621269567000;11631454;154.241;154.261;154.251;0;T;True;3
1621269568000;11631455;154.241;154.261;154.251;0;T;True;3
1621269569000;11631456;154.241;154.261;154.251;0;T;True;3
1621269570000;11631457;154.241;154.261;154.251;0;T;True;3
1621269571000;11631458;154.241;154.261;154.251;0;T;True;3
1621269572000;11631459;154.241;154.261;154.251;0;T;True;3
1621269573000;11631460;154.241;154.261;154.251;0;T;True;3
1621269574000;11631461;154.241;154.261;154.251;0;T;True;3
1621269575000;11631462;154.241;154.261;154.251;0;T;True;3
1621269576000;11631463;154.241;154.261;154.251;0;T;True;3
1621269577000;11631464;154.241;154.261;154.251;0;T;True;3
1621269578000;11631466;154.242;154.262;154.252;1;T;True;3
1621269579000;11631467;154.242;154.262;154.252;0;T;True;3
1621269580000;11631469;154.243;154.263;154.253;1;T;True;3
1621269581000;11631472;154.243;154.263;154.253;2;T;True;3
1621269582000;11631473;154.243;154.263;154.253;0;T;True;3
1621269583000;11631474;154.243;154.263;154.253;0;T;True;3
1621269584000;11631475;154.243;154.263;154.253;0;T;True;3
1621269585000;11631476;154.243;154.263;154.253;0;T;True;3
1621269586000;11631477;154.243;154.263;154.253;0;T;True;3
1621269587000;11631478;154.243;154.263;154.253;0;T;True;3
1621269588000;11631479;154.243;154.263;154.253;0;T;True;3
1621269589000;11631480;154.243;154.263;154.253;0;T;True;3
1621269590000;11631483;154.247;154.267;154.257;2;T;True;3
1621269591000;11631484;154.247;154.267;154.257;0;T;True;3
1621269592000;11631485;154.247;154.267;154.257;0;T;True;3
1621269593000;11631488;154.249;154.269;154.259;2;T;True;3
1621269594000;11631491;154.255;154.275;154.265;2;T;True;3
1621269595000;11631492;154.255;154.275;154.265;0;T;True;3
1621269596000;11631493;154.255;154.275;154.265;0;T;True;3
1621269597000;11631494;154.255;154.275;154.265;0;T;True;3
1621269598000;11631495;154.255;154.275;154.265;0;T;True;3
1621269599000;11631496;154.255;154.275;154.265;0;T;True;3
1621269600000;11631497;154.255;154.275;154.265;0;T;True;3
1621269601000;11631498;154.255;154.275;154.265;0;T;True;3
1621269602000;11631499;154.255;154.275;154.265;0;T;True;3
1621269603000;11631500;154.255;154.275;154.265;0;T;True;3
1621269604000;11631503;154.255;154.275;154.265;2;T;True;3
1621269605000;11631504;154.255;154.275;154.265;0;T;True;3
1621269606000;11631505;154.255;154.275;154.265;0;T;True;3
1621269607000;11631506;154.255;154.275;154.265;0;T;True;3
1621269608000;11631507;154.255;154.275;154.265;0;T;True;3
1621269609000;11631508;154.255;154.275;154.265;0;T;True;3
1621269610000;11631511;154.263;154.283;154.273;2;T;True;3
1621269611000;11631512;154.263;154.283;154.273;0;T;True;3
1621269612000;11631514;154.259;154.279;154.269;1;T;True;3
1621269613000;11631517;154.261;154.281;154.271;2;T;True;3
1621269614000;11631519;154.262;154.282;154.272;1;T;True;3
1621269615000;11631524;154.269;154.289;154.279;4;T;True;3
1621269616000;11631526;154.27;154.29;154.28;1;T;True;3
1621269617000;11631527;154.27;154.29;154.28;0;T;True;3
1621269618000;11631529;154.271;154.291;154.281;1;T;True;3
1621269619000;11631532;154.267;154.287;154.277;2;T;True;3
1621269620000;11631533;154.267;154.287;154.277;0;T;True;3
1621269621000;11631534;154.267;154.287;154.277;0;T;True;3
1621269622000;11631535;154.267;154.287;154.277;0;T;True;3
