ts;n;bid;ask;value;volume;phase;round;active_id
1621231062000;14120618;1.21272;1.21278;1.21275;0;T;True;1
1621231063000;14120619;1.21272;1.21278;1.21275;0;T;True;1
1621231064000;14120620;1.21272;1.21278;1.21275;0;T;True;1
1621231065000;14120621;1.21272;1.21278;1.21275;0;T;True;1
1621231066000;14120624;1.21272;1.21278;1.21275;2;T;True;1
1621231067000;14120625;1.21272;1.21278;1.21275;0;T;True;1
1621231068000;14120626;1.21272;1.21278;1.21275;0;T;True;1
1621231069000;14120627;1.21272;1.21278;1.21275;0;T;True;1
1621231070000;14120628;1.21272;1.21278;1.21275;0;T;True;1
1621231071000;14120631;1.21272;1.21278;1.21275;2;T;True;1
1621231072000;14120633;1.21272;1.21278;1.21275;1;T;True;1
1621231073000;14120634;1.21272;1.21278;1.21275;0;T;True;1
1621231074000;14120635;1.21272;1.21278;1.21275;0;T;True;1
1621231075000;14120636;1.21272;1.21278;1.21275;0;T;True;1
1621231076000;14120638;1.21272;1.21278;1.21275;1;T;True;1
1621231077000;14120639;1.21272;1.21278;1.21275;0;T;True;1
1621231078000;14120640;1.21272;1.21278;1.21275;0;T;True;1
1621231079000;14120641;1.21272;1.21278;1.21275;0;T;True;1
1621231080000;14120642;1.21272;1.21278;1.21275;0;T;True;1
1621231081000;14120643;1.21272;1.21278;1.21275;0;T;True;1
1621231082000;14120644;1.21272;1.21278;1.21275;0;T;True;1
1621231083000;14120645;1.21272;1.21278;1.21275;0;T;True;1
1621231084000;14120646;1.21272;1.21278;1.21275;0;T;True;1
1621231085000;14120651;1.2127;1.21276;1.21273;4;T;True;1
1621231086000;14120652;1.2127;1.21276;1.21273;0;T;True;1
1621231087000;14120653;1.2127;1.21276;1.21273;0;T;True;1
1621231088000;14120654;1.2127;1.21276;1.21273;0;T;True;1
1621231089000;14120655;1.2127;1.21276;1.21273;0;T;True;1
1621231090000;14120659;1.21269;1.21275;1.21272;3;T;True;1
1621231091000;14120660;1.21269;1.21275;1.21272;0;T;True;1
1621231092000;14120666;1.21267;1.21273;1.2127;5;T;True;1
1621231093000;14120667;1.21267;1.21273;1.2127;0;T;True;1
1621231094000;14120668;1.21267;1.21273;1.2127;0;T;True;1
1621231095000;14120669;1.21267;1.21273;1.2127;0;T;True;1
1621231096000;14120671;1.21268;1.21274;1.21271;1;T;True;1
1621231097000;14120672;1.21268;1.21274;1.21271;0;T;True;1
1621231098000;14120673;1.21268;1.21274;1.21271;0;T;True;1
1621231099000;14120674;1.21268;1.21274;1.21271;0;T;True;1
1621231100000;14120675;1.21268;1.21274;1.21271;0;T;True;1
1621231101000;14120676;1.21268;1.21274;1.21271;0;T;True;1
1621231102000;14120677;1.21268;1.21274;1.21271;0;T;True;1
1621231103000;14120678;1.21268;1.21274;1.21271;0;T;True;1
1621231104000;14120679;1.21268;1.21274;1.21271;0;T;True;1
1621231105000;14120680;1.21268;1.21274;1.21271;0;T;True;1
1621231106000;14120681;1.21268;1.21274;1.21271;0;T;True;1
1621231107000;14120682;1.21268;1.21274;1.21271;0;T;True;1
1621231108000;14120683;1.21268;1.21274;1.21271;0;T;True;1
1621231109000;14120684;1.21268;1.21274;1.21271;0;T;True;1
1621231110000;14120685;1.21268;1.21274;1.21271;0;T;True;1
1621231111000;14120686;1.21268;1.21274;1.21271;0;T;True;1
1621231112000;14120687;1.21268;1.21274;1.21271;0;T;True;1
1621231113000;14120688;1.21268;1.21274;1.21271;0;T;True;1
1621231114000;14120689;1.21268;1.21274;1.21271;0;T;True;1
1621231115000;14120690;1.21268;1.21274;1.21271;0;T;True;1
1621231116000;14120691;1.21268;1.21274;1.21271;0;T;True;1
1621231117000;14120692;1.21268;1.21274;1.21271;0;T;True;1
1621231118000;14120693;1.21268;1.21274;1.21271;0;T;True;1
1621231119000;14120694;1.21268;1.21274;1.21271;0;T;True;1
1621231120000;14120695;1.21268;1.21274;1.21271;0;T;True;1
1621231121000;14120696;1.21268;1.21274;1.21271;0;T;True;1
1621231122000;14120697;1.21268;1.21274;1.21271;0;T;True;1
1621231123000;14120698;1.21268;1.21274;1.21271;0;T;True;1
1621231124000;14120712;1.21262;1.21268;1.21265;13;T;True;1
1621231125000;14120714;1.21261;1.21267;1.21264;1;T;True;1
1621231126000;14120715;1.21261;1.21267;1.21264;0;T;True;1
1621231127000;14120716;1.21261;1.21267;1.21264;0;T;True;1
1621231128000;14120717;1.21261;1.21267;1.21264;0;T;True;1
1621231129000;14120719;1.21261;1.21267;1.21264;1;T;True;1
1621231130000;14120720;1.21261;1.21267;1.21264;0;T;True;1
1621231131000;14120725;1.2126;1.21266;1.21263;4;T;True;1
1621231132000;14120729;1.21261;1.21267;1.21264;3;T;True;1
1621231133000;14120732;1.21262;1.21268;1.21265;2;T;True;1
1621231134000;14120733;1.21262;1.21268;1.21265;0;T;True;1
1621231135000;14120734;1.21262;1.21268;1.21265;0;T;True;1
1621231136000;14120735;1.21262;1.21268;1.21265;0;T;True;1
1621231137000;14120738;1.21262;1.21268;1.21265;2;T;True;1
1621231138000;14120739;1.21262;1.21268;1.21265;0;T;True;1
1621231139000;14120740;1.21262;1.21268;1.21265;0;T;True;1
1621231140000;14120741;1.21262;1.21268;1.21265;0;T;True;1
1621231141000;14120742;1.21262;1.21268;1.21265;0;T;True;1
1621231142000;14120743;1.21262;1.21268;1.21265;0;T;True;1
1621231143000;14120744;1.21262;1.21268;1.21265;0;T;True;1
1621231144000;14120745;1.21262;1.21268;1.21265;0;T;True;1
1621231145000;14120746;1.21262;1.21268;1.21265;0;T;True;1
1621231146000;14120747;1.21262;1.21268;1.21265;0;T;True;1
1621231147000;14120748;1.21262;1.21268;1.21265;0;T;True;1
1621231148000;14120749;1.21262;1.21268;1.21265;0;T;True;1
1621231149000;14120750;1.21262;1.21268;1.21265;0;T;True;1
1621231150000;14120751;1.21262;1.21268;1.21265;0;T;True;1
1621231151000;14120756;1.21262;1.21268;1.21265;4;T;True;1
1621231152000;14120757;1.21262;1.21268;1.21265;0;T;True;1
1621231153000;14120758;1.21262;1.21268;1.21265;0;T;True;1
1621231154000;14120759;1.21262;1.21268;1.21265;0;T;True;1
1621231155000;14120761;1.21262;1.21268;1.21265;1;T;True;1
1621231156000;14120763;1.21262;1.21268;1.21265;1;T;True;1
1621231157000;14120764;1.21262;1.21268;1.21265;0;T;True;1
1621231158000;14120765;1.21262;1.21268;1.21265;0;T;True;1
1621231159000;14120766;1.21262;1.21268;1.21265;0;T;True;1
1621231160000;14120768;1.21262;1.21268;1.21265;1;T;True;1
1621231161000;14120773;1.21259;1.21265;1.21262;4;T;True;1
1621231162000;14120777;1.21258;1.21264;1.21261;3;T;True;1
1621231163000;14120778;1.21258;1.21264;1.21261;0;T;True;1
1621231164000;14120779;1.21258;1.21264;1.21261;0;T;True;1
1621231165000;14120780;1.21258;1.21264;1.21261;0;T;True;1
1621231166000;14120785;1.2126;1.21266;1.21263;4;T;True;1
1621231167000;14120787;1.21259;1.21265;1.21262;1;T;True;1
1621231168000;14120791;1.21258;1.21264;1.21261;3;T;True;1
1621231169000;14120792;1.21258;1.21264;1.21261;0;T;True;1
1621231170000;14120793;1.21258;1.21264;1.21261;0;T;True;1
1621231171000;14120794;1.21258;1.21264;1.21261;0;T;True;1
1621231172000;14120796;1.21259;1.21265;1.21262;1;T;True;1
1621231173000;14120802;1.21261;1.21267;1.21264;5;T;True;1
1621231174000;14120807;1.21261;1.21267;1.21264;4;T;True;1
1621231175000;14120811;1.21261;1.21267;1.21264;3;T;True;1
1621231176000;14120812;1.21261;1.21267;1.21264;0;T;True;1
1621231177000;14120814;1.21262;1.21268;1.21265;1;T;True;1
1621231178000;14120815;1.21262;1.21268;1.21265;0;T;True;1
1621231179000;14120816;1.21262;1.21268;1.21265;0;T;True;1
1621231180000;14120817;1.21262;1.21268;1.21265;0;T;True;1
1621231181000;14120818;1.21262;1.21268;1.21265;0;T;True;1
1621231182000;14120819;1.21262;1.21268;1.21265;0;T;True;1
1621231183000;14120820;1.21262;1.21268;1.21265;0;T;True;1
1621231184000;14120821;1.21262;1.21268;1.21265;0;T;True;1
1621231185000;14120822;1.21262;1.21268;1.21265;0;T;True;1
1621231186000;14120823;1.21262;1.21268;1.21265;0;T;True;1
1621231187000;14120824;1.21262;1.21268;1.21265;0;T;True;1
1621231188000;14120825;1.21262;1.21268;1.21265;0;T;True;1
1621231189000;14120826;1.21262;1.21268;1.21265;0;T;True;1
1621231190000;14120827;1.21262;1.21268;1.21265;0;T;True;1
1621231191000;14120828;1.21262;1.21268;1.21265;0;T;True;1
1621231192000;14120829;1.21262;1.21268;1.21265;0;T;True;1
1621231193000;14120836;1.21266;1.21272;1.21269;6;T;True;1
1621231194000;14120843;1.21266;1.21272;1.21269;6;T;True;1
1621231195000;14120844;1.21266;1.21272;1.21269;0;T;True;1
1621231196000;14120846;1.21266;1.21272;1.21269;1;T;True;1
1621231197000;14120852;1.21268;1.21274;1.21271;5;T;True;1
1621231198000;14120855;1.21268;1.21274;1.21271;2;T;True;1
1621231199000;14120856;1.21268;1.21274;1.21271;0;T;True;1
1621231200000;14120857;1.21268;1.21274;1.21271;0;T;True;1
1621231201000;14120867;1.21265;1.21271;1.21268;9;T;True;1
1621231202000;14120877;1.2127;1.21276;1.21273;9;T;True;1
1621231203000;14120879;1.21272;1.21278;1.21275;1;T;True;1
1621231204000;14120886;1.21272;1.21278;1.21275;6;T;True;1
1621231205000;14120888;1.21273;1.21279;1.21276;1;T;True;1
1621231206000;14120891;1.21271;1.21277;1.21274;2;T;True;1
1621231207000;14120895;1.21272;1.21278;1.21275;3;T;True;1
1621231208000;14120896;1.21272;1.21278;1.21275;0;T;True;1
1621231209000;14120897;1.21272;1.21278;1.21275;0;T;True;1
1621231210000;14120898;1.21272;1.21278;1.21275;0;T;True;1
1621231211000;14120901;1.21271;1.21277;1.21274;2;T;True;1
1621231212000;14120902;1.21271;1.21277;1.21274;0;T;True;1
1621231213000;14120903;1.21271;1.21277;1.21274;0;T;True;1
1621231214000;14120904;1.21271;1.21277;1.21274;0;T;True;1
1621231215000;14120906;1.2127;1.21276;1.21273;1;T;True;1
1621231216000;14120907;1.2127;1.21276;1.21273;0;T;True;1
1621231217000;14120910;1.21271;1.21277;1.21274;2;T;True;1
1621231218000;14120912;1.21272;1.21278;1.21275;1;T;True;1
1621231219000;14120913;1.21272;1.21278;1.21275;0;T;True;1
1621231220000;14120914;1.21272;1.21278;1.21275;0;T;True;1
1621231221000;14120916;1.21273;1.21279;1.21276;1;T;True;1
1621231222000;14120917;1.21273;1.21279;1.21276;0;T;True;1
1621231223000;14120918;1.21273;1.21279;1.21276;0;T;True;1
1621231224000;14120919;1.21273;1.21279;1.21276;0;T;True;1
1621231225000;14120920;1.21273;1.21279;1.21276;0;T;True;1
1621231226000;14120921;1.21273;1.21279;1.21276;0;T;True;1
1621231227000;14120922;1.21273;1.21279;1.21276;0;T;True;1
1621231228000;14120923;1.21273;1.21279;1.21276;0;T;True;1
1621231229000;14120924;1.21273;1.21279;1.21276;0;T;True;1
1621231230000;14120931;1.2128;1.21286;1.21283;6;T;True;1
1621231231000;14120933;1.21278;1.21284;1.21281;1;T;True;1
1621231232000;14120934;1.21278;1.21284;1.21281;0;T;True;1
1621231233000;14120936;1.21278;1.21284;1.21281;1;T;True;1
1621231234000;14120937;1.21278;1.21284;1.21281;0;T;True;1
1621231235000;14120942;1.21278;1.21284;1.21281;4;T;True;1
1621231236000;14120950;1.21275;1.21281;1.21278;7;T;True;1
1621231237000;14120957;1.21276;1.21282;1.21279;6;T;True;1
1621231238000;14120958;1.21276;1.21282;1.21279;0;T;True;1
1621231239000;14120959;1.21276;1.21282;1.21279;0;T;True;1
1621231240000;14120960;1.21276;1.21282;1.21279;0;T;True;1
1621231241000;14120961;1.21276;1.21282;1.21279;0;T;True;1
1621231242000;14120962;1.21276;1.21282;1.21279;0;T;True;1
1621231243000;14120963;1.21276;1.21282;1.21279;0;T;True;1
1621231244000;14120966;1.21276;1.21282;1.21279;2;T;True;1
1621231245000;14120967;1.21276;1.21282;1.21279;0;T;True;1
1621231246000;14120969;1.21276;1.21282;1.21279;1;T;True;1
1621231247000;14120977;1.2127;1.21276;1.21273;7;T;True;1
1621231248000;14120983;1.21268;1.21274;1.21271;5;T;True;1
1621231249000;14120987;1.21266;1.21272;1.21269;3;T;True;1
1621231250000;14120989;1.21268;1.21274;1.21271;1;T;True;1
1621231251000;14120990;1.21268;1.21274;1.21271;0;T;True;1
1621231252000;14120996;1.21264;1.2127;1.21267;5;T;True;1
1621231253000;14120997;1.21264;1.2127;1.21267;0;T;True;1
1621231254000;14120999;1.21264;1.2127;1.21267;1;T;True;1
1621231255000;14121001;1.21263;1.21269;1.21266;1;T;True;1
1621231256000;14121003;1.21262;1.21268;1.21265;1;T;True;1
1621231257000;14121004;1.21262;1.21268;1.21265;0;T;True;1
1621231258000;14121005;1.21262;1.21268;1.21265;0;T;True;1
1621231259000;14121006;1.21262;1.21268;1.21265;0;T;True;1
1621231260000;14121008;1.21264;1.2127;1.21267;1;T;True;1
1621231261000;14121009;1.21264;1.2127;1.21267;0;T;True;1
1621231262000;14121020;1.2127;1.21276;1.21273;10;T;True;1
1621231263000;14121023;1.21268;1.21274;1.21271;2;T;True;1
1621231264000;14121029;1.21268;1.21274;1.21271;5;T;True;1
1621231265000;14121030;1.21268;1.21274;1.21271;0;T;True;1
1621231266000;14121033;1.21268;1.21274;1.21271;2;T;True;1
1621231267000;14121035;1.21268;1.21274;1.21271;1;T;True;1
1621231268000;14121038;1.21268;1.21274;1.21271;2;T;True;1
1621231269000;14121042;1.21272;1.21278;1.21275;3;T;True;1
1621231270000;14121044;1.21273;1.21279;1.21276;1;T;True;1
1621231271000;14121046;1.21272;1.21278;1.21275;1;T;True;1
1621231272000;14121048;1.21273;1.21279;1.21276;1;T;True;1
1621231273000;14121049;1.21273;1.21279;1.21276;0;T;True;1
1621231274000;14121050;1.21273;1.21279;1.21276;0;T;True;1
1621231275000;14121052;1.21272;1.21278;1.21275;1;T;True;1
1621231276000;14121053;1.21272;1.21278;1.21275;0;T;True;1
1621231277000;14121055;1.21273;1.21279;1.21276;1;T;True;1
1621231278000;14121056;1.21273;1.21279;1.21276;0;T;True;1
1621231279000;14121058;1.21273;1.21279;1.21276;1;T;True;1
1621231280000;14121059;1.21273;1.21279;1.21276;0;T;True;1
1621231281000;14121061;1.21274;1.2128;1.21277;1;T;True;1
1621231282000;14121062;1.21274;1.2128;1.21277;0;T;True;1
1621231283000;14121063;1.21274;1.2128;1.21277;0;T;True;1
1621231284000;14121064;1.21274;1.2128;1.21277;0;T;True;1
1621231285000;14121065;1.21274;1.2128;1.21277;0;T;True;1
1621231286000;14121066;1.21274;1.2128;1.21277;0;T;True;1
1621231287000;14121067;1.21274;1.2128;1.21277;0;T;True;1
1621231288000;14121068;1.21274;1.2128;1.21277;0;T;True;1
1621231289000;14121069;1.21274;1.2128;1.21277;0;T;True;1
1621231290000;14121071;1.21273;1.21279;1.21276;1;T;True;1
1621231291000;14121073;1.21274;1.2128;1.21277;1;T;True;1
1621231292000;14121074;1.21274;1.2128;1.21277;0;T;True;1
1621231293000;14121075;1.21274;1.2128;1.21277;0;T;True;1
1621231294000;14121078;1.21273;1.21279;1.21276;2;T;True;1
1621231295000;14121080;1.21273;1.21279;1.21276;1;T;True;1
1621231296000;14121083;1.21274;1.2128;1.21277;2;T;True;1
1621231297000;14121084;1.21274;1.2128;1.21277;0;T;True;1
1621231298000;14121085;1.21274;1.2128;1.21277;0;T;True;1
1621231299000;14121092;1.21278;1.21284;1.21281;6;T;True;1
1621231300000;14121095;1.21278;1.21284;1.21281;2;T;True;1
1621231301000;14121098;1.21278;1.21284;1.21281;2;T;True;1
1621231302000;14121099;1.21278;1.21284;1.21281;0;T;True;1
1621231303000;14121100;1.21278;1.21284;1.21281;0;T;True;1
1621231304000;14121102;1.21277;1.21283;1.2128;1;T;True;1
1621231305000;14121104;1.21278;1.21284;1.21281;1;T;True;1
1621231306000;14121105;1.21278;1.21284;1.21281;0;T;True;1
1621231307000;14121106;1.21278;1.21284;1.21281;0;T;True;1
1621231308000;14121108;1.21278;1.21284;1.21281;1;T;True;1
1621231309000;14121111;1.21277;1.21283;1.2128;2;T;True;1
1621231310000;14121112;1.21277;1.21283;1.2128;0;T;True;1
1621231311000;14121113;1.21277;1.21283;1.2128;0;T;True;1
1621231312000;14121116;1.21277;1.21283;1.2128;2;T;True;1
1621231313000;14121118;1.21277;1.21283;1.2128;1;T;True;1
1621231314000;14121119;1.21277;1.21283;1.2128;0;T;True;1
1621231315000;14121120;1.21277;1.21283;1.2128;0;T;True;1
1621231316000;14121126;1.21275;1.21281;1.21278;5;T;True;1
1621231317000;14121127;1.21275;1.21281;1.21278;0;T;True;1
1621231318000;14121129;1.21276;1.21282;1.21279;1;T;True;1
1621231319000;14121130;1.21276;1.21282;1.21279;0;T;True;1
1621231320000;14121132;1.21276;1.21282;1.21279;1;T;True;1
1621231321000;14121133;1.21276;1.21282;1.21279;0;T;True;1
1621231322000;14121134;1.21276;1.21282;1.21279;0;T;True;1
1621231323000;14121135;1.21276;1.21282;1.21279;0;T;True;1
1621231324000;14121140;1.2127;1.21276;1.21273;4;T;True;1
1621231325000;14121144;1.2127;1.21276;1.21273;3;T;True;1
1621231326000;14121145;1.2127;1.21276;1.21273;0;T;True;1
1621231327000;14121146;1.2127;1.21276;1.21273;0;T;True;1
1621231328000;14121147;1.2127;1.21276;1.21273;0;T;True;1
1621231329000;14121148;1.2127;1.21276;1.21273;0;T;True;1
1621231330000;14121150;1.21272;1.21278;1.21275;1;T;True;1
1621231331000;14121151;1.21272;1.21278;1.21275;0;T;True;1
1621231332000;14121153;1.21274;1.2128;1.21277;1;T;True;1
1621231333000;14121161;1.2128;1.21286;1.21283;7;T;True;1
1621231334000;14121162;1.2128;1.21286;1.21283;0;T;True;1
1621231335000;14121163;1.2128;1.21286;1.21283;0;T;True;1
1621231336000;14121164;1.2128;1.21286;1.21283;0;T;True;1
1621231337000;14121165;1.2128;1.21286;1.21283;0;T;True;1
1621231338000;14121171;1.21286;1.21292;1.21289;5;T;True;1
1621231339000;14121175;1.21284;1.2129;1.21287;3;T;True;1
1621231340000;14121178;1.21284;1.2129;1.21287;2;T;True;1
1621231341000;14121180;1.21282;1.21288;1.21285;1;T;True;1
1621231342000;14121181;1.21282;1.21288;1.21285;0;T;True;1
1621231343000;14121183;1.21282;1.21288;1.21285;1;T;True;1
1621231344000;14121186;1.21282;1.21288;1.21285;2;T;True;1
1621231345000;14121187;1.21282;1.21288;1.21285;0;T;True;1
1621231346000;14121189;1.21282;1.21288;1.21285;1;T;True;1
1621231347000;14121191;1.21282;1.21288;1.21285;1;T;True;1
1621231348000;14121193;1.21282;1.21288;1.21285;1;T;True;1
1621231349000;14121197;1.21284;1.2129;1.21287;3;T;True;1
1621231350000;14121198;1.21284;1.2129;1.21287;0;T;True;1
1621231351000;14121199;1.21284;1.2129;1.21287;0;T;True;1
1621231352000;14121200;1.21284;1.2129;1.21287;0;T;True;1
1621231353000;14121201;1.21284;1.2129;1.21287;0;T;True;1
1621231354000;14121202;1.21284;1.2129;1.21287;0;T;True;1
1621231355000;14121203;1.21284;1.2129;1.21287;0;T;True;1
1621231356000;14121204;1.21284;1.2129;1.21287;0;T;True;1
1621231357000;14121205;1.21284;1.2129;1.21287;0;T;True;1
1621231358000;14121206;1.21284;1.2129;1.21287;0;T;True;1
1621231359000;14121210;1.21282;1.21288;1.21285;3;T;True;1
1621231360000;14121211;1.21282;1.21288;1.21285;0;T;True;1
1621231361000;14121212;1.21282;1.21288;1.21285;0;T;True;1
1621231362000;14121213;1.21282;1.21288;1.21285;0;T;True;1
1621231363000;14121216;1.21283;1.21289;1.21286;2;T;True;1
1621231364000;14121217;1.21283;1.21289;1.21286;0;T;True;1
1621231365000;14121219;1.21284;1.2129;1.21287;1;T;True;1
1621231366000;14121220;1.21284;1.2129;1.21287;0;T;True;1
1621231367000;14121221;1.21284;1.2129;1.21287;0;T;True;1
1621231368000;14121223;1.21284;1.2129;1.21287;1;T;True;1
1621231369000;14121224;1.21284;1.2129;1.21287;0;T;True;1
1621231370000;14121226;1.21284;1.2129;1.21287;1;T;True;1
1621231371000;14121227;1.21284;1.2129;1.21287;0;T;True;1
1621231372000;14121228;1.21284;1.2129;1.21287;0;T;True;1
1621231373000;14121229;1.21284;1.2129;1.21287;0;T;True;1
1621231374000;14121230;1.21284;1.2129;1.21287;0;T;True;1
1621231375000;14121232;1.21284;1.2129;1.21287;1;T;True;1
1621231376000;14121237;1.21285;1.21291;1.21288;4;T;True;1
1621231377000;14121242;1.21287;1.21293;1.2129;4;T;True;1
1621231378000;14121244;1.21286;1.21292;1.21289;1;T;True;1
1621231379000;14121245;1.21286;1.21292;1.21289;0;T;True;1
1621231380000;14121246;1.21286;1.21292;1.21289;0;T;True;1
1621231381000;14121250;1.21286;1.21292;1.21289;3;T;True;1
1621231382000;14121252;1.21285;1.21291;1.21288;1;T;True;1
1621231383000;14121253;1.21285;1.21291;1.21288;0;T;True;1
1621231384000;14121254;1.21285;1.21291;1.21288;0;T;True;1
1621231385000;14121257;1.21284;1.2129;1.21287;2;T;True;1
1621231386000;14121260;1.21283;1.21289;1.21286;2;T;True;1
1621231387000;14121261;1.21283;1.21289;1.21286;0;T;True;1
1621231388000;14121262;1.21283;1.21289;1.21286;0;T;True;1
1621231389000;14121264;1.21282;1.21288;1.21285;1;T;True;1
1621231390000;14121265;1.21282;1.21288;1.21285;0;T;True;1
1621231391000;14121266;1.21282;1.21288;1.21285;0;T;True;1
1621231392000;14121267;1.21282;1.21288;1.21285;0;T;True;1
1621231393000;14121268;1.21282;1.21288;1.21285;0;T;True;1
1621231394000;14121269;1.21282;1.21288;1.21285;0;T;True;1
1621231395000;14121271;1.21282;1.21288;1.21285;1;T;True;1
1621231396000;14121272;1.21282;1.21288;1.21285;0;T;True;1
1621231397000;14121273;1.21282;1.21288;1.21285;0;T;True;1
1621231398000;14121274;1.21282;1.21288;1.21285;0;T;True;1
1621231399000;14121275;1.21282;1.21288;1.21285;0;T;True;1
1621231400000;14121276;1.21282;1.21288;1.21285;0;T;True;1
1621231401000;14121278;1.21282;1.21288;1.21285;1;T;True;1
1621231402000;14121279;1.21282;1.21288;1.21285;0;T;True;1
1621231403000;14121280;1.21282;1.21288;1.21285;0;T;True;1
1621231404000;14121281;1.21282;1.21288;1.21285;0;T;True;1
1621231405000;14121282;1.21282;1.21288;1.21285;0;T;True;1
1621231406000;14121283;1.21282;1.21288;1.21285;0;T;True;1
1621231407000;14121284;1.21282;1.21288;1.21285;0;T;True;1
1621231408000;14121285;1.21282;1.21288;1.21285;0;T;True;1
1621231409000;14121286;1.21282;1.21288;1.21285;0;T;True;1
1621231410000;14121287;1.21282;1.21288;1.21285;0;T;True;1
1621231411000;14121288;1.21282;1.21288;1.21285;0;T;True;1
1621231412000;14121289;1.21282;1.21288;1.21285;0;T;True;1
1621231413000;14121290;1.21282;1.21288;1.21285;0;T;True;1
1621231414000;14121291;1.21282;1.21288;1.21285;0;T;True;1
1621231415000;14121292;1.21282;1.21288;1.21285;0;T;True;1
1621231416000;14121294;1.21283;1.21289;1.21286;1;T;True;1
1621231417000;14121296;1.21282;1.21288;1.21285;1;T;True;1
1621231418000;14121297;1.21282;1.21288;1.21285;0;T;True;1
1621231419000;14121298;1.21282;1.21288;1.21285;0;T;True;1
1621231420000;14121301;1.2128;1.21286;1.21283;2;T;True;1
1621231421000;14121302;1.2128;1.21286;1.21283;0;T;True;1
1621231422000;14121303;1.2128;1.21286;1.21283;0;T;True;1
1621231423000;14121307;1.21281;1.21287;1.21284;3;T;True;1
1621231424000;14121309;1.21281;1.21287;1.21284;1;T;True;1
1621231425000;14121310;1.21281;1.21287;1.21284;0;T;True;1
1621231426000;14121311;1.21281;1.21287;1.21284;0;T;True;1
1621231427000;14121313;1.21281;1.21287;1.21284;1;T;True;1
1621231428000;14121316;1.21281;1.21287;1.21284;2;T;True;1
1621231429000;14121317;1.21281;1.21287;1.21284;0;T;True;1
1621231430000;14121318;1.21281;1.21287;1.21284;0;T;True;1
1621231431000;14121321;1.21282;1.21288;1.21285;2;T;True;1
1621231432000;14121327;1.21278;1.21284;1.21281;5;T;True;1
1621231433000;14121331;1.21278;1.21284;1.21281;3;T;True;1
1621231434000;14121333;1.21278;1.21284;1.21281;1;T;True;1
1621231435000;14121338;1.21279;1.21285;1.21282;4;T;True;1
1621231436000;14121341;1.2128;1.21286;1.21283;2;T;True;1
1621231437000;14121342;1.2128;1.21286;1.21283;0;T;True;1
1621231438000;14121346;1.2128;1.21286;1.21283;3;T;True;1
1621231439000;14121349;1.21278;1.21284;1.21281;2;T;True;1
1621231440000;14121351;1.21278;1.21284;1.21281;1;T;True;1
1621231441000;14121355;1.2128;1.21286;1.21283;3;T;True;1
1621231442000;14121357;1.2128;1.21286;1.21283;1;T;True;1
1621231443000;14121358;1.2128;1.21286;1.21283;0;T;True;1
1621231444000;14121365;1.21281;1.21287;1.21284;6;T;True;1
1621231445000;14121366;1.21281;1.21287;1.21284;0;T;True;1
1621231446000;14121368;1.21282;1.21288;1.21285;1;T;True;1
1621231447000;14121369;1.21282;1.21288;1.21285;0;T;True;1
1621231448000;14121370;1.21282;1.21288;1.21285;0;T;True;1
1621231449000;14121371;1.21282;1.21288;1.21285;0;T;True;1
1621231450000;14121372;1.21282;1.21288;1.21285;0;T;True;1
1621231451000;14121373;1.21282;1.21288;1.21285;0;T;True;1
1621231452000;14121374;1.21282;1.21288;1.21285;0;T;True;1
1621231453000;14121375;1.21282;1.21288;1.21285;0;T;True;1
1621231454000;14121378;1.21282;1.21288;1.21285;2;T;True;1
1621231455000;14121379;1.21282;1.21288;1.21285;0;T;True;1
1621231456000;14121380;1.21282;1.21288;1.21285;0;T;True;1
1621231457000;14121381;1.21282;1.21288;1.21285;0;T;True;1
1621231458000;14121382;1.21282;1.21288;1.21285;0;T;True;1
1621231459000;14121385;1.21282;1.21288;1.21285;2;T;True;1
1621231460000;14121387;1.21283;1.21289;1.21286;1;T;True;1
1621231461000;14121388;1.21283;1.21289;1.21286;0;T;True;1
1621231462000;14121389;1.21283;1.21289;1.21286;0;T;True;1
1621231463000;14121390;1.21283;1.21289;1.21286;0;T;True;1
1621231464000;14121391;1.21283;1.21289;1.21286;0;T;True;1
1621231465000;14121392;1.21283;1.21289;1.21286;0;T;True;1
1621231466000;14121393;1.21283;1.21289;1.21286;0;T;True;1
1621231467000;14121394;1.21283;1.21289;1.21286;0;T;True;1
1621231468000;14121395;1.21283;1.21289;1.21286;0;T;True;1
1621231469000;14121396;1.21283;1.21289;1.21286;0;T;True;1
1621231470000;14121397;1.21283;1.21289;1.21286;0;T;True;1
1621231471000;14121400;1.21284;1.2129;1.21287;2;T;True;1
1621231472000;14121401;1.21284;1.2129;1.21287;0;T;True;1
1621231473000;14121402;1.21284;1.2129;1.21287;0;T;True;1
1621231474000;14121404;1.21284;1.2129;1.21287;1;T;True;1
1621231475000;14121406;1.21284;1.2129;1.21287;1;T;True;1
1621231476000;14121408;1.21285;1.21291;1.21288;1;T;True;1
1621231477000;14121411;1.21284;1.2129;1.21287;2;T;True;1
1621231478000;14121412;1.21284;1.2129;1.21287;0;T;True;1
1621231479000;14121415;1.21285;1.21291;1.21288;2;T;True;1
1621231480000;14121416;1.21285;1.21291;1.21288;0;T;True;1
1621231481000;14121418;1.21284;1.2129;1.21287;1;T;True;1
1621231482000;14121421;1.21284;1.2129;1.21287;2;T;True;1
1621231483000;14121422;1.21284;1.2129;1.21287;0;T;True;1
1621231484000;14121423;1.21284;1.2129;1.21287;0;T;True;1
1621231485000;14121425;1.21283;1.21289;1.21286;1;T;True;1
1621231486000;14121426;1.21283;1.21289;1.21286;0;T;True;1
1621231487000;14121427;1.21283;1.21289;1.21286;0;T;True;1
1621231488000;14121429;1.21284;1.2129;1.21287;1;T;True;1
1621231489000;14121430;1.21284;1.2129;1.21287;0;T;True;1
1621231490000;14121431;1.21284;1.2129;1.21287;0;T;True;1
1621231491000;14121432;1.21284;1.2129;1.21287;0;T;True;1
1621231492000;14121433;1.21284;1.2129;1.21287;0;T;True;1
1621231493000;14121434;1.21284;1.2129;1.21287;0;T;True;1
1621231494000;14121435;1.21284;1.2129;1.21287;0;T;True;1
1621231495000;14121438;1.21283;1.21289;1.21286;2;T;True;1
1621231496000;14121439;1.21283;1.21289;1.21286;0;T;True;1
1621231497000;14121441;1.21282;1.21288;1.21285;1;T;True;1
1621231498000;14121442;1.21282;1.21288;1.21285;0;T;True;1
1621231499000;14121443;1.21282;1.21288;1.21285;0;T;True;1
1621231500000;14121444;1.21282;1.21288;1.21285;0;T;True;1
1621231501000;14121446;1.21282;1.21288;1.21285;1;T;True;1
1621231502000;14121448;1.21282;1.21288;1.21285;1;T;True;1
1621231503000;14121449;1.21282;1.21288;1.21285;0;T;True;1
1621231504000;14121450;1.21282;1.21288;1.21285;0;T;True;1
1621231505000;14121453;1.21282;1.21288;1.21285;2;T;True;1
1621231506000;14121458;1.2128;1.21286;1.21283;4;T;True;1
1621231507000;14121459;1.2128;1.21286;1.21283;0;T;True;1
1621231508000;14121460;1.2128;1.21286;1.21283;0;T;True;1
1621231509000;14121461;1.2128;1.21286;1.21283;0;T;True;1
1621231510000;14121462;1.2128;1.21286;1.21283;0;T;True;1
1621231511000;14121464;1.21282;1.21288;1.21285;1;T;True;1
1621231512000;14121465;1.21282;1.21288;1.21285;0;T;True;1
1621231513000;14121466;1.21282;1.21288;1.21285;0;T;True;1
1621231514000;14121467;1.21282;1.21288;1.21285;0;T;True;1
1621231515000;14121468;1.21282;1.21288;1.21285;0;T;True;1
1621231516000;14121469;1.21282;1.21288;1.21285;0;T;True;1
1621231517000;14121472;1.21282;1.21288;1.21285;2;T;True;1
1621231518000;14121474;1.21283;1.21289;1.21286;1;T;True;1
1621231519000;14121475;1.21283;1.21289;1.21286;0;T;True;1
1621231520000;14121476;1.21283;1.21289;1.21286;0;T;True;1
1621231521000;14121478;1.21282;1.21288;1.21285;1;T;True;1
1621231522000;14121480;1.21282;1.21288;1.21285;1;T;True;1
1621231523000;14121481;1.21282;1.21288;1.21285;0;T;True;1
1621231524000;14121482;1.21282;1.21288;1.21285;0;T;True;1
1621231525000;14121486;1.21282;1.21288;1.21285;3;T;True;1
1621231526000;14121488;1.21282;1.21288;1.21285;1;T;True;1
1621231527000;14121489;1.21282;1.21288;1.21285;0;T;True;1
1621231528000;14121490;1.21282;1.21288;1.21285;0;T;True;1
1621231529000;14121491;1.21282;1.21288;1.21285;0;T;True;1
1621231530000;14121492;1.21282;1.21288;1.21285;0;T;True;1
1621231531000;14121493;1.21282;1.21288;1.21285;0;T;True;1
1621231532000;14121495;1.21282;1.21288;1.21285;1;T;True;1
1621231533000;14121496;1.21282;1.21288;1.21285;0;T;True;1
1621231534000;14121498;1.21282;1.21288;1.21285;1;T;True;1
1621231535000;14121502;1.21282;1.21288;1.21285;3;T;True;1
1621231536000;14121504;1.21282;1.21288;1.21285;1;T;True;1
1621231537000;14121510;1.21282;1.21288;1.21285;5;T;True;1
1621231538000;14121511;1.21282;1.21288;1.21285;0;T;True;1
1621231539000;14121512;1.21282;1.21288;1.21285;0;T;True;1
1621231540000;14121513;1.21282;1.21288;1.21285;0;T;True;1
1621231541000;14121514;1.21282;1.21288;1.21285;0;T;True;1
1621231542000;14121515;1.21282;1.21288;1.21285;0;T;True;1
1621231543000;14121516;1.21282;1.21288;1.21285;0;T;True;1
1621231544000;14121519;1.21284;1.2129;1.21287;2;T;True;1
1621231545000;14121521;1.21285;1.21291;1.21288;1;T;True;1
1621231546000;14121530;1.21282;1.21288;1.21285;8;T;True;1
1621231547000;14121532;1.21282;1.21288;1.21285;1;T;True;1
1621231548000;14121533;1.21282;1.21288;1.21285;0;T;True;1
1621231549000;14121534;1.21282;1.21288;1.21285;0;T;True;1
1621231550000;14121535;1.21282;1.21288;1.21285;0;T;True;1
1621231551000;14121539;1.21282;1.21288;1.21285;3;T;True;1
1621231552000;14121540;1.21282;1.21288;1.21285;0;T;True;1
1621231553000;14121544;1.21282;1.21288;1.21285;3;T;True;1
1621231554000;14121545;1.21282;1.21288;1.21285;0;T;True;1
1621231555000;14121547;1.21283;1.21289;1.21286;1;T;True;1
1621231556000;14121554;1.21278;1.21284;1.21281;6;T;True;1
1621231557000;14121555;1.21278;1.21284;1.21281;0;T;True;1
1621231558000;14121559;1.21278;1.21284;1.21281;3;T;True;1
1621231559000;14121560;1.21278;1.21284;1.21281;0;T;True;1
1621231560000;14121561;1.21278;1.21284;1.21281;0;T;True;1
1621231561000;14121564;1.21275;1.21281;1.21278;2;T;True;1
1621231562000;14121566;1.21274;1.2128;1.21277;1;T;True;1
1621231563000;14121569;1.21274;1.2128;1.21277;2;T;True;1
1621231564000;14121574;1.21272;1.21278;1.21275;4;T;True;1
1621231565000;14121576;1.21272;1.21278;1.21275;1;T;True;1
1621231566000;14121580;1.21272;1.21278;1.21275;3;T;True;1
1621231567000;14121582;1.21274;1.2128;1.21277;1;T;True;1
1621231568000;14121583;1.21274;1.2128;1.21277;0;T;True;1
1621231569000;14121584;1.21274;1.2128;1.21277;0;T;True;1
1621231570000;14121586;1.21273;1.21279;1.21276;1;T;True;1
1621231571000;14121594;1.21274;1.2128;1.21277;7;T;True;1
1621231572000;14121596;1.21274;1.2128;1.21277;1;T;True;1
1621231573000;14121600;1.21276;1.21282;1.21279;3;T;True;1
1621231574000;14121601;1.21276;1.21282;1.21279;0;T;True;1
1621231575000;14121602;1.21276;1.21282;1.21279;0;T;True;1
1621231576000;14121603;1.21276;1.21282;1.21279;0;T;True;1
1621231577000;14121604;1.21276;1.21282;1.21279;0;T;True;1
1621231578000;14121605;1.21276;1.21282;1.21279;0;T;True;1
1621231579000;14121606;1.21276;1.21282;1.21279;0;T;True;1
1621231580000;14121607;1.21276;1.21282;1.21279;0;T;True;1
1621231581000;14121608;1.21276;1.21282;1.21279;0;T;True;1
1621231582000;14121609;1.21276;1.21282;1.21279;0;T;True;1
1621231583000;14121610;1.21276;1.21282;1.21279;0;T;True;1
1621231584000;14121611;1.21276;1.21282;1.21279;0;T;True;1
1621231585000;14121612;1.21276;1.21282;1.21279;0;T;True;1
1621231586000;14121613;1.21276;1.21282;1.21279;0;T;True;1
1621231587000;14121614;1.21276;1.21282;1.21279;0;T;True;1
1621231588000;14121615;1.21276;1.21282;1.21279;0;T;True;1
1621231589000;14121616;1.21276;1.21282;1.21279;0;T;True;1
1621231590000;14121617;1.21276;1.21282;1.21279;0;T;True;1
1621231591000;14121618;1.21276;1.21282;1.21279;0;T;True;1
1621231592000;14121619;1.21276;1.21282;1.21279;0;T;True;1
1621231593000;14121620;1.21276;1.21282;1.21279;0;T;True;1
1621231594000;14121621;1.21276;1.21282;1.21279;0;T;True;1
1621231595000;14121622;1.21276;1.21282;1.21279;0;T;True;1
1621231596000;14121623;1.21276;1.21282;1.21279;0;T;True;1
1621231597000;14121624;1.21276;1.21282;1.21279;0;T;True;1
1621231598000;14121625;1.21276;1.21282;1.21279;0;T;True;1
1621231599000;14121626;1.21276;1.21282;1.21279;0;T;True;1
1621231600000;14121627;1.21276;1.21282;1.21279;0;T;True;1
1621231601000;14121628;1.21276;1.21282;1.21279;0;T;True;1
1621231602000;14121629;1.21276;1.21282;1.21279;0;T;True;1
1621231603000;14121630;1.21276;1.21282;1.21279;0;T;True;1
1621231604000;14121631;1.21276;1.21282;1.21279;0;T;True;1
1621231605000;14121632;1.21276;1.21282;1.21279;0;T;True;1
1621231606000;14121633;1.21276;1.21282;1.21279;0;T;True;1
1621231607000;14121639;1.21278;1.21284;1.21281;5;T;True;1
1621231608000;14121640;1.21278;1.21284;1.21281;0;T;True;1
1621231609000;14121641;1.21278;1.21284;1.21281;0;T;True;1
1621231610000;14121642;1.21278;1.21284;1.21281;0;T;True;1
1621231611000;14121643;1.21278;1.21284;1.21281;0;T;True;1
1621231612000;14121644;1.21278;1.21284;1.21281;0;T;True;1
1621231613000;14121645;1.21278;1.21284;1.21281;0;T;True;1
1621231614000;14121648;1.21279;1.21285;1.21282;2;T;True;1
1621231615000;14121649;1.21279;1.21285;1.21282;0;T;True;1
1621231616000;14121650;1.21279;1.21285;1.21282;0;T;True;1
1621231617000;14121651;1.21279;1.21285;1.21282;0;T;True;1
1621231618000;14121652;1.21279;1.21285;1.21282;0;T;True;1
1621231619000;14121654;1.21278;1.21284;1.21281;1;T;True;1
1621231620000;14121655;1.21278;1.21284;1.21281;0;T;True;1
1621231621000;14121656;1.21278;1.21284;1.21281;0;T;True;1
1621231622000;14121657;1.21278;1.21284;1.21281;0;T;True;1
1621231623000;14121658;1.21278;1.21284;1.21281;0;T;True;1
1621231624000;14121659;1.21278;1.21284;1.21281;0;T;True;1
1621231625000;14121660;1.21278;1.21284;1.21281;0;T;True;1
1621231626000;14121662;1.21278;1.21284;1.21281;1;T;True;1
1621231627000;14121663;1.21278;1.21284;1.21281;0;T;True;1
1621231628000;14121664;1.21278;1.21284;1.21281;0;T;True;1
1621231629000;14121665;1.21278;1.21284;1.21281;0;T;True;1
1621231630000;14121667;1.21279;1.21285;1.21282;1;T;True;1
1621231631000;14121668;1.21279;1.21285;1.21282;0;T;True;1
1621231632000;14121673;1.21282;1.21288;1.21285;4;T;True;1
1621231633000;14121675;1.21283;1.21289;1.21286;1;T;True;1
1621231634000;14121678;1.21284;1.2129;1.21287;2;T;True;1
1621231635000;14121681;1.21284;1.2129;1.21287;2;T;True;1
1621231636000;14121682;1.21284;1.2129;1.21287;0;T;True;1
1621231637000;14121683;1.21284;1.2129;1.21287;0;T;True;1
1621231638000;14121692;1.2129;1.21296;1.21293;8;T;True;1
1621231639000;14121699;1.21291;1.21297;1.21294;6;T;True;1
1621231640000;14121700;1.21291;1.21297;1.21294;0;T;True;1
1621231641000;14121703;1.21291;1.21297;1.21294;2;T;True;1
1621231642000;14121707;1.2129;1.21296;1.21293;3;T;True;1
1621231643000;14121709;1.2129;1.21296;1.21293;1;T;True;1
1621231644000;14121711;1.2129;1.21296;1.21293;1;T;True;1
1621231645000;14121716;1.21294;1.213;1.21297;4;T;True;1
1621231646000;14121720;1.21294;1.213;1.21297;3;T;True;1
1621231647000;14121721;1.21294;1.213;1.21297;0;T;True;1
1621231648000;14121723;1.21294;1.213;1.21297;1;T;True;1
1621231649000;14121724;1.21294;1.213;1.21297;0;T;True;1
1621231650000;14121725;1.21294;1.213;1.21297;0;T;True;1
1621231651000;14121728;1.21294;1.213;1.21297;2;T;True;1
1621231652000;14121731;1.21294;1.213;1.21297;2;T;True;1
1621231653000;14121734;1.21295;1.21301;1.21298;2;T;True;1
1621231654000;14121740;1.21297;1.21303;1.213;5;T;True;1
1621231655000;14121741;1.21297;1.21303;1.213;0;T;True;1
1621231656000;14121743;1.21296;1.21302;1.21299;1;T;True;1
1621231657000;14121745;1.21297;1.21303;1.213;1;T;True;1
1621231658000;14121753;1.21301;1.21307;1.21304;7;T;True;1
1621231659000;14121754;1.21301;1.21307;1.21304;0;T;True;1
1621231660000;14121755;1.21301;1.21307;1.21304;0;T;True;1
1621231661000;14121756;1.21301;1.21307;1.21304;0;T;True;1
1621231662000;14121763;1.21302;1.21308;1.21305;6;T;True;1
1621231663000;14121770;1.21298;1.21304;1.21301;6;T;True;1
1621231664000;14121774;1.21296;1.21302;1.21299;3;T;True;1
1621231665000;14121775;1.21296;1.21302;1.21299;0;T;True;1
1621231666000;14121777;1.21295;1.21301;1.21298;1;T;True;1
1621231667000;14121780;1.21293;1.21299;1.21296;2;T;True;1
1621231668000;14121782;1.21292;1.21298;1.21295;1;T;True;1
1621231669000;14121783;1.21292;1.21298;1.21295;0;T;True;1
1621231670000;14121784;1.21292;1.21298;1.21295;0;T;True;1
1621231671000;14121785;1.21292;1.21298;1.21295;0;T;True;1
1621231672000;14121786;1.21292;1.21298;1.21295;0;T;True;1
1621231673000;14121787;1.21292;1.21298;1.21295;0;T;True;1
1621231674000;14121790;1.21293;1.21299;1.21296;2;T;True;1
1621231675000;14121800;1.21297;1.21303;1.213;9;T;True;1
1621231676000;14121801;1.21297;1.21303;1.213;0;T;True;1
1621231677000;14121810;1.21306;1.21312;1.21309;8;T;True;1
1621231678000;14121812;1.21305;1.21311;1.21308;1;T;True;1
1621231679000;14121814;1.21304;1.2131;1.21307;1;T;True;1
1621231680000;14121818;1.21306;1.21312;1.21309;3;T;True;1
1621231681000;14121819;1.21306;1.21312;1.21309;0;T;True;1
1621231682000;14121821;1.21305;1.21311;1.21308;1;T;True;1
1621231683000;14121828;1.21306;1.21312;1.21309;6;T;True;1
1621231684000;14121833;1.21305;1.21311;1.21308;4;T;True;1
1621231685000;14121837;1.21306;1.21312;1.21309;3;T;True;1
1621231686000;14121843;1.21308;1.21314;1.21311;5;T;True;1
1621231687000;14121844;1.21308;1.21314;1.21311;0;T;True;1
1621231688000;14121845;1.21308;1.21314;1.21311;0;T;True;1
1621231689000;14121846;1.21308;1.21314;1.21311;0;T;True;1
1621231690000;14121851;1.21308;1.21314;1.21311;4;T;True;1
1621231691000;14121853;1.21308;1.21314;1.21311;1;T;True;1
1621231692000;14121857;1.21308;1.21314;1.21311;3;T;True;1
1621231693000;14121864;1.21306;1.21312;1.21309;6;T;True;1
1621231694000;14121870;1.21305;1.21311;1.21308;5;T;True;1
1621231695000;14121877;1.21307;1.21313;1.2131;6;T;True;1
1621231696000;14121886;1.21312;1.21318;1.21315;8;T;True;1
1621231697000;14121887;1.21312;1.21318;1.21315;0;T;True;1
1621231698000;14121888;1.21312;1.21318;1.21315;0;T;True;1
1621231699000;14121890;1.21312;1.21318;1.21315;1;T;True;1
1621231700000;14121893;1.21312;1.21318;1.21315;2;T;True;1
1621231701000;14121895;1.21312;1.21318;1.21315;1;T;True;1
1621231702000;14121898;1.21312;1.21318;1.21315;2;T;True;1
1621231703000;14121899;1.21312;1.21318;1.21315;0;T;True;1
1621231704000;14121900;1.21312;1.21318;1.21315;0;T;True;1
1621231705000;14121901;1.21312;1.21318;1.21315;0;T;True;1
1621231706000;14121902;1.21312;1.21318;1.21315;0;T;True;1
1621231707000;14121904;1.21313;1.21319;1.21316;1;T;True;1
1621231708000;14121906;1.21314;1.2132;1.21317;1;T;True;1
1621231709000;14121913;1.21318;1.21324;1.21321;6;T;True;1
1621231710000;14121914;1.21318;1.21324;1.21321;0;T;True;1
1621231711000;14121915;1.21318;1.21324;1.21321;0;T;True;1
1621231712000;14121916;1.21318;1.21324;1.21321;0;T;True;1
1621231713000;14121918;1.21318;1.21324;1.21321;1;T;True;1
1621231714000;14121921;1.21318;1.21324;1.21321;2;T;True;1
1621231715000;14121923;1.21318;1.21324;1.21321;1;T;True;1
1621231716000;14121929;1.21322;1.21328;1.21325;5;T;True;1
1621231717000;14121931;1.21322;1.21328;1.21325;1;T;True;1
1621231718000;14121933;1.21323;1.21329;1.21326;1;T;True;1
1621231719000;14121936;1.21324;1.2133;1.21327;2;T;True;1
1621231720000;14121941;1.21322;1.21328;1.21325;4;T;True;1
1621231721000;14121946;1.21322;1.21328;1.21325;4;T;True;1
1621231722000;14121951;1.21322;1.21328;1.21325;4;T;True;1
1621231723000;14121954;1.21322;1.21328;1.21325;2;T;True;1
1621231724000;14121955;1.21322;1.21328;1.21325;0;T;True;1
1621231725000;14121957;1.21323;1.21329;1.21326;1;T;True;1
1621231726000;14121960;1.21324;1.2133;1.21327;2;T;True;1
1621231727000;14121961;1.21324;1.2133;1.21327;0;T;True;1
1621231728000;14121962;1.21324;1.2133;1.21327;0;T;True;1
1621231729000;14121963;1.21324;1.2133;1.21327;0;T;True;1
1621231730000;14121964;1.21324;1.2133;1.21327;0;T;True;1
1621231731000;14121966;1.21324;1.2133;1.21327;1;T;True;1
1621231732000;14121967;1.21324;1.2133;1.21327;0;T;True;1
1621231733000;14121968;1.21324;1.2133;1.21327;0;T;True;1
1621231734000;14121970;1.21324;1.2133;1.21327;1;T;True;1
1621231735000;14121971;1.21324;1.2133;1.21327;0;T;True;1
1621231736000;14121977;1.21329;1.21335;1.21332;5;T;True;1
1621231737000;14121978;1.21329;1.21335;1.21332;0;T;True;1
1621231738000;14121980;1.2133;1.21336;1.21333;1;T;True;1
1621231739000;14121981;1.2133;1.21336;1.21333;0;T;True;1
1621231740000;14121982;1.2133;1.21336;1.21333;0;T;True;1
1621231741000;14121983;1.2133;1.21336;1.21333;0;T;True;1
1621231742000;14121987;1.2133;1.21336;1.21333;3;T;True;1
1621231743000;14121992;1.21331;1.21337;1.21334;4;T;True;1
1621231744000;14122005;1.21326;1.21332;1.21329;12;T;True;1
1621231745000;14122008;1.21324;1.2133;1.21327;2;T;True;1
1621231746000;14122009;1.21324;1.2133;1.21327;0;T;True;1
1621231747000;14122014;1.21324;1.2133;1.21327;4;T;True;1
1621231748000;14122016;1.21326;1.21332;1.21329;1;T;True;1
1621231749000;14122021;1.21325;1.21331;1.21328;4;T;True;1
1621231750000;14122023;1.21324;1.2133;1.21327;1;T;True;1
1621231751000;14122024;1.21324;1.2133;1.21327;0;T;True;1
1621231752000;14122025;1.21324;1.2133;1.21327;0;T;True;1
1621231753000;14122030;1.21321;1.21327;1.21324;4;T;True;1
1621231754000;14122033;1.2132;1.21326;1.21323;2;T;True;1
1621231755000;14122041;1.21322;1.21328;1.21325;7;T;True;1
1621231756000;14122047;1.21322;1.21328;1.21325;5;T;True;1
1621231757000;14122049;1.21322;1.21328;1.21325;1;T;True;1
1621231758000;14122051;1.21322;1.21328;1.21325;1;T;True;1
1621231759000;14122053;1.21322;1.21328;1.21325;1;T;True;1
1621231760000;14122056;1.21322;1.21328;1.21325;2;T;True;1
1621231761000;14122059;1.21323;1.21329;1.21326;2;T;True;1
1621231762000;14122062;1.21323;1.21329;1.21326;2;T;True;1
1621231763000;14122067;1.21322;1.21328;1.21325;4;T;True;1
1621231764000;14122069;1.21323;1.21329;1.21326;1;T;True;1
1621231765000;14122070;1.21323;1.21329;1.21326;0;T;True;1
1621231766000;14122076;1.21324;1.2133;1.21327;5;T;True;1
1621231767000;14122082;1.21324;1.2133;1.21327;5;T;True;1
1621231768000;14122084;1.21324;1.2133;1.21327;1;T;True;1
1621231769000;14122086;1.21323;1.21329;1.21326;1;T;True;1
1621231770000;14122087;1.21323;1.21329;1.21326;0;T;True;1
1621231771000;14122088;1.21323;1.21329;1.21326;0;T;True;1
1621231772000;14122092;1.21322;1.21328;1.21325;3;T;True;1
1621231773000;14122096;1.21322;1.21328;1.21325;3;T;True;1
1621231774000;14122105;1.21322;1.21328;1.21325;8;T;True;1
1621231775000;14122107;1.21322;1.21328;1.21325;1;T;True;1
1621231776000;14122108;1.21322;1.21328;1.21325;0;T;True;1
1621231777000;14122111;1.21322;1.21328;1.21325;2;T;True;1
1621231778000;14122112;1.21322;1.21328;1.21325;0;T;True;1
1621231779000;14122113;1.21322;1.21328;1.21325;0;T;True;1
1621231780000;14122114;1.21322;1.21328;1.21325;0;T;True;1
1621231781000;14122115;1.21322;1.21328;1.21325;0;T;True;1
1621231782000;14122118;1.21322;1.21328;1.21325;2;T;True;1
1621231783000;14122121;1.21322;1.21328;1.21325;2;T;True;1
1621231784000;14122122;1.21322;1.21328;1.21325;0;T;True;1
1621231785000;14122123;1.21322;1.21328;1.21325;0;T;True;1
1621231786000;14122124;1.21322;1.21328;1.21325;0;T;True;1
1621231787000;14122125;1.21322;1.21328;1.21325;0;T;True;1
1621231788000;14122126;1.21322;1.21328;1.21325;0;T;True;1
1621231789000;14122127;1.21322;1.21328;1.21325;0;T;True;1
1621231790000;14122128;1.21322;1.21328;1.21325;0;T;True;1
1621231791000;14122129;1.21322;1.21328;1.21325;0;T;True;1
1621231792000;14122130;1.21322;1.21328;1.21325;0;T;True;1
1621231793000;14122134;1.21318;1.21324;1.21321;3;T;True;1
1621231794000;14122135;1.21318;1.21324;1.21321;0;T;True;1
1621231795000;14122141;1.21314;1.2132;1.21317;5;T;True;1
1621231796000;14122145;1.21314;1.2132;1.21317;3;T;True;1
1621231797000;14122149;1.21317;1.21323;1.2132;3;T;True;1
1621231798000;14122151;1.21318;1.21324;1.21321;1;T;True;1
1621231799000;14122153;1.21317;1.21323;1.2132;1;T;True;1
1621231800000;14122154;1.21317;1.21323;1.2132;0;T;True;1
1621231801000;14122157;1.21318;1.21324;1.21321;2;T;True;1
1621231802000;14122161;1.21317;1.21323;1.2132;3;T;True;1
1621231803000;14122162;1.21317;1.21323;1.2132;0;T;True;1
1621231804000;14122163;1.21317;1.21323;1.2132;0;T;True;1
1621231805000;14122164;1.21317;1.21323;1.2132;0;T;True;1
1621231806000;14122167;1.21317;1.21323;1.2132;2;T;True;1
1621231807000;14122169;1.21318;1.21324;1.21321;1;T;True;1
1621231808000;14122170;1.21318;1.21324;1.21321;0;T;True;1
1621231809000;14122171;1.21318;1.21324;1.21321;0;T;True;1
1621231810000;14122172;1.21318;1.21324;1.21321;0;T;True;1
1621231811000;14122173;1.21318;1.21324;1.21321;0;T;True;1
1621231812000;14122174;1.21318;1.21324;1.21321;0;T;True;1
1621231813000;14122175;1.21318;1.21324;1.21321;0;T;True;1
1621231814000;14122176;1.21318;1.21324;1.21321;0;T;True;1
1621231815000;14122177;1.21318;1.21324;1.21321;0;T;True;1
1621231816000;14122184;1.21321;1.21327;1.21324;6;T;True;1
1621231817000;14122186;1.21322;1.21328;1.21325;1;T;True;1
1621231818000;14122188;1.21322;1.21328;1.21325;1;T;True;1
1621231819000;14122190;1.21322;1.21328;1.21325;1;T;True;1
1621231820000;14122191;1.21322;1.21328;1.21325;0;T;True;1
1621231821000;14122192;1.21322;1.21328;1.21325;0;T;True;1
1621231822000;14122193;1.21322;1.21328;1.21325;0;T;True;1
1621231823000;14122198;1.21319;1.21325;1.21322;4;T;True;1
1621231824000;14122199;1.21319;1.21325;1.21322;0;T;True;1
1621231825000;14122203;1.21319;1.21325;1.21322;3;T;True;1
1621231826000;14122204;1.21319;1.21325;1.21322;0;T;True;1
1621231827000;14122205;1.21319;1.21325;1.21322;0;T;True;1
1621231828000;14122206;1.21319;1.21325;1.21322;0;T;True;1
1621231829000;14122207;1.21319;1.21325;1.21322;0;T;True;1
1621231830000;14122208;1.21319;1.21325;1.21322;0;T;True;1
1621231831000;14122209;1.21319;1.21325;1.21322;0;T;True;1
1621231832000;14122210;1.21319;1.21325;1.21322;0;T;True;1
1621231833000;14122212;1.21319;1.21325;1.21322;1;T;True;1
1621231834000;14122213;1.21319;1.21325;1.21322;0;T;True;1
1621231835000;14122215;1.21318;1.21324;1.21321;1;T;True;1
1621231836000;14122216;1.21318;1.21324;1.21321;0;T;True;1
1621231837000;14122217;1.21318;1.21324;1.21321;0;T;True;1
1621231838000;14122218;1.21318;1.21324;1.21321;0;T;True;1
1621231839000;14122219;1.21318;1.21324;1.21321;0;T;True;1
1621231840000;14122220;1.21318;1.21324;1.21321;0;T;True;1
1621231841000;14122221;1.21318;1.21324;1.21321;0;T;True;1
1621231842000;14122222;1.21318;1.21324;1.21321;0;T;True;1
1621231843000;14122223;1.21318;1.21324;1.21321;0;T;True;1
1621231844000;14122225;1.21319;1.21325;1.21322;1;T;True;1
1621231845000;14122227;1.21318;1.21324;1.21321;1;T;True;1
1621231846000;14122228;1.21318;1.21324;1.21321;0;T;True;1
1621231847000;14122230;1.21317;1.21323;1.2132;1;T;True;1
1621231848000;14122231;1.21317;1.21323;1.2132;0;T;True;1
1621231849000;14122232;1.21317;1.21323;1.2132;0;T;True;1
1621231850000;14122233;1.21317;1.21323;1.2132;0;T;True;1
1621231851000;14122235;1.21317;1.21323;1.2132;1;T;True;1
1621231852000;14122237;1.21318;1.21324;1.21321;1;T;True;1
1621231853000;14122238;1.21318;1.21324;1.21321;0;T;True;1
1621231854000;14122239;1.21318;1.21324;1.21321;0;T;True;1
1621231855000;14122240;1.21318;1.21324;1.21321;0;T;True;1
1621231856000;14122241;1.21318;1.21324;1.21321;0;T;True;1
1621231857000;14122243;1.21317;1.21323;1.2132;1;T;True;1
1621231858000;14122244;1.21317;1.21323;1.2132;0;T;True;1
1621231859000;14122245;1.21317;1.21323;1.2132;0;T;True;1
1621231860000;14122247;1.21316;1.21322;1.21319;1;T;True;1
1621231861000;14122252;1.21316;1.21322;1.21319;4;T;True;1
1621231862000;14122255;1.21317;1.21323;1.2132;2;T;True;1
1621231863000;14122256;1.21317;1.21323;1.2132;0;T;True;1
1621231864000;14122259;1.21318;1.21324;1.21321;2;T;True;1
1621231865000;14122260;1.21318;1.21324;1.21321;0;T;True;1
1621231866000;14122263;1.21318;1.21324;1.21321;2;T;True;1
1621231867000;14122264;1.21318;1.21324;1.21321;0;T;True;1
1621231868000;14122265;1.21318;1.21324;1.21321;0;T;True;1
1621231869000;14122268;1.21318;1.21324;1.21321;2;T;True;1
1621231870000;14122271;1.21318;1.21324;1.21321;2;T;True;1
1621231871000;14122274;1.21318;1.21324;1.21321;2;T;True;1
1621231872000;14122275;1.21318;1.21324;1.21321;0;T;True;1
1621231873000;14122276;1.21318;1.21324;1.21321;0;T;True;1
1621231874000;14122277;1.21318;1.21324;1.21321;0;T;True;1
1621231875000;14122278;1.21318;1.21324;1.21321;0;T;True;1
1621231876000;14122280;1.21318;1.21324;1.21321;1;T;True;1
1621231877000;14122282;1.21318;1.21324;1.21321;1;T;True;1
1621231878000;14122291;1.21313;1.21319;1.21316;8;T;True;1
1621231879000;14122295;1.21313;1.21319;1.21316;3;T;True;1
1621231880000;14122296;1.21313;1.21319;1.21316;0;T;True;1
1621231881000;14122300;1.21312;1.21318;1.21315;3;T;True;1
1621231882000;14122312;1.21308;1.21314;1.21311;11;T;True;1
1621231883000;14122314;1.21309;1.21315;1.21312;1;T;True;1
1621231884000;14122324;1.21316;1.21322;1.21319;9;T;True;1
1621231885000;14122331;1.21317;1.21323;1.2132;6;T;True;1
1621231886000;14122334;1.21317;1.21323;1.2132;2;T;True;1
1621231887000;14122337;1.21317;1.21323;1.2132;2;T;True;1
1621231888000;14122338;1.21317;1.21323;1.2132;0;T;True;1
1621231889000;14122341;1.21318;1.21324;1.21321;2;T;True;1
1621231890000;14122342;1.21318;1.21324;1.21321;0;T;True;1
1621231891000;14122345;1.21319;1.21325;1.21322;2;T;True;1
1621231892000;14122349;1.21322;1.21328;1.21325;3;T;True;1
1621231893000;14122350;1.21322;1.21328;1.21325;0;T;True;1
1621231894000;14122351;1.21322;1.21328;1.21325;0;T;True;1
1621231895000;14122353;1.21322;1.21328;1.21325;1;T;True;1
1621231896000;14122354;1.21322;1.21328;1.21325;0;T;True;1
1621231897000;14122357;1.21323;1.21329;1.21326;2;T;True;1
1621231898000;14122360;1.21322;1.21328;1.21325;2;T;True;1
1621231899000;14122362;1.21322;1.21328;1.21325;1;T;True;1
1621231900000;14122364;1.21321;1.21327;1.21324;1;T;True;1
1621231901000;14122365;1.21321;1.21327;1.21324;0;T;True;1
1621231902000;14122366;1.21321;1.21327;1.21324;0;T;True;1
1621231903000;14122369;1.21322;1.21328;1.21325;2;T;True;1
1621231904000;14122374;1.21322;1.21328;1.21325;4;T;True;1
1621231905000;14122377;1.21322;1.21328;1.21325;2;T;True;1
1621231906000;14122378;1.21322;1.21328;1.21325;0;T;True;1
1621231907000;14122381;1.21322;1.21328;1.21325;2;T;True;1
1621231908000;14122382;1.21322;1.21328;1.21325;0;T;True;1
1621231909000;14122388;1.21323;1.21329;1.21326;5;T;True;1
1621231910000;14122389;1.21323;1.21329;1.21326;0;T;True;1
1621231911000;14122390;1.21323;1.21329;1.21326;0;T;True;1
1621231912000;14122392;1.21324;1.2133;1.21327;1;T;True;1
1621231913000;14122393;1.21324;1.2133;1.21327;0;T;True;1
1621231914000;14122394;1.21324;1.2133;1.21327;0;T;True;1
1621231915000;14122395;1.21324;1.2133;1.21327;0;T;True;1
1621231916000;14122401;1.21324;1.2133;1.21327;5;T;True;1
1621231917000;14122402;1.21324;1.2133;1.21327;0;T;True;1
1621231918000;14122403;1.21324;1.2133;1.21327;0;T;True;1
1621231919000;14122405;1.21324;1.2133;1.21327;1;T;True;1
1621231920000;14122407;1.21324;1.2133;1.21327;1;T;True;1
1621231921000;14122408;1.21324;1.2133;1.21327;0;T;True;1
1621231922000;14122409;1.21324;1.2133;1.21327;0;T;True;1
1621231923000;14122410;1.21324;1.2133;1.21327;0;T;True;1
1621231924000;14122411;1.21324;1.2133;1.21327;0;T;True;1
1621231925000;14122412;1.21324;1.2133;1.21327;0;T;True;1
1621231926000;14122416;1.21324;1.2133;1.21327;3;T;True;1
1621231927000;14122417;1.21324;1.2133;1.21327;0;T;True;1
1621231928000;14122418;1.21324;1.2133;1.21327;0;T;True;1
1621231929000;14122421;1.21324;1.2133;1.21327;2;T;True;1
1621231930000;14122425;1.2132;1.21326;1.21323;3;T;True;1
1621231931000;14122428;1.21321;1.21327;1.21324;2;T;True;1
1621231932000;14122433;1.2132;1.21326;1.21323;4;T;True;1
1621231933000;14122442;1.21318;1.21324;1.21321;8;T;True;1
1621231934000;14122445;1.21318;1.21324;1.21321;2;T;True;1
1621231935000;14122446;1.21318;1.21324;1.21321;0;T;True;1
1621231936000;14122447;1.21318;1.21324;1.21321;0;T;True;1
1621231937000;14122448;1.21318;1.21324;1.21321;0;T;True;1
1621231938000;14122452;1.21316;1.21322;1.21319;3;T;True;1
1621231939000;14122459;1.21313;1.21319;1.21316;6;T;True;1
1621231940000;14122461;1.21313;1.21319;1.21316;1;T;True;1
1621231941000;14122462;1.21313;1.21319;1.21316;0;T;True;1
1621231942000;14122467;1.2131;1.21316;1.21313;4;T;True;1
1621231943000;14122468;1.2131;1.21316;1.21313;0;T;True;1
1621231944000;14122469;1.2131;1.21316;1.21313;0;T;True;1
1621231945000;14122474;1.21313;1.21319;1.21316;4;T;True;1
1621231946000;14122475;1.21313;1.21319;1.21316;0;T;True;1
1621231947000;14122478;1.21312;1.21318;1.21315;2;T;True;1
1621231948000;14122479;1.21312;1.21318;1.21315;0;T;True;1
1621231949000;14122480;1.21312;1.21318;1.21315;0;T;True;1
1621231950000;14122481;1.21312;1.21318;1.21315;0;T;True;1
1621231951000;14122484;1.21314;1.2132;1.21317;2;T;True;1
1621231952000;14122490;1.21316;1.21322;1.21319;5;T;True;1
1621231953000;14122491;1.21316;1.21322;1.21319;0;T;True;1
1621231954000;14122492;1.21316;1.21322;1.21319;0;T;True;1
1621231955000;14122494;1.21316;1.21322;1.21319;1;T;True;1
1621231956000;14122499;1.21314;1.2132;1.21317;4;T;True;1
1621231957000;14122501;1.21314;1.2132;1.21317;1;T;True;1
1621231958000;14122502;1.21314;1.2132;1.21317;0;T;True;1
1621231959000;14122503;1.21314;1.2132;1.21317;0;T;True;1
1621231960000;14122507;1.21312;1.21318;1.21315;3;T;True;1
1621231961000;14122509;1.21312;1.21318;1.21315;1;T;True;1
1621231962000;14122511;1.21312;1.21318;1.21315;1;T;True;1
1621231963000;14122515;1.21312;1.21318;1.21315;3;T;True;1
1621231964000;14122517;1.21312;1.21318;1.21315;1;T;True;1
1621231965000;14122519;1.21313;1.21319;1.21316;1;T;True;1
1621231966000;14122520;1.21313;1.21319;1.21316;0;T;True;1
1621231967000;14122521;1.21313;1.21319;1.21316;0;T;True;1
1621231968000;14122522;1.21313;1.21319;1.21316;0;T;True;1
1621231969000;14122523;1.21313;1.21319;1.21316;0;T;True;1
1621231970000;14122524;1.21313;1.21319;1.21316;0;T;True;1
1621231971000;14122525;1.21313;1.21319;1.21316;0;T;True;1
1621231972000;14122526;1.21313;1.21319;1.21316;0;T;True;1
1621231973000;14122527;1.21313;1.21319;1.21316;0;T;True;1
1621231974000;14122528;1.21313;1.21319;1.21316;0;T;True;1
1621231975000;14122529;1.21313;1.21319;1.21316;0;T;True;1
1621231976000;14122530;1.21313;1.21319;1.21316;0;T;True;1
1621231977000;14122531;1.21313;1.21319;1.21316;0;T;True;1
1621231978000;14122538;1.21318;1.21324;1.21321;6;T;True;1
1621231979000;14122545;1.21318;1.21324;1.21321;6;T;True;1
1621231980000;14122546;1.21318;1.21324;1.21321;0;T;True;1
1621231981000;14122555;1.21322;1.21328;1.21325;8;T;True;1
1621231982000;14122557;1.21322;1.21328;1.21325;1;T;True;1
1621231983000;14122558;1.21322;1.21328;1.21325;0;T;True;1
1621231984000;14122559;1.21322;1.21328;1.21325;0;T;True;1
1621231985000;14122560;1.21322;1.21328;1.21325;0;T;True;1
1621231986000;14122564;1.21323;1.21329;1.21326;3;T;True;1
1621231987000;14122570;1.2132;1.21326;1.21323;5;T;True;1
1621231988000;14122572;1.2132;1.21326;1.21323;1;T;True;1
1621231989000;14122574;1.21318;1.21324;1.21321;1;T;True;1
1621231990000;14122577;1.21318;1.21324;1.21321;2;T;True;1
1621231991000;14122578;1.21318;1.21324;1.21321;0;T;True;1
1621231992000;14122581;1.21319;1.21325;1.21322;2;T;True;1
1621231993000;14122583;1.21318;1.21324;1.21321;1;T;True;1
1621231994000;14122588;1.21321;1.21327;1.21324;4;T;True;1
1621231995000;14122591;1.21322;1.21328;1.21325;2;T;True;1
1621231996000;14122592;1.21322;1.21328;1.21325;0;T;True;1
1621231997000;14122594;1.21322;1.21328;1.21325;1;T;True;1
1621231998000;14122595;1.21322;1.21328;1.21325;0;T;True;1
1621231999000;14122596;1.21322;1.21328;1.21325;0;T;True;1
1621232000000;14122598;1.21323;1.21329;1.21326;1;T;True;1
1621232001000;14122599;1.21323;1.21329;1.21326;0;T;True;1
1621232002000;14122600;1.21323;1.21329;1.21326;0;T;True;1
1621232003000;14122601;1.21323;1.21329;1.21326;0;T;True;1
1621232004000;14122602;1.21323;1.21329;1.21326;0;T;True;1
1621232005000;14122603;1.21323;1.21329;1.21326;0;T;True;1
1621232006000;14122604;1.21323;1.21329;1.21326;0;T;True;1
1621232007000;14122605;1.21323;1.21329;1.21326;0;T;True;1
1621232008000;14122607;1.21324;1.2133;1.21327;1;T;True;1
1621232009000;14122608;1.21324;1.2133;1.21327;0;T;True;1
1621232010000;14122609;1.21324;1.2133;1.21327;0;T;True;1
1621232011000;14122610;1.21324;1.2133;1.21327;0;T;True;1
1621232012000;14122611;1.21324;1.2133;1.21327;0;T;True;1
1621232013000;14122612;1.21324;1.2133;1.21327;0;T;True;1
1621232014000;14122613;1.21324;1.2133;1.21327;0;T;True;1
1621232015000;14122614;1.21324;1.2133;1.21327;0;T;True;1
1621232016000;14122615;1.21324;1.2133;1.21327;0;T;True;1
1621232017000;14122616;1.21324;1.2133;1.21327;0;T;True;1
1621232018000;14122617;1.21324;1.2133;1.21327;0;T;True;1
1621232019000;14122618;1.21324;1.2133;1.21327;0;T;True;1
1621232020000;14122619;1.21324;1.2133;1.21327;0;T;True;1
1621232021000;14122620;1.21324;1.2133;1.21327;0;T;True;1
1621232022000;14122622;1.21324;1.2133;1.21327;1;T;True;1
1621232023000;14122623;1.21324;1.2133;1.21327;0;T;True;1
1621232024000;14122629;1.21328;1.21334;1.21331;5;T;True;1
1621232025000;14122630;1.21328;1.21334;1.21331;0;T;True;1
1621232026000;14122638;1.21332;1.21338;1.21335;7;T;True;1
1621232027000;14122640;1.21334;1.2134;1.21337;1;T;True;1
1621232028000;14122650;1.2134;1.21346;1.21343;9;T;True;1
1621232029000;14122660;1.2134;1.21346;1.21343;9;T;True;1
1621232030000;14122662;1.2134;1.21346;1.21343;1;T;True;1
1621232031000;14122665;1.21341;1.21347;1.21344;2;T;True;1
1621232032000;14122668;1.21342;1.21348;1.21345;2;T;True;1
1621232033000;14122676;1.21342;1.21348;1.21345;7;T;True;1
1621232034000;14122677;1.21342;1.21348;1.21345;0;T;True;1
1621232035000;14122679;1.21343;1.21349;1.21346;1;T;True;1
1621232036000;14122680;1.21343;1.21349;1.21346;0;T;True;1
1621232037000;14122682;1.21342;1.21348;1.21345;1;T;True;1
1621232038000;14122683;1.21342;1.21348;1.21345;0;T;True;1
1621232039000;14122685;1.21342;1.21348;1.21345;1;T;True;1
1621232040000;14122687;1.21342;1.21348;1.21345;1;T;True;1
1621232041000;14122688;1.21342;1.21348;1.21345;0;T;True;1
1621232042000;14122693;1.21344;1.2135;1.21347;4;T;True;1
1621232043000;14122700;1.21343;1.21349;1.21346;6;T;True;1
1621232044000;14122702;1.21342;1.21348;1.21345;1;T;True;1
1621232045000;14122706;1.21339;1.21345;1.21342;3;T;True;1
1621232046000;14122711;1.21339;1.21345;1.21342;4;T;True;1
1621232047000;14122719;1.21338;1.21344;1.21341;7;T;True;1
1621232048000;14122731;1.21337;1.21343;1.2134;11;T;True;1
1621232049000;14122735;1.21337;1.21343;1.2134;3;T;True;1
1621232050000;14122738;1.21337;1.21343;1.2134;2;T;True;1
1621232051000;14122739;1.21337;1.21343;1.2134;0;T;True;1
1621232052000;14122742;1.21338;1.21344;1.21341;2;T;True;1
1621232053000;14122744;1.21338;1.21344;1.21341;1;T;True;1
1621232054000;14122745;1.21338;1.21344;1.21341;0;T;True;1
1621232055000;14122746;1.21338;1.21344;1.21341;0;T;True;1
1621232056000;14122749;1.21338;1.21344;1.21341;2;T;True;1
1621232057000;14122750;1.21338;1.21344;1.21341;0;T;True;1
1621232058000;14122752;1.21338;1.21344;1.21341;1;T;True;1
1621232059000;14122758;1.21332;1.21338;1.21335;5;T;True;1
1621232060000;14122759;1.21332;1.21338;1.21335;0;T;True;1
1621232061000;14122760;1.21332;1.21338;1.21335;0;T;True;1
1621232062000;14122761;1.21332;1.21338;1.21335;0;T;True;1
1621232063000;14122770;1.21331;1.21337;1.21334;8;T;True;1
1621232064000;14122771;1.21331;1.21337;1.21334;0;T;True;1
1621232065000;14122772;1.21331;1.21337;1.21334;0;T;True;1
1621232066000;14122773;1.21331;1.21337;1.21334;0;T;True;1
1621232067000;14122775;1.2133;1.21336;1.21333;1;T;True;1
1621232068000;14122776;1.2133;1.21336;1.21333;0;T;True;1
1621232069000;14122777;1.2133;1.21336;1.21333;0;T;True;1
1621232070000;14122781;1.21331;1.21337;1.21334;3;T;True;1
1621232071000;14122784;1.21331;1.21337;1.21334;2;T;True;1
1621232072000;14122787;1.21332;1.21338;1.21335;2;T;True;1
1621232073000;14122788;1.21332;1.21338;1.21335;0;T;True;1
1621232074000;14122789;1.21332;1.21338;1.21335;0;T;True;1
1621232075000;14122790;1.21332;1.21338;1.21335;0;T;True;1
1621232076000;14122793;1.21332;1.21338;1.21335;2;T;True;1
1621232077000;14122794;1.21332;1.21338;1.21335;0;T;True;1
1621232078000;14122796;1.21332;1.21338;1.21335;1;T;True;1
1621232079000;14122799;1.21334;1.2134;1.21337;2;T;True;1
1621232080000;14122800;1.21334;1.2134;1.21337;0;T;True;1
1621232081000;14122801;1.21334;1.2134;1.21337;0;T;True;1
1621232082000;14122808;1.21334;1.2134;1.21337;6;T;True;1
1621232083000;14122812;1.21334;1.2134;1.21337;3;T;True;1
1621232084000;14122815;1.21335;1.21341;1.21338;2;T;True;1
1621232085000;14122816;1.21335;1.21341;1.21338;0;T;True;1
1621232086000;14122819;1.21336;1.21342;1.21339;2;T;True;1
1621232087000;14122831;1.21342;1.21348;1.21345;11;T;True;1
1621232088000;14122841;1.21334;1.2134;1.21337;9;T;True;1
1621232089000;14122844;1.21334;1.2134;1.21337;2;T;True;1
1621232090000;14122849;1.21336;1.21342;1.21339;4;T;True;1
1621232091000;14122850;1.21336;1.21342;1.21339;0;T;True;1
1621232092000;14122856;1.21337;1.21343;1.2134;5;T;True;1
1621232093000;14122858;1.21337;1.21343;1.2134;1;T;True;1
1621232094000;14122861;1.21337;1.21343;1.2134;2;T;True;1
1621232095000;14122864;1.21334;1.2134;1.21337;2;T;True;1
1621232096000;14122868;1.21334;1.2134;1.21337;3;T;True;1
1621232097000;14122870;1.21334;1.2134;1.21337;1;T;True;1
1621232098000;14122872;1.21334;1.2134;1.21337;1;T;True;1
1621232099000;14122875;1.21334;1.2134;1.21337;2;T;True;1
1621232100000;14122877;1.21333;1.21339;1.21336;1;T;True;1
1621232101000;14122885;1.21332;1.21338;1.21335;7;T;True;1
1621232102000;14122887;1.21332;1.21338;1.21335;1;T;True;1
1621232103000;14122888;1.21332;1.21338;1.21335;0;T;True;1
1621232104000;14122889;1.21332;1.21338;1.21335;0;T;True;1
1621232105000;14122890;1.21332;1.21338;1.21335;0;T;True;1
1621232106000;14122891;1.21332;1.21338;1.21335;0;T;True;1
1621232107000;14122894;1.21332;1.21338;1.21335;2;T;True;1
1621232108000;14122896;1.21332;1.21338;1.21335;1;T;True;1
1621232109000;14122897;1.21332;1.21338;1.21335;0;T;True;1
1621232110000;14122902;1.21332;1.21338;1.21335;4;T;True;1
1621232111000;14122907;1.21334;1.2134;1.21337;4;T;True;1
1621232112000;14122910;1.21334;1.2134;1.21337;2;T;True;1
1621232113000;14122912;1.21334;1.2134;1.21337;1;T;True;1
1621232114000;14122918;1.21338;1.21344;1.21341;5;T;True;1
1621232115000;14122922;1.21339;1.21345;1.21342;3;T;True;1
1621232116000;14122926;1.21338;1.21344;1.21341;3;T;True;1
1621232117000;14122929;1.2134;1.21346;1.21343;2;T;True;1
1621232118000;14122938;1.21341;1.21347;1.21344;8;T;True;1
1621232119000;14122940;1.21342;1.21348;1.21345;1;T;True;1
1621232120000;14122941;1.21342;1.21348;1.21345;0;T;True;1
1621232121000;14122947;1.21338;1.21344;1.21341;5;T;True;1
1621232122000;14122948;1.21338;1.21344;1.21341;0;T;True;1
1621232123000;14122951;1.21338;1.21344;1.21341;2;T;True;1
1621232124000;14122952;1.21338;1.21344;1.21341;0;T;True;1
1621232125000;14122953;1.21338;1.21344;1.21341;0;T;True;1
1621232126000;14122956;1.2134;1.21346;1.21343;2;T;True;1
1621232127000;14122961;1.21338;1.21344;1.21341;4;T;True;1
1621232128000;14122962;1.21338;1.21344;1.21341;0;T;True;1
1621232129000;14122964;1.21338;1.21344;1.21341;1;T;True;1
1621232130000;14122965;1.21338;1.21344;1.21341;0;T;True;1
1621232131000;14122967;1.21338;1.21344;1.21341;1;T;True;1
1621232132000;14122970;1.21338;1.21344;1.21341;2;T;True;1
1621232133000;14122977;1.21343;1.21349;1.21346;6;T;True;1
1621232134000;14122979;1.21342;1.21348;1.21345;1;T;True;1
1621232135000;14122980;1.21342;1.21348;1.21345;0;T;True;1
1621232136000;14122981;1.21342;1.21348;1.21345;0;T;True;1
1621232137000;14122982;1.21342;1.21348;1.21345;0;T;True;1
1621232138000;14122983;1.21342;1.21348;1.21345;0;T;True;1
1621232139000;14122988;1.2134;1.21346;1.21343;4;T;True;1
1621232140000;14122989;1.2134;1.21346;1.21343;0;T;True;1
1621232141000;14122992;1.21338;1.21344;1.21341;2;T;True;1
1621232142000;14122993;1.21338;1.21344;1.21341;0;T;True;1
1621232143000;14122994;1.21338;1.21344;1.21341;0;T;True;1
1621232144000;14123003;1.21334;1.2134;1.21337;8;T;True;1
1621232145000;14123005;1.21334;1.2134;1.21337;1;T;True;1
1621232146000;14123007;1.21334;1.2134;1.21337;1;T;True;1
1621232147000;14123011;1.21336;1.21342;1.21339;3;T;True;1
1621232148000;14123014;1.21338;1.21344;1.21341;2;T;True;1
1621232149000;14123017;1.2134;1.21346;1.21343;2;T;True;1
1621232150000;14123022;1.21339;1.21345;1.21342;4;T;True;1
1621232151000;14123023;1.21339;1.21345;1.21342;0;T;True;1
1621232152000;14123025;1.2134;1.21346;1.21343;1;T;True;1
1621232153000;14123026;1.2134;1.21346;1.21343;0;T;True;1
1621232154000;14123029;1.2134;1.21346;1.21343;2;T;True;1
1621232155000;14123031;1.21341;1.21347;1.21344;1;T;True;1
1621232156000;14123034;1.21342;1.21348;1.21345;2;T;True;1
1621232157000;14123036;1.21342;1.21348;1.21345;1;T;True;1
1621232158000;14123037;1.21342;1.21348;1.21345;0;T;True;1
1621232159000;14123039;1.21344;1.2135;1.21347;1;T;True;1
1621232160000;14123041;1.21344;1.2135;1.21347;1;T;True;1
1621232161000;14123043;1.21344;1.2135;1.21347;1;T;True;1
1621232162000;14123048;1.21348;1.21354;1.21351;4;T;True;1
1621232163000;14123049;1.21348;1.21354;1.21351;0;T;True;1
1621232164000;14123050;1.21348;1.21354;1.21351;0;T;True;1
1621232165000;14123065;1.21353;1.21359;1.21356;14;T;True;1
1621232166000;14123067;1.21354;1.2136;1.21357;1;T;True;1
1621232167000;14123072;1.21354;1.2136;1.21357;4;T;True;1
1621232168000;14123082;1.21351;1.21357;1.21354;9;T;True;1
1621232169000;14123085;1.2135;1.21356;1.21353;2;T;True;1
1621232170000;14123094;1.2135;1.21356;1.21353;8;T;True;1
1621232171000;14123095;1.2135;1.21356;1.21353;0;T;True;1
1621232172000;14123097;1.2135;1.21356;1.21353;1;T;True;1
1621232173000;14123103;1.21348;1.21354;1.21351;5;T;True;1
1621232174000;14123104;1.21348;1.21354;1.21351;0;T;True;1
1621232175000;14123113;1.21346;1.21352;1.21349;8;T;True;1
1621232176000;14123116;1.21346;1.21352;1.21349;2;T;True;1
1621232177000;14123118;1.21346;1.21352;1.21349;1;T;True;1
1621232178000;14123124;1.21346;1.21352;1.21349;5;T;True;1
1621232179000;14123125;1.21346;1.21352;1.21349;0;T;True;1
1621232180000;14123131;1.21349;1.21355;1.21352;5;T;True;1
1621232181000;14123141;1.21352;1.21358;1.21355;9;T;True;1
1621232182000;14123147;1.2135;1.21356;1.21353;5;T;True;1
1621232183000;14123158;1.21356;1.21362;1.21359;10;T;True;1
1621232184000;14123162;1.21354;1.2136;1.21357;3;T;True;1
1621232185000;14123167;1.21354;1.2136;1.21357;4;T;True;1
1621232186000;14123171;1.21354;1.2136;1.21357;3;T;True;1
1621232187000;14123172;1.21354;1.2136;1.21357;0;T;True;1
1621232188000;14123175;1.21354;1.2136;1.21357;2;T;True;1
1621232189000;14123176;1.21354;1.2136;1.21357;0;T;True;1
1621232190000;14123178;1.21356;1.21362;1.21359;1;T;True;1
1621232191000;14123183;1.21355;1.21361;1.21358;4;T;True;1
1621232192000;14123187;1.21356;1.21362;1.21359;3;T;True;1
1621232193000;14123190;1.21356;1.21362;1.21359;2;T;True;1
1621232194000;14123192;1.21354;1.2136;1.21357;1;T;True;1
1621232195000;14123194;1.21354;1.2136;1.21357;1;T;True;1
1621232196000;14123197;1.21354;1.2136;1.21357;2;T;True;1
1621232197000;14123200;1.21354;1.2136;1.21357;2;T;True;1
1621232198000;14123202;1.21354;1.2136;1.21357;1;T;True;1
1621232199000;14123207;1.21355;1.21361;1.21358;4;T;True;1
1621232200000;14123216;1.21356;1.21362;1.21359;8;T;True;1
1621232201000;14123218;1.21356;1.21362;1.21359;1;T;True;1
1621232202000;14123222;1.21357;1.21363;1.2136;3;T;True;1
1621232203000;14123233;1.21357;1.21363;1.2136;10;T;True;1
1621232204000;14123238;1.21357;1.21363;1.2136;4;T;True;1
1621232205000;14123242;1.21357;1.21363;1.2136;3;T;True;1
1621232206000;14123245;1.21357;1.21363;1.2136;2;T;True;1
1621232207000;14123254;1.21358;1.21364;1.21361;8;T;True;1
1621232208000;14123259;1.21356;1.21362;1.21359;4;T;True;1
1621232209000;14123263;1.21354;1.2136;1.21357;3;T;True;1
1621232210000;14123268;1.21349;1.21355;1.21352;4;T;True;1
1621232211000;14123273;1.21348;1.21354;1.21351;4;T;True;1
1621232212000;14123274;1.21348;1.21354;1.21351;0;T;True;1
1621232213000;14123275;1.21348;1.21354;1.21351;0;T;True;1
1621232214000;14123280;1.21347;1.21353;1.2135;4;T;True;1
1621232215000;14123281;1.21347;1.21353;1.2135;0;T;True;1
1621232216000;14123282;1.21347;1.21353;1.2135;0;T;True;1
1621232217000;14123288;1.21348;1.21354;1.21351;5;T;True;1
1621232218000;14123296;1.21348;1.21354;1.21351;7;T;True;1
1621232219000;14123300;1.21347;1.21353;1.2135;3;T;True;1
1621232220000;14123301;1.21347;1.21353;1.2135;0;T;True;1
1621232221000;14123304;1.21347;1.21353;1.2135;2;T;True;1
1621232222000;14123309;1.21348;1.21354;1.21351;4;T;True;1
1621232223000;14123318;1.21352;1.21358;1.21355;8;T;True;1
1621232224000;14123321;1.21352;1.21358;1.21355;2;T;True;1
1621232225000;14123325;1.2135;1.21356;1.21353;3;T;True;1
1621232226000;14123330;1.2135;1.21356;1.21353;4;T;True;1
1621232227000;14123336;1.2135;1.21356;1.21353;5;T;True;1
1621232228000;14123339;1.21352;1.21358;1.21355;2;T;True;1
1621232229000;14123344;1.21352;1.21358;1.21355;4;T;True;1
1621232230000;14123347;1.21352;1.21358;1.21355;2;T;True;1
1621232231000;14123348;1.21352;1.21358;1.21355;0;T;True;1
1621232232000;14123352;1.21352;1.21358;1.21355;3;T;True;1
1621232233000;14123354;1.21351;1.21357;1.21354;1;T;True;1
1621232234000;14123360;1.21348;1.21354;1.21351;5;T;True;1
1621232235000;14123361;1.21348;1.21354;1.21351;0;T;True;1
1621232236000;14123362;1.21348;1.21354;1.21351;0;T;True;1
1621232237000;14123363;1.21348;1.21354;1.21351;0;T;True;1
1621232238000;14123364;1.21348;1.21354;1.21351;0;T;True;1
1621232239000;14123365;1.21348;1.21354;1.21351;0;T;True;1
1621232240000;14123366;1.21348;1.21354;1.21351;0;T;True;1
1621232241000;14123373;1.21351;1.21357;1.21354;6;T;True;1
1621232242000;14123377;1.21352;1.21358;1.21355;3;T;True;1
1621232243000;14123378;1.21352;1.21358;1.21355;0;T;True;1
1621232244000;14123379;1.21352;1.21358;1.21355;0;T;True;1
1621232245000;14123380;1.21352;1.21358;1.21355;0;T;True;1
1621232246000;14123381;1.21352;1.21358;1.21355;0;T;True;1
1621232247000;14123384;1.21352;1.21358;1.21355;2;T;True;1
1621232248000;14123386;1.21352;1.21358;1.21355;1;T;True;1
1621232249000;14123388;1.21352;1.21358;1.21355;1;T;True;1
1621232250000;14123391;1.21352;1.21358;1.21355;2;T;True;1
1621232251000;14123392;1.21352;1.21358;1.21355;0;T;True;1
1621232252000;14123397;1.21353;1.21359;1.21356;4;T;True;1
1621232253000;14123402;1.21353;1.21359;1.21356;4;T;True;1
1621232254000;14123415;1.21356;1.21362;1.21359;12;T;True;1
1621232255000;14123419;1.21355;1.21361;1.21358;3;T;True;1
1621232256000;14123428;1.21354;1.2136;1.21357;8;T;True;1
1621232257000;14123432;1.21354;1.2136;1.21357;3;T;True;1
1621232258000;14123437;1.21352;1.21358;1.21355;4;T;True;1
1621232259000;14123439;1.21352;1.21358;1.21355;1;T;True;1
1621232260000;14123440;1.21352;1.21358;1.21355;0;T;True;1
1621232261000;14123442;1.21352;1.21358;1.21355;1;T;True;1
1621232262000;14123455;1.21359;1.21365;1.21362;12;T;True;1
1621232263000;14123457;1.21359;1.21365;1.21362;1;T;True;1
1621232264000;14123458;1.21359;1.21365;1.21362;0;T;True;1
1621232265000;14123462;1.21359;1.21365;1.21362;3;T;True;1
1621232266000;14123464;1.21358;1.21364;1.21361;1;T;True;1
1621232267000;14123473;1.2135;1.21356;1.21353;8;T;True;1
1621232268000;14123482;1.2135;1.21356;1.21353;8;T;True;1
1621232269000;14123485;1.2135;1.21356;1.21353;2;T;True;1
1621232270000;14123490;1.21352;1.21358;1.21355;4;T;True;1
1621232271000;14123498;1.21351;1.21357;1.21354;7;T;True;1
1621232272000;14123506;1.2135;1.21356;1.21353;7;T;True;1
1621232273000;14123509;1.2135;1.21356;1.21353;2;T;True;1
1621232274000;14123513;1.21349;1.21355;1.21352;3;T;True;1
1621232275000;14123515;1.21349;1.21355;1.21352;1;T;True;1
1621232276000;14123516;1.21349;1.21355;1.21352;0;T;True;1
1621232277000;14123518;1.21349;1.21355;1.21352;1;T;True;1
1621232278000;14123520;1.21352;1.21358;1.21355;1;T;True;1
1621232279000;14123522;1.21354;1.2136;1.21357;1;T;True;1
1621232280000;14123525;1.21354;1.2136;1.21357;2;T;True;1
1621232281000;14123526;1.21354;1.2136;1.21357;0;T;True;1
1621232282000;14123529;1.21354;1.2136;1.21357;2;T;True;1
1621232283000;14123535;1.21352;1.21358;1.21355;5;T;True;1
1621232284000;14123537;1.21352;1.21358;1.21355;1;T;True;1
1621232285000;14123538;1.21352;1.21358;1.21355;0;T;True;1
1621232286000;14123542;1.2135;1.21356;1.21353;3;T;True;1
1621232287000;14123545;1.2135;1.21356;1.21353;2;T;True;1
1621232288000;14123548;1.2135;1.21356;1.21353;2;T;True;1
1621232289000;14123553;1.21352;1.21358;1.21355;4;T;True;1
1621232290000;14123556;1.2135;1.21356;1.21353;2;T;True;1
1621232291000;14123557;1.2135;1.21356;1.21353;0;T;True;1
1621232292000;14123559;1.2135;1.21356;1.21353;1;T;True;1
1621232293000;14123562;1.21352;1.21358;1.21355;2;T;True;1
1621232294000;14123567;1.21354;1.2136;1.21357;4;T;True;1
1621232295000;14123568;1.21354;1.2136;1.21357;0;T;True;1
1621232296000;14123577;1.21351;1.21357;1.21354;8;T;True;1
1621232297000;14123579;1.2135;1.21356;1.21353;1;T;True;1
1621232298000;14123584;1.21352;1.21358;1.21355;4;T;True;1
1621232299000;14123586;1.21352;1.21358;1.21355;1;T;True;1
1621232300000;14123589;1.21351;1.21357;1.21354;2;T;True;1
1621232301000;14123596;1.21355;1.21361;1.21358;6;T;True;1
1621232302000;14123597;1.21355;1.21361;1.21358;0;T;True;1
1621232303000;14123602;1.21356;1.21362;1.21359;4;T;True;1
1621232304000;14123604;1.21354;1.2136;1.21357;1;T;True;1
1621232305000;14123606;1.21354;1.2136;1.21357;1;T;True;1
1621232306000;14123607;1.21354;1.2136;1.21357;0;T;True;1
1621232307000;14123616;1.2135;1.21356;1.21353;8;T;True;1
1621232308000;14123618;1.21351;1.21357;1.21354;1;T;True;1
1621232309000;14123620;1.21352;1.21358;1.21355;1;T;True;1
1621232310000;14123623;1.21352;1.21358;1.21355;2;T;True;1
1621232311000;14123627;1.21348;1.21354;1.21351;3;T;True;1
1621232312000;14123631;1.21346;1.21352;1.21349;3;T;True;1
1621232313000;14123633;1.21348;1.21354;1.21351;1;T;True;1
1621232314000;14123634;1.21348;1.21354;1.21351;0;T;True;1
1621232315000;14123635;1.21348;1.21354;1.21351;0;T;True;1
1621232316000;14123638;1.21348;1.21354;1.21351;2;T;True;1
1621232317000;14123639;1.21348;1.21354;1.21351;0;T;True;1
1621232318000;14123641;1.21348;1.21354;1.21351;1;T;True;1
1621232319000;14123642;1.21348;1.21354;1.21351;0;T;True;1
1621232320000;14123650;1.21352;1.21358;1.21355;7;T;True;1
1621232321000;14123655;1.21353;1.21359;1.21356;4;T;True;1
1621232322000;14123660;1.21354;1.2136;1.21357;4;T;True;1
1621232323000;14123661;1.21354;1.2136;1.21357;0;T;True;1
1621232324000;14123662;1.21354;1.2136;1.21357;0;T;True;1
1621232325000;14123666;1.21356;1.21362;1.21359;3;T;True;1
1621232326000;14123668;1.21356;1.21362;1.21359;1;T;True;1
1621232327000;14123669;1.21356;1.21362;1.21359;0;T;True;1
1621232328000;14123670;1.21356;1.21362;1.21359;0;T;True;1
1621232329000;14123676;1.21356;1.21362;1.21359;5;T;True;1
1621232330000;14123677;1.21356;1.21362;1.21359;0;T;True;1
1621232331000;14123679;1.21356;1.21362;1.21359;1;T;True;1
1621232332000;14123687;1.21354;1.2136;1.21357;7;T;True;1
1621232333000;14123691;1.21354;1.2136;1.21357;3;T;True;1
1621232334000;14123694;1.21354;1.2136;1.21357;2;T;True;1
1621232335000;14123695;1.21354;1.2136;1.21357;0;T;True;1
1621232336000;14123696;1.21354;1.2136;1.21357;0;T;True;1
1621232337000;14123697;1.21354;1.2136;1.21357;0;T;True;1
1621232338000;14123698;1.21354;1.2136;1.21357;0;T;True;1
1621232339000;14123699;1.21354;1.2136;1.21357;0;T;True;1
1621232340000;14123700;1.21354;1.2136;1.21357;0;T;True;1
1621232341000;14123704;1.21357;1.21363;1.2136;3;T;True;1
1621232342000;14123707;1.21356;1.21362;1.21359;2;T;True;1
1621232343000;14123708;1.21356;1.21362;1.21359;0;T;True;1
1621232344000;14123711;1.21356;1.21362;1.21359;2;T;True;1
1621232345000;14123716;1.21358;1.21364;1.21361;4;T;True;1
1621232346000;14123719;1.21358;1.21364;1.21361;2;T;True;1
1621232347000;14123721;1.21358;1.21364;1.21361;1;T;True;1
1621232348000;14123722;1.21358;1.21364;1.21361;0;T;True;1
1621232349000;14123725;1.2136;1.21366;1.21363;2;T;True;1
1621232350000;14123727;1.21359;1.21365;1.21362;1;T;True;1
1621232351000;14123731;1.21356;1.21362;1.21359;3;T;True;1
1621232352000;14123733;1.21356;1.21362;1.21359;1;T;True;1
1621232353000;14123738;1.21358;1.21364;1.21361;4;T;True;1
1621232354000;14123741;1.21358;1.21364;1.21361;2;T;True;1
1621232355000;14123744;1.21357;1.21363;1.2136;2;T;True;1
1621232356000;14123745;1.21357;1.21363;1.2136;0;T;True;1
1621232357000;14123749;1.21354;1.2136;1.21357;3;T;True;1
1621232358000;14123750;1.21354;1.2136;1.21357;0;T;True;1
1621232359000;14123756;1.21357;1.21363;1.2136;5;T;True;1
1621232360000;14123757;1.21357;1.21363;1.2136;0;T;True;1
1621232361000;14123760;1.21359;1.21365;1.21362;2;T;True;1
1621232362000;14123761;1.21359;1.21365;1.21362;0;T;True;1
1621232363000;14123762;1.21359;1.21365;1.21362;0;T;True;1
1621232364000;14123763;1.21359;1.21365;1.21362;0;T;True;1
1621232365000;14123764;1.21359;1.21365;1.21362;0;T;True;1
1621232366000;14123765;1.21359;1.21365;1.21362;0;T;True;1
1621232367000;14123766;1.21359;1.21365;1.21362;0;T;True;1
1621232368000;14123767;1.21359;1.21365;1.21362;0;T;True;1
1621232369000;14123768;1.21359;1.21365;1.21362;0;T;True;1
1621232370000;14123769;1.21359;1.21365;1.21362;0;T;True;1
1621232371000;14123771;1.21359;1.21365;1.21362;1;T;True;1
1621232372000;14123777;1.21362;1.21368;1.21365;5;T;True;1
1621232373000;14123783;1.21363;1.21369;1.21366;5;T;True;1
1621232374000;14123789;1.21364;1.2137;1.21367;5;T;True;1
1621232375000;14123790;1.21364;1.2137;1.21367;0;T;True;1
1621232376000;14123791;1.21364;1.2137;1.21367;0;T;True;1
1621232377000;14123793;1.21364;1.2137;1.21367;1;T;True;1
1621232378000;14123794;1.21364;1.2137;1.21367;0;T;True;1
1621232379000;14123795;1.21364;1.2137;1.21367;0;T;True;1
1621232380000;14123796;1.21364;1.2137;1.21367;0;T;True;1
1621232381000;14123799;1.21364;1.2137;1.21367;2;T;True;1
1621232382000;14123800;1.21364;1.2137;1.21367;0;T;True;1
1621232383000;14123810;1.21369;1.21375;1.21372;9;T;True;1
1621232384000;14123813;1.21368;1.21374;1.21371;2;T;True;1
1621232385000;14123819;1.21371;1.21377;1.21374;5;T;True;1
1621232386000;14123820;1.21371;1.21377;1.21374;0;T;True;1
1621232387000;14123821;1.21371;1.21377;1.21374;0;T;True;1
1621232388000;14123822;1.21371;1.21377;1.21374;0;T;True;1
1621232389000;14123823;1.21371;1.21377;1.21374;0;T;True;1
1621232390000;14123826;1.21373;1.21379;1.21376;2;T;True;1
1621232391000;14123830;1.21374;1.2138;1.21377;3;T;True;1
1621232392000;14123840;1.21374;1.2138;1.21377;9;T;True;1
1621232393000;14123848;1.21373;1.21379;1.21376;7;T;True;1
1621232394000;14123849;1.21373;1.21379;1.21376;0;T;True;1
1621232395000;14123850;1.21373;1.21379;1.21376;0;T;True;1
1621232396000;14123851;1.21373;1.21379;1.21376;0;T;True;1
1621232397000;14123852;1.21373;1.21379;1.21376;0;T;True;1
1621232398000;14123858;1.21368;1.21374;1.21371;5;T;True;1
1621232399000;14123859;1.21368;1.21374;1.21371;0;T;True;1
1621232400000;14123860;1.21368;1.21374;1.21371;0;T;True;1
1621232401000;14123865;1.21369;1.21375;1.21372;4;T;True;1
1621232402000;14123872;1.21372;1.21378;1.21375;6;T;True;1
1621232403000;14123873;1.21372;1.21378;1.21375;0;T;True;1
1621232404000;14123877;1.21374;1.2138;1.21377;3;T;True;1
1621232405000;14123881;1.21373;1.21379;1.21376;3;T;True;1
1621232406000;14123889;1.21368;1.21374;1.21371;7;T;True;1
1621232407000;14123894;1.21367;1.21373;1.2137;4;T;True;1
1621232408000;14123901;1.21368;1.21374;1.21371;6;T;True;1
1621232409000;14123902;1.21368;1.21374;1.21371;0;T;True;1
1621232410000;14123903;1.21368;1.21374;1.21371;0;T;True;1
1621232411000;14123909;1.21368;1.21374;1.21371;5;T;True;1
1621232412000;14123912;1.21369;1.21375;1.21372;2;T;True;1
1621232413000;14123913;1.21369;1.21375;1.21372;0;T;True;1
1621232414000;14123916;1.2137;1.21376;1.21373;2;T;True;1
1621232415000;14123917;1.2137;1.21376;1.21373;0;T;True;1
1621232416000;14123923;1.21374;1.2138;1.21377;5;T;True;1
1621232417000;14123930;1.21379;1.21385;1.21382;6;T;True;1
1621232418000;14123943;1.21378;1.21384;1.21381;12;T;True;1
1621232419000;14123947;1.21379;1.21385;1.21382;3;T;True;1
1621232420000;14123949;1.21378;1.21384;1.21381;1;T;True;1
1621232421000;14123953;1.21376;1.21382;1.21379;3;T;True;1
1621232422000;14123961;1.21373;1.21379;1.21376;7;T;True;1
1621232423000;14123967;1.21374;1.2138;1.21377;5;T;True;1
1621232424000;14123969;1.21374;1.2138;1.21377;1;T;True;1
1621232425000;14123970;1.21374;1.2138;1.21377;0;T;True;1
1621232426000;14123971;1.21374;1.2138;1.21377;0;T;True;1
1621232427000;14123975;1.21372;1.21378;1.21375;3;T;True;1
1621232428000;14123979;1.21372;1.21378;1.21375;3;T;True;1
1621232429000;14123985;1.21369;1.21375;1.21372;5;T;True;1
1621232430000;14123988;1.21368;1.21374;1.21371;2;T;True;1
1621232431000;14123989;1.21368;1.21374;1.21371;0;T;True;1
1621232432000;14123994;1.21369;1.21375;1.21372;4;T;True;1
1621232433000;14123997;1.21369;1.21375;1.21372;2;T;True;1
1621232434000;14124006;1.21372;1.21378;1.21375;8;T;True;1
1621232435000;14124011;1.2137;1.21376;1.21373;4;T;True;1
1621232436000;14124015;1.2137;1.21376;1.21373;3;T;True;1
1621232437000;14124017;1.2137;1.21376;1.21373;1;T;True;1
1621232438000;14124024;1.21366;1.21372;1.21369;6;T;True;1
1621232439000;14124025;1.21366;1.21372;1.21369;0;T;True;1
1621232440000;14124026;1.21366;1.21372;1.21369;0;T;True;1
1621232441000;14124027;1.21366;1.21372;1.21369;0;T;True;1
1621232442000;14124031;1.21366;1.21372;1.21369;3;T;True;1
1621232443000;14124033;1.21366;1.21372;1.21369;1;T;True;1
1621232444000;14124034;1.21366;1.21372;1.21369;0;T;True;1
1621232445000;14124035;1.21366;1.21372;1.21369;0;T;True;1
1621232446000;14124038;1.21365;1.21371;1.21368;2;T;True;1
1621232447000;14124039;1.21365;1.21371;1.21368;0;T;True;1
1621232448000;14124040;1.21365;1.21371;1.21368;0;T;True;1
1621232449000;14124041;1.21365;1.21371;1.21368;0;T;True;1
1621232450000;14124042;1.21365;1.21371;1.21368;0;T;True;1
1621232451000;14124043;1.21365;1.21371;1.21368;0;T;True;1
1621232452000;14124049;1.21367;1.21373;1.2137;5;T;True;1
1621232453000;14124052;1.21368;1.21374;1.21371;2;T;True;1
1621232454000;14124056;1.21364;1.2137;1.21367;3;T;True;1
1621232455000;14124058;1.21364;1.2137;1.21367;1;T;True;1
1621232456000;14124061;1.21364;1.2137;1.21367;2;T;True;1
1621232457000;14124062;1.21364;1.2137;1.21367;0;T;True;1
1621232458000;14124063;1.21364;1.2137;1.21367;0;T;True;1
1621232459000;14124064;1.21364;1.2137;1.21367;0;T;True;1
1621232460000;14124065;1.21364;1.2137;1.21367;0;T;True;1
1621232461000;14124068;1.21364;1.2137;1.21367;2;T;True;1
1621232462000;14124073;1.21364;1.2137;1.21367;4;T;True;1
1621232463000;14124076;1.21365;1.21371;1.21368;2;T;True;1
1621232464000;14124080;1.21366;1.21372;1.21369;3;T;True;1
1621232465000;14124081;1.21366;1.21372;1.21369;0;T;True;1
1621232466000;14124084;1.21364;1.2137;1.21367;2;T;True;1
1621232467000;14124088;1.21363;1.21369;1.21366;3;T;True;1
1621232468000;14124092;1.21359;1.21365;1.21362;3;T;True;1
1621232469000;14124093;1.21359;1.21365;1.21362;0;T;True;1
1621232470000;14124096;1.21357;1.21363;1.2136;2;T;True;1
1621232471000;14124102;1.21354;1.2136;1.21357;5;T;True;1
1621232472000;14124106;1.21358;1.21364;1.21361;3;T;True;1
1621232473000;14124108;1.21356;1.21362;1.21359;1;T;True;1
1621232474000;14124109;1.21356;1.21362;1.21359;0;T;True;1
1621232475000;14124112;1.21355;1.21361;1.21358;2;T;True;1
1621232476000;14124116;1.21354;1.2136;1.21357;3;T;True;1
1621232477000;14124117;1.21354;1.2136;1.21357;0;T;True;1
1621232478000;14124122;1.21352;1.21358;1.21355;4;T;True;1
1621232479000;14124129;1.21354;1.2136;1.21357;6;T;True;1
1621232480000;14124130;1.21354;1.2136;1.21357;0;T;True;1
1621232481000;14124131;1.21354;1.2136;1.21357;0;T;True;1
1621232482000;14124132;1.21354;1.2136;1.21357;0;T;True;1
1621232483000;14124134;1.21354;1.2136;1.21357;1;T;True;1
1621232484000;14124148;1.2136;1.21366;1.21363;13;T;True;1
1621232485000;14124150;1.21359;1.21365;1.21362;1;T;True;1
1621232486000;14124153;1.21356;1.21362;1.21359;2;T;True;1
1621232487000;14124158;1.21358;1.21364;1.21361;4;T;True;1
1621232488000;14124159;1.21358;1.21364;1.21361;0;T;True;1
1621232489000;14124160;1.21358;1.21364;1.21361;0;T;True;1
1621232490000;14124165;1.21359;1.21365;1.21362;4;T;True;1
1621232491000;14124166;1.21359;1.21365;1.21362;0;T;True;1
1621232492000;14124171;1.21358;1.21364;1.21361;4;T;True;1
1621232493000;14124172;1.21358;1.21364;1.21361;0;T;True;1
1621232494000;14124173;1.21358;1.21364;1.21361;0;T;True;1
1621232495000;14124174;1.21358;1.21364;1.21361;0;T;True;1
1621232496000;14124190;1.21366;1.21372;1.21369;15;T;True;1
1621232497000;14124196;1.21366;1.21372;1.21369;5;T;True;1
1621232498000;14124197;1.21366;1.21372;1.21369;0;T;True;1
1621232499000;14124198;1.21366;1.21372;1.21369;0;T;True;1
1621232500000;14124200;1.21366;1.21372;1.21369;1;T;True;1
1621232501000;14124201;1.21366;1.21372;1.21369;0;T;True;1
1621232502000;14124203;1.21366;1.21372;1.21369;1;T;True;1
1621232503000;14124204;1.21366;1.21372;1.21369;0;T;True;1
1621232504000;14124205;1.21366;1.21372;1.21369;0;T;True;1
1621232505000;14124208;1.21367;1.21373;1.2137;2;T;True;1
1621232506000;14124211;1.21368;1.21374;1.21371;2;T;True;1
1621232507000;14124212;1.21368;1.21374;1.21371;0;T;True;1
1621232508000;14124217;1.21364;1.2137;1.21367;4;T;True;1
1621232509000;14124220;1.21364;1.2137;1.21367;2;T;True;1
1621232510000;14124221;1.21364;1.2137;1.21367;0;T;True;1
1621232511000;14124225;1.21365;1.21371;1.21368;3;T;True;1
1621232512000;14124229;1.21366;1.21372;1.21369;3;T;True;1
1621232513000;14124234;1.21367;1.21373;1.2137;4;T;True;1
1621232514000;14124235;1.21367;1.21373;1.2137;0;T;True;1
1621232515000;14124238;1.21368;1.21374;1.21371;2;T;True;1
1621232516000;14124241;1.21368;1.21374;1.21371;2;T;True;1
1621232517000;14124243;1.21368;1.21374;1.21371;1;T;True;1
1621232518000;14124246;1.21368;1.21374;1.21371;2;T;True;1
1621232519000;14124247;1.21368;1.21374;1.21371;0;T;True;1
1621232520000;14124249;1.21368;1.21374;1.21371;1;T;True;1
1621232521000;14124252;1.21369;1.21375;1.21372;2;T;True;1
1621232522000;14124255;1.21368;1.21374;1.21371;2;T;True;1
1621232523000;14124258;1.21368;1.21374;1.21371;2;T;True;1
1621232524000;14124259;1.21368;1.21374;1.21371;0;T;True;1
1621232525000;14124268;1.21368;1.21374;1.21371;8;T;True;1
1621232526000;14124275;1.21368;1.21374;1.21371;6;T;True;1
1621232527000;14124278;1.21366;1.21372;1.21369;2;T;True;1
1621232528000;14124283;1.21367;1.21373;1.2137;4;T;True;1
1621232529000;14124288;1.21365;1.21371;1.21368;4;T;True;1
1621232530000;14124290;1.21365;1.21371;1.21368;1;T;True;1
1621232531000;14124291;1.21365;1.21371;1.21368;0;T;True;1
1621232532000;14124293;1.21365;1.21371;1.21368;1;T;True;1
1621232533000;14124294;1.21365;1.21371;1.21368;0;T;True;1
1621232534000;14124296;1.21365;1.21371;1.21368;1;T;True;1
1621232535000;14124301;1.21364;1.2137;1.21367;4;T;True;1
1621232536000;14124305;1.21364;1.2137;1.21367;3;T;True;1
1621232537000;14124312;1.21364;1.2137;1.21367;6;T;True;1
1621232538000;14124314;1.21364;1.2137;1.21367;1;T;True;1
1621232539000;14124316;1.21365;1.21371;1.21368;1;T;True;1
1621232540000;14124319;1.21364;1.2137;1.21367;2;T;True;1
1621232541000;14124324;1.21364;1.2137;1.21367;4;T;True;1
1621232542000;14124327;1.21364;1.2137;1.21367;2;T;True;1
1621232543000;14124333;1.21364;1.2137;1.21367;5;T;True;1
1621232544000;14124334;1.21364;1.2137;1.21367;0;T;True;1
1621232545000;14124337;1.21364;1.2137;1.21367;2;T;True;1
1621232546000;14124338;1.21364;1.2137;1.21367;0;T;True;1
1621232547000;14124339;1.21364;1.2137;1.21367;0;T;True;1
1621232548000;14124340;1.21364;1.2137;1.21367;0;T;True;1
1621232549000;14124341;1.21364;1.2137;1.21367;0;T;True;1
1621232550000;14124350;1.21358;1.21364;1.21361;8;T;True;1
1621232551000;14124359;1.21357;1.21363;1.2136;8;T;True;1
1621232552000;14124364;1.21357;1.21363;1.2136;4;T;True;1
1621232553000;14124365;1.21357;1.21363;1.2136;0;T;True;1
1621232554000;14124369;1.21356;1.21362;1.21359;3;T;True;1
1621232555000;14124370;1.21356;1.21362;1.21359;0;T;True;1
1621232556000;14124371;1.21356;1.21362;1.21359;0;T;True;1
1621232557000;14124374;1.21356;1.21362;1.21359;2;T;True;1
1621232558000;14124380;1.21356;1.21362;1.21359;5;T;True;1
1621232559000;14124381;1.21356;1.21362;1.21359;0;T;True;1
1621232560000;14124390;1.21354;1.2136;1.21357;8;T;True;1
1621232561000;14124409;1.21348;1.21354;1.21351;18;T;True;1
1621232562000;14124413;1.21348;1.21354;1.21351;3;T;True;1
1621232563000;14124414;1.21348;1.21354;1.21351;0;T;True;1
1621232564000;14124419;1.21344;1.2135;1.21347;4;T;True;1
1621232565000;14124428;1.21341;1.21347;1.21344;8;T;True;1
1621232566000;14124432;1.21341;1.21347;1.21344;3;T;True;1
1621232567000;14124438;1.21341;1.21347;1.21344;5;T;True;1
1621232568000;14124445;1.21341;1.21347;1.21344;6;T;True;1
1621232569000;14124453;1.2134;1.21346;1.21343;7;T;True;1
1621232570000;14124455;1.2134;1.21346;1.21343;1;T;True;1
1621232571000;14124470;1.2134;1.21346;1.21343;14;T;True;1
1621232572000;14124473;1.2134;1.21346;1.21343;2;T;True;1
1621232573000;14124475;1.2134;1.21346;1.21343;1;T;True;1
1621232574000;14124477;1.2134;1.21346;1.21343;1;T;True;1
1621232575000;14124478;1.2134;1.21346;1.21343;0;T;True;1
1621232576000;14124479;1.2134;1.21346;1.21343;0;T;True;1
1621232577000;14124480;1.2134;1.21346;1.21343;0;T;True;1
1621232578000;14124481;1.2134;1.21346;1.21343;0;T;True;1
1621232579000;14124482;1.2134;1.21346;1.21343;0;T;True;1
1621232580000;14124484;1.2134;1.21346;1.21343;1;T;True;1
1621232581000;14124486;1.2134;1.21346;1.21343;1;T;True;1
1621232582000;14124487;1.2134;1.21346;1.21343;0;T;True;1
1621232583000;14124488;1.2134;1.21346;1.21343;0;T;True;1
1621232584000;14124497;1.21338;1.21344;1.21341;8;T;True;1
1621232585000;14124500;1.21337;1.21343;1.2134;2;T;True;1
1621232586000;14124505;1.21335;1.21341;1.21338;4;T;True;1
1621232587000;14124509;1.21334;1.2134;1.21337;3;T;True;1
1621232588000;14124513;1.21334;1.2134;1.21337;3;T;True;1
1621232589000;14124514;1.21334;1.2134;1.21337;0;T;True;1
1621232590000;14124518;1.21332;1.21338;1.21335;3;T;True;1
1621232591000;14124520;1.21332;1.21338;1.21335;1;T;True;1
1621232592000;14124523;1.21332;1.21338;1.21335;2;T;True;1
1621232593000;14124525;1.21332;1.21338;1.21335;1;T;True;1
1621232594000;14124528;1.21333;1.21339;1.21336;2;T;True;1
1621232595000;14124529;1.21333;1.21339;1.21336;0;T;True;1
1621232596000;14124531;1.21332;1.21338;1.21335;1;T;True;1
1621232597000;14124532;1.21332;1.21338;1.21335;0;T;True;1
1621232598000;14124533;1.21332;1.21338;1.21335;0;T;True;1
1621232599000;14124535;1.21332;1.21338;1.21335;1;T;True;1
1621232600000;14124540;1.21338;1.21344;1.21341;4;T;True;1
1621232601000;14124542;1.21337;1.21343;1.2134;1;T;True;1
1621232602000;14124543;1.21337;1.21343;1.2134;0;T;True;1
1621232603000;14124549;1.21338;1.21344;1.21341;5;T;True;1
1621232604000;14124551;1.21337;1.21343;1.2134;1;T;True;1
1621232605000;14124553;1.21338;1.21344;1.21341;1;T;True;1
1621232606000;14124554;1.21338;1.21344;1.21341;0;T;True;1
1621232607000;14124562;1.21338;1.21344;1.21341;7;T;True;1
1621232608000;14124565;1.21338;1.21344;1.21341;2;T;True;1
1621232609000;14124570;1.21332;1.21338;1.21335;4;T;True;1
1621232610000;14124572;1.21332;1.21338;1.21335;1;T;True;1
1621232611000;14124576;1.21334;1.2134;1.21337;3;T;True;1
1621232612000;14124579;1.21332;1.21338;1.21335;2;T;True;1
1621232613000;14124580;1.21332;1.21338;1.21335;0;T;True;1
1621232614000;14124581;1.21332;1.21338;1.21335;0;T;True;1
1621232615000;14124584;1.21331;1.21337;1.21334;2;T;True;1
1621232616000;14124592;1.21331;1.21337;1.21334;7;T;True;1
1621232617000;14124593;1.21331;1.21337;1.21334;0;T;True;1
1621232618000;14124594;1.21331;1.21337;1.21334;0;T;True;1
1621232619000;14124602;1.21325;1.21331;1.21328;7;T;True;1
1621232620000;14124604;1.21324;1.2133;1.21327;1;T;True;1
1621232621000;14124605;1.21324;1.2133;1.21327;0;T;True;1
1621232622000;14124609;1.21322;1.21328;1.21325;3;T;True;1
1621232623000;14124611;1.21322;1.21328;1.21325;1;T;True;1
1621232624000;14124616;1.21324;1.2133;1.21327;4;T;True;1
1621232625000;14124620;1.21322;1.21328;1.21325;3;T;True;1
1621232626000;14124628;1.21322;1.21328;1.21325;7;T;True;1
1621232627000;14124629;1.21322;1.21328;1.21325;0;T;True;1
1621232628000;14124630;1.21322;1.21328;1.21325;0;T;True;1
1621232629000;14124631;1.21322;1.21328;1.21325;0;T;True;1
1621232630000;14124632;1.21322;1.21328;1.21325;0;T;True;1
1621232631000;14124636;1.21321;1.21327;1.21324;3;T;True;1
1621232632000;14124639;1.21321;1.21327;1.21324;2;T;True;1
1621232633000;14124642;1.21321;1.21327;1.21324;2;T;True;1
1621232634000;14124643;1.21321;1.21327;1.21324;0;T;True;1
1621232635000;14124646;1.21321;1.21327;1.21324;2;T;True;1
1621232636000;14124649;1.21322;1.21328;1.21325;2;T;True;1
1621232637000;14124650;1.21322;1.21328;1.21325;0;T;True;1
1621232638000;14124653;1.21322;1.21328;1.21325;2;T;True;1
1621232639000;14124657;1.21322;1.21328;1.21325;3;T;True;1
1621232640000;14124662;1.21322;1.21328;1.21325;4;T;True;1
1621232641000;14124664;1.21322;1.21328;1.21325;1;T;True;1
1621232642000;14124666;1.21322;1.21328;1.21325;1;T;True;1
1621232643000;14124668;1.21324;1.2133;1.21327;1;T;True;1
1621232644000;14124673;1.21322;1.21328;1.21325;4;T;True;1
1621232645000;14124675;1.21324;1.2133;1.21327;1;T;True;1
1621232646000;14124682;1.2133;1.21336;1.21333;6;T;True;1
1621232647000;14124683;1.2133;1.21336;1.21333;0;T;True;1
1621232648000;14124684;1.2133;1.21336;1.21333;0;T;True;1
1621232649000;14124693;1.2133;1.21336;1.21333;8;T;True;1
1621232650000;14124694;1.2133;1.21336;1.21333;0;T;True;1
1621232651000;14124695;1.2133;1.21336;1.21333;0;T;True;1
1621232652000;14124696;1.2133;1.21336;1.21333;0;T;True;1
1621232653000;14124700;1.21332;1.21338;1.21335;3;T;True;1
1621232654000;14124702;1.21333;1.21339;1.21336;1;T;True;1
1621232655000;14124703;1.21333;1.21339;1.21336;0;T;True;1
1621232656000;14124707;1.2133;1.21336;1.21333;3;T;True;1
1621232657000;14124708;1.2133;1.21336;1.21333;0;T;True;1
1621232658000;14124709;1.2133;1.21336;1.21333;0;T;True;1
1621232659000;14124710;1.2133;1.21336;1.21333;0;T;True;1
1621232660000;14124711;1.2133;1.21336;1.21333;0;T;True;1
1621232661000;14124712;1.2133;1.21336;1.21333;0;T;True;1
1621232662000;14124713;1.2133;1.21336;1.21333;0;T;True;1
1621232663000;14124717;1.21333;1.21339;1.21336;3;T;True;1
1621232664000;14124726;1.21338;1.21344;1.21341;8;T;True;1
1621232665000;14124727;1.21338;1.21344;1.21341;0;T;True;1
1621232666000;14124729;1.21338;1.21344;1.21341;1;T;True;1
1621232667000;14124730;1.21338;1.21344;1.21341;0;T;True;1
1621232668000;14124731;1.21338;1.21344;1.21341;0;T;True;1
1621232669000;14124736;1.2134;1.21346;1.21343;4;T;True;1
1621232670000;14124737;1.2134;1.21346;1.21343;0;T;True;1
1621232671000;14124738;1.2134;1.21346;1.21343;0;T;True;1
1621232672000;14124741;1.21338;1.21344;1.21341;2;T;True;1
1621232673000;14124745;1.21338;1.21344;1.21341;3;T;True;1
1621232674000;14124746;1.21338;1.21344;1.21341;0;T;True;1
1621232675000;14124748;1.2134;1.21346;1.21343;1;T;True;1
1621232676000;14124751;1.2134;1.21346;1.21343;2;T;True;1
1621232677000;14124754;1.2134;1.21346;1.21343;2;T;True;1
1621232678000;14124758;1.2134;1.21346;1.21343;3;T;True;1
1621232679000;14124765;1.21338;1.21344;1.21341;6;T;True;1
1621232680000;14124768;1.21338;1.21344;1.21341;2;T;True;1
1621232681000;14124769;1.21338;1.21344;1.21341;0;T;True;1
1621232682000;14124771;1.21339;1.21345;1.21342;1;T;True;1
1621232683000;14124773;1.21339;1.21345;1.21342;1;T;True;1
1621232684000;14124774;1.21339;1.21345;1.21342;0;T;True;1
1621232685000;14124775;1.21339;1.21345;1.21342;0;T;True;1
1621232686000;14124776;1.21339;1.21345;1.21342;0;T;True;1
1621232687000;14124779;1.21338;1.21344;1.21341;2;T;True;1
1621232688000;14124781;1.21338;1.21344;1.21341;1;T;True;1
1621232689000;14124782;1.21338;1.21344;1.21341;0;T;True;1
1621232690000;14124783;1.21338;1.21344;1.21341;0;T;True;1
1621232691000;14124784;1.21338;1.21344;1.21341;0;T;True;1
1621232692000;14124785;1.21338;1.21344;1.21341;0;T;True;1
1621232693000;14124791;1.21338;1.21344;1.21341;5;T;True;1
1621232694000;14124792;1.21338;1.21344;1.21341;0;T;True;1
1621232695000;14124793;1.21338;1.21344;1.21341;0;T;True;1
1621232696000;14124800;1.21339;1.21345;1.21342;6;T;True;1
1621232697000;14124802;1.21338;1.21344;1.21341;1;T;True;1
1621232698000;14124803;1.21338;1.21344;1.21341;0;T;True;1
1621232699000;14124805;1.21339;1.21345;1.21342;1;T;True;1
1621232700000;14124809;1.2134;1.21346;1.21343;3;T;True;1
1621232701000;14124811;1.2134;1.21346;1.21343;1;T;True;1
1621232702000;14124812;1.2134;1.21346;1.21343;0;T;True;1
1621232703000;14124813;1.2134;1.21346;1.21343;0;T;True;1
1621232704000;14124814;1.2134;1.21346;1.21343;0;T;True;1
1621232705000;14124815;1.2134;1.21346;1.21343;0;T;True;1
1621232706000;14124816;1.2134;1.21346;1.21343;0;T;True;1
1621232707000;14124817;1.2134;1.21346;1.21343;0;T;True;1
1621232708000;14124818;1.2134;1.21346;1.21343;0;T;True;1
1621232709000;14124823;1.21341;1.21347;1.21344;4;T;True;1
1621232710000;14124827;1.21342;1.21348;1.21345;3;T;True;1
1621232711000;14124828;1.21342;1.21348;1.21345;0;T;True;1
1621232712000;14124836;1.21348;1.21354;1.21351;7;T;True;1
1621232713000;14124839;1.21349;1.21355;1.21352;2;T;True;1
1621232714000;14124841;1.2135;1.21356;1.21353;1;T;True;1
1621232715000;14124843;1.2135;1.21356;1.21353;1;T;True;1
1621232716000;14124844;1.2135;1.21356;1.21353;0;T;True;1
1621232717000;14124845;1.2135;1.21356;1.21353;0;T;True;1
1621232718000;14124846;1.2135;1.21356;1.21353;0;T;True;1
1621232719000;14124850;1.21347;1.21353;1.2135;3;T;True;1
1621232720000;14124867;1.21349;1.21355;1.21352;16;T;True;1
1621232721000;14124868;1.21349;1.21355;1.21352;0;T;True;1
1621232722000;14124869;1.21349;1.21355;1.21352;0;T;True;1
1621232723000;14124871;1.2135;1.21356;1.21353;1;T;True;1
1621232724000;14124873;1.2135;1.21356;1.21353;1;T;True;1
1621232725000;14124874;1.2135;1.21356;1.21353;0;T;True;1
1621232726000;14124879;1.21346;1.21352;1.21349;4;T;True;1
1621232727000;14124883;1.21348;1.21354;1.21351;3;T;True;1
1621232728000;14124884;1.21348;1.21354;1.21351;0;T;True;1
1621232729000;14124889;1.2135;1.21356;1.21353;4;T;True;1
1621232730000;14124890;1.2135;1.21356;1.21353;0;T;True;1
1621232731000;14124891;1.2135;1.21356;1.21353;0;T;True;1
1621232732000;14124892;1.2135;1.21356;1.21353;0;T;True;1
1621232733000;14124893;1.2135;1.21356;1.21353;0;T;True;1
1621232734000;14124895;1.2135;1.21356;1.21353;1;T;True;1
1621232735000;14124896;1.2135;1.21356;1.21353;0;T;True;1
1621232736000;14124897;1.2135;1.21356;1.21353;0;T;True;1
1621232737000;14124898;1.2135;1.21356;1.21353;0;T;True;1
1621232738000;14124903;1.21353;1.21359;1.21356;4;T;True;1
1621232739000;14124910;1.21355;1.21361;1.21358;6;T;True;1
1621232740000;14124911;1.21355;1.21361;1.21358;0;T;True;1
1621232741000;14124912;1.21355;1.21361;1.21358;0;T;True;1
1621232742000;14124918;1.21358;1.21364;1.21361;5;T;True;1
1621232743000;14124925;1.21354;1.2136;1.21357;6;T;True;1
1621232744000;14124927;1.21354;1.2136;1.21357;1;T;True;1
1621232745000;14124928;1.21354;1.2136;1.21357;0;T;True;1
1621232746000;14124929;1.21354;1.2136;1.21357;0;T;True;1
1621232747000;14124939;1.21359;1.21365;1.21362;9;T;True;1
1621232748000;14124940;1.21359;1.21365;1.21362;0;T;True;1
1621232749000;14124944;1.2136;1.21366;1.21363;3;T;True;1
1621232750000;14124945;1.2136;1.21366;1.21363;0;T;True;1
1621232751000;14124946;1.2136;1.21366;1.21363;0;T;True;1
1621232752000;14124954;1.21362;1.21368;1.21365;7;T;True;1
1621232753000;14124957;1.2136;1.21366;1.21363;2;T;True;1
1621232754000;14124958;1.2136;1.21366;1.21363;0;T;True;1
1621232755000;14124959;1.2136;1.21366;1.21363;0;T;True;1
1621232756000;14124967;1.21364;1.2137;1.21367;7;T;True;1
1621232757000;14124975;1.21359;1.21365;1.21362;7;T;True;1
1621232758000;14124977;1.2136;1.21366;1.21363;1;T;True;1
1621232759000;14124978;1.2136;1.21366;1.21363;0;T;True;1
1621232760000;14124979;1.2136;1.21366;1.21363;0;T;True;1
1621232761000;14124981;1.21359;1.21365;1.21362;1;T;True;1
1621232762000;14124986;1.21356;1.21362;1.21359;4;T;True;1
1621232763000;14124990;1.21356;1.21362;1.21359;3;T;True;1
1621232764000;14124995;1.21354;1.2136;1.21357;4;T;True;1
1621232765000;14124996;1.21354;1.2136;1.21357;0;T;True;1
1621232766000;14124997;1.21354;1.2136;1.21357;0;T;True;1
1621232767000;14124998;1.21354;1.2136;1.21357;0;T;True;1
1621232768000;14124999;1.21354;1.2136;1.21357;0;T;True;1
1621232769000;14125008;1.21347;1.21353;1.2135;8;T;True;1
1621232770000;14125012;1.21348;1.21354;1.21351;3;T;True;1
1621232771000;14125020;1.2135;1.21356;1.21353;7;T;True;1
1621232772000;14125022;1.2135;1.21356;1.21353;1;T;True;1
1621232773000;14125026;1.2135;1.21356;1.21353;3;T;True;1
1621232774000;14125029;1.2135;1.21356;1.21353;2;T;True;1
1621232775000;14125030;1.2135;1.21356;1.21353;0;T;True;1
1621232776000;14125035;1.2135;1.21356;1.21353;4;T;True;1
1621232777000;14125037;1.2135;1.21356;1.21353;1;T;True;1
1621232778000;14125041;1.2135;1.21356;1.21353;3;T;True;1
1621232779000;14125044;1.21354;1.2136;1.21357;2;T;True;1
1621232780000;14125045;1.21354;1.2136;1.21357;0;T;True;1
1621232781000;14125046;1.21354;1.2136;1.21357;0;T;True;1
1621232782000;14125048;1.21353;1.21359;1.21356;1;T;True;1
1621232783000;14125049;1.21353;1.21359;1.21356;0;T;True;1
1621232784000;14125052;1.21353;1.21359;1.21356;2;T;True;1
1621232785000;14125054;1.21352;1.21358;1.21355;1;T;True;1
1621232786000;14125055;1.21352;1.21358;1.21355;0;T;True;1
1621232787000;14125056;1.21352;1.21358;1.21355;0;T;True;1
1621232788000;14125057;1.21352;1.21358;1.21355;0;T;True;1
1621232789000;14125064;1.21353;1.21359;1.21356;6;T;True;1
1621232790000;14125067;1.21354;1.2136;1.21357;2;T;True;1
1621232791000;14125070;1.21354;1.2136;1.21357;2;T;True;1
1621232792000;14125073;1.21354;1.2136;1.21357;2;T;True;1
1621232793000;14125075;1.21354;1.2136;1.21357;1;T;True;1
