ts;n;bid;ask;value;volume;phase;round;active_id
1621238262000;14140604;1.21351;1.21357;1.21354;1;T;True;1
1621238263000;14140608;1.21352;1.21358;1.21355;3;T;True;1
1621238264000;14140609;1.21352;1.21358;1.21355;0;T;True;1
1621238265000;14140612;1.21353;1.21359;1.21356;2;T;True;1
1621238266000;14140613;1.21353;1.21359;1.21356;0;T;True;1
1621238267000;14140616;1.21352;1.21358;1.21355;2;T;True;1
1621238268000;14140619;1.21352;1.21358;1.21355;2;T;True;1
1621238269000;14140620;1.21352;1.21358;1.21355;0;T;True;1
1621238270000;14140622;1.21352;1.21358;1.21355;1;T;True;1
1621238271000;14140624;1.21352;1.21358;1.21355;1;T;True;1
1621238272000;14140627;1.21351;1.21357;1.21354;2;T;True;1
1621238273000;14140630;1.21352;1.21358;1.21355;2;T;True;1
1621238274000;14140631;1.21352;1.21358;1.21355;0;T;True;1
1621238275000;14140632;1.21352;1.21358;1.21355;0;T;True;1
1621238276000;14140633;1.21352;1.21358;1.21355;0;T;True;1
1621238277000;14140640;1.21354;1.2136;1.21357;6;T;True;1
1621238278000;14140645;1.21354;1.2136;1.21357;4;T;True;1
1621238279000;14140646;1.21354;1.2136;1.21357;0;T;True;1
1621238280000;14140647;1.21354;1.2136;1.21357;0;T;True;1
1621238281000;14140650;1.21354;1.2136;1.21357;2;T;True;1
1621238282000;14140659;1.21354;1.2136;1.21357;8;T;True;1
1621238283000;14140660;1.21354;1.2136;1.21357;0;T;True;1
1621238284000;14140661;1.21354;1.2136;1.21357;0;T;True;1
1621238285000;14140668;1.21358;1.21364;1.21361;6;T;True;1
1621238286000;14140673;1.21359;1.21365;1.21362;4;T;True;1
1621238287000;14140678;1.21362;1.21368;1.21365;4;T;True;1
1621238288000;14140682;1.21364;1.2137;1.21367;3;T;True;1
1621238289000;14140684;1.21363;1.21369;1.21366;1;T;True;1
1621238290000;14140685;1.21363;1.21369;1.21366;0;T;True;1
1621238291000;14140686;1.21363;1.21369;1.21366;0;T;True;1
1621238292000;14140692;1.21361;1.21367;1.21364;5;T;True;1
1621238293000;14140697;1.21359;1.21365;1.21362;4;T;True;1
1621238294000;14140702;1.21354;1.2136;1.21357;4;T;True;1
1621238295000;14140710;1.21354;1.2136;1.21357;7;T;True;1
1621238296000;14140711;1.21354;1.2136;1.21357;0;T;True;1
1621238297000;14140712;1.21354;1.2136;1.21357;0;T;True;1
1621238298000;14140713;1.21354;1.2136;1.21357;0;T;True;1
1621238299000;14140715;1.21354;1.2136;1.21357;1;T;True;1
1621238300000;14140716;1.21354;1.2136;1.21357;0;T;True;1
1621238301000;14140717;1.21354;1.2136;1.21357;0;T;True;1
1621238302000;14140718;1.21354;1.2136;1.21357;0;T;True;1
1621238303000;14140724;1.21355;1.21361;1.21358;5;T;True;1
1621238304000;14140728;1.21356;1.21362;1.21359;3;T;True;1
1621238305000;14140733;1.21359;1.21365;1.21362;4;T;True;1
1621238306000;14140743;1.21363;1.21369;1.21366;9;T;True;1
1621238307000;14140747;1.21364;1.2137;1.21367;3;T;True;1
1621238308000;14140749;1.21365;1.21371;1.21368;1;T;True;1
1621238309000;14140757;1.21365;1.21371;1.21368;7;T;True;1
1621238310000;14140758;1.21365;1.21371;1.21368;0;T;True;1
1621238311000;14140763;1.21364;1.2137;1.21367;4;T;True;1
1621238312000;14140764;1.21364;1.2137;1.21367;0;T;True;1
1621238313000;14140766;1.21365;1.21371;1.21368;1;T;True;1
1621238314000;14140768;1.21364;1.2137;1.21367;1;T;True;1
1621238315000;14140770;1.21364;1.2137;1.21367;1;T;True;1
1621238316000;14140771;1.21364;1.2137;1.21367;0;T;True;1
1621238317000;14140773;1.21365;1.21371;1.21368;1;T;True;1
1621238318000;14140777;1.21368;1.21374;1.21371;3;T;True;1
1621238319000;14140778;1.21368;1.21374;1.21371;0;T;True;1
1621238320000;14140781;1.21368;1.21374;1.21371;2;T;True;1
1621238321000;14140784;1.21366;1.21372;1.21369;2;T;True;1
1621238322000;14140787;1.21365;1.21371;1.21368;2;T;True;1
1621238323000;14140795;1.21362;1.21368;1.21365;7;T;True;1
1621238324000;14140802;1.2136;1.21366;1.21363;6;T;True;1
1621238325000;14140805;1.2136;1.21366;1.21363;2;T;True;1
1621238326000;14140813;1.21352;1.21358;1.21355;7;T;True;1
1621238327000;14140814;1.21352;1.21358;1.21355;0;T;True;1
1621238328000;14140815;1.21352;1.21358;1.21355;0;T;True;1
1621238329000;14140821;1.21356;1.21362;1.21359;5;T;True;1
1621238330000;14140823;1.21356;1.21362;1.21359;1;T;True;1
1621238331000;14140824;1.21356;1.21362;1.21359;0;T;True;1
1621238332000;14140828;1.21356;1.21362;1.21359;3;T;True;1
1621238333000;14140829;1.21356;1.21362;1.21359;0;T;True;1
1621238334000;14140833;1.21354;1.2136;1.21357;3;T;True;1
1621238335000;14140834;1.21354;1.2136;1.21357;0;T;True;1
1621238336000;14140835;1.21354;1.2136;1.21357;0;T;True;1
1621238337000;14140836;1.21354;1.2136;1.21357;0;T;True;1
1621238338000;14140837;1.21354;1.2136;1.21357;0;T;True;1
1621238339000;14140838;1.21354;1.2136;1.21357;0;T;True;1
1621238340000;14140839;1.21354;1.2136;1.21357;0;T;True;1
1621238341000;14140842;1.21356;1.21362;1.21359;2;T;True;1
1621238342000;14140843;1.21356;1.21362;1.21359;0;T;True;1
1621238343000;14140846;1.21356;1.21362;1.21359;2;T;True;1
1621238344000;14140851;1.21356;1.21362;1.21359;4;T;True;1
1621238345000;14140854;1.21357;1.21363;1.2136;2;T;True;1
1621238346000;14140856;1.21356;1.21362;1.21359;1;T;True;1
1621238347000;14140858;1.21356;1.21362;1.21359;1;T;True;1
1621238348000;14140861;1.21357;1.21363;1.2136;2;T;True;1
1621238349000;14140863;1.21356;1.21362;1.21359;1;T;True;1
1621238350000;14140864;1.21356;1.21362;1.21359;0;T;True;1
1621238351000;14140865;1.21356;1.21362;1.21359;0;T;True;1
1621238352000;14140868;1.21356;1.21362;1.21359;2;T;True;1
1621238353000;14140869;1.21356;1.21362;1.21359;0;T;True;1
1621238354000;14140873;1.21354;1.2136;1.21357;3;T;True;1
1621238355000;14140874;1.21354;1.2136;1.21357;0;T;True;1
1621238356000;14140875;1.21354;1.2136;1.21357;0;T;True;1
1621238357000;14140878;1.21354;1.2136;1.21357;2;T;True;1
1621238358000;14140880;1.21353;1.21359;1.21356;1;T;True;1
1621238359000;14140888;1.21354;1.2136;1.21357;7;T;True;1
1621238360000;14140889;1.21354;1.2136;1.21357;0;T;True;1
1621238361000;14140890;1.21354;1.2136;1.21357;0;T;True;1
1621238362000;14140899;1.2135;1.21356;1.21353;8;T;True;1
1621238363000;14140900;1.2135;1.21356;1.21353;0;T;True;1
1621238364000;14140902;1.2135;1.21356;1.21353;1;T;True;1
1621238365000;14140903;1.2135;1.21356;1.21353;0;T;True;1
1621238366000;14140910;1.21353;1.21359;1.21356;6;T;True;1
1621238367000;14140912;1.21354;1.2136;1.21357;1;T;True;1
1621238368000;14140913;1.21354;1.2136;1.21357;0;T;True;1
1621238369000;14140916;1.21352;1.21358;1.21355;2;T;True;1
1621238370000;14140918;1.21354;1.2136;1.21357;1;T;True;1
1621238371000;14140919;1.21354;1.2136;1.21357;0;T;True;1
1621238372000;14140920;1.21354;1.2136;1.21357;0;T;True;1
1621238373000;14140923;1.21354;1.2136;1.21357;2;T;True;1
1621238374000;14140924;1.21354;1.2136;1.21357;0;T;True;1
1621238375000;14140928;1.21356;1.21362;1.21359;3;T;True;1
1621238376000;14140931;1.21356;1.21362;1.21359;2;T;True;1
1621238377000;14140933;1.21356;1.21362;1.21359;1;T;True;1
1621238378000;14140936;1.21355;1.21361;1.21358;2;T;True;1
1621238379000;14140937;1.21355;1.21361;1.21358;0;T;True;1
1621238380000;14140943;1.21358;1.21364;1.21361;5;T;True;1
1621238381000;14140947;1.21358;1.21364;1.21361;3;T;True;1
1621238382000;14140949;1.21358;1.21364;1.21361;1;T;True;1
1621238383000;14140951;1.21358;1.21364;1.21361;1;T;True;1
1621238384000;14140957;1.2136;1.21366;1.21363;5;T;True;1
1621238385000;14140968;1.21362;1.21368;1.21365;10;T;True;1
1621238386000;14140971;1.21364;1.2137;1.21367;2;T;True;1
1621238387000;14140973;1.21364;1.2137;1.21367;1;T;True;1
1621238388000;14140975;1.21364;1.2137;1.21367;1;T;True;1
1621238389000;14140976;1.21364;1.2137;1.21367;0;T;True;1
1621238390000;14140979;1.21366;1.21372;1.21369;2;T;True;1
1621238391000;14140980;1.21366;1.21372;1.21369;0;T;True;1
1621238392000;14140986;1.2136;1.21366;1.21363;5;T;True;1
1621238393000;14140989;1.21358;1.21364;1.21361;2;T;True;1
1621238394000;14140991;1.21358;1.21364;1.21361;1;T;True;1
1621238395000;14140995;1.21355;1.21361;1.21358;3;T;True;1
1621238396000;14140996;1.21355;1.21361;1.21358;0;T;True;1
1621238397000;14140997;1.21355;1.21361;1.21358;0;T;True;1
1621238398000;14141000;1.21355;1.21361;1.21358;2;T;True;1
1621238399000;14141011;1.21354;1.2136;1.21357;10;T;True;1
1621238400000;14141017;1.21354;1.2136;1.21357;5;T;True;1
1621238401000;14141021;1.21354;1.2136;1.21357;3;T;True;1
1621238402000;14141023;1.21355;1.21361;1.21358;1;T;True;1
1621238403000;14141024;1.21355;1.21361;1.21358;0;T;True;1
1621238404000;14141026;1.21354;1.2136;1.21357;1;T;True;1
1621238405000;14141029;1.21354;1.2136;1.21357;2;T;True;1
1621238406000;14141030;1.21354;1.2136;1.21357;0;T;True;1
1621238407000;14141031;1.21354;1.2136;1.21357;0;T;True;1
1621238408000;14141042;1.21349;1.21355;1.21352;10;T;True;1
1621238409000;14141049;1.21349;1.21355;1.21352;6;T;True;1
1621238410000;14141052;1.21348;1.21354;1.21351;2;T;True;1
1621238411000;14141068;1.21345;1.21351;1.21348;15;T;True;1
1621238412000;14141071;1.21345;1.21351;1.21348;2;T;True;1
1621238413000;14141076;1.21346;1.21352;1.21349;4;T;True;1
1621238414000;14141090;1.21352;1.21358;1.21355;13;T;True;1
1621238415000;14141101;1.21358;1.21364;1.21361;10;T;True;1
1621238416000;14141104;1.21358;1.21364;1.21361;2;T;True;1
1621238417000;14141108;1.21357;1.21363;1.2136;3;T;True;1
1621238418000;14141115;1.21358;1.21364;1.21361;6;T;True;1
1621238419000;14141116;1.21358;1.21364;1.21361;0;T;True;1
1621238420000;14141122;1.21358;1.21364;1.21361;5;T;True;1
1621238421000;14141127;1.2136;1.21366;1.21363;4;T;True;1
1621238422000;14141134;1.21357;1.21363;1.2136;6;T;True;1
1621238423000;14141143;1.21356;1.21362;1.21359;8;T;True;1
1621238424000;14141147;1.21356;1.21362;1.21359;3;T;True;1
1621238425000;14141152;1.21356;1.21362;1.21359;4;T;True;1
1621238426000;14141158;1.21361;1.21367;1.21364;5;T;True;1
1621238427000;14141179;1.21354;1.2136;1.21357;20;T;True;1
1621238428000;14141190;1.2135;1.21356;1.21353;10;T;True;1
1621238429000;14141199;1.21353;1.21359;1.21356;8;T;True;1
1621238430000;14141209;1.21356;1.21362;1.21359;9;T;True;1
1621238431000;14141214;1.21356;1.21362;1.21359;4;T;True;1
1621238432000;14141215;1.21356;1.21362;1.21359;0;T;True;1
1621238433000;14141221;1.21358;1.21364;1.21361;5;T;True;1
1621238434000;14141227;1.21357;1.21363;1.2136;5;T;True;1
1621238435000;14141235;1.2136;1.21366;1.21363;7;T;True;1
1621238436000;14141236;1.2136;1.21366;1.21363;0;T;True;1
1621238437000;14141237;1.2136;1.21366;1.21363;0;T;True;1
1621238438000;14141239;1.2136;1.21366;1.21363;1;T;True;1
1621238439000;14141240;1.2136;1.21366;1.21363;0;T;True;1
1621238440000;14141243;1.2136;1.21366;1.21363;2;T;True;1
1621238441000;14141244;1.2136;1.21366;1.21363;0;T;True;1
1621238442000;14141247;1.2136;1.21366;1.21363;2;T;True;1
1621238443000;14141249;1.2136;1.21366;1.21363;1;T;True;1
1621238444000;14141256;1.21362;1.21368;1.21365;6;T;True;1
1621238445000;14141260;1.21362;1.21368;1.21365;3;T;True;1
1621238446000;14141264;1.21364;1.2137;1.21367;3;T;True;1
1621238447000;14141271;1.21361;1.21367;1.21364;6;T;True;1
1621238448000;14141273;1.21361;1.21367;1.21364;1;T;True;1
1621238449000;14141275;1.2136;1.21366;1.21363;1;T;True;1
1621238450000;14141279;1.21361;1.21367;1.21364;3;T;True;1
1621238451000;14141286;1.21362;1.21368;1.21365;6;T;True;1
1621238452000;14141290;1.21362;1.21368;1.21365;3;T;True;1
1621238453000;14141296;1.21361;1.21367;1.21364;5;T;True;1
1621238454000;14141302;1.21361;1.21367;1.21364;5;T;True;1
1621238455000;14141304;1.21361;1.21367;1.21364;1;T;True;1
1621238456000;14141308;1.2136;1.21366;1.21363;3;T;True;1
1621238457000;14141309;1.2136;1.21366;1.21363;0;T;True;1
1621238458000;14141311;1.2136;1.21366;1.21363;1;T;True;1
1621238459000;14141314;1.2136;1.21366;1.21363;2;T;True;1
1621238460000;14141318;1.2136;1.21366;1.21363;3;T;True;1
1621238461000;14141321;1.2136;1.21366;1.21363;2;T;True;1
1621238462000;14141326;1.2136;1.21366;1.21363;4;T;True;1
1621238463000;14141335;1.21364;1.2137;1.21367;8;T;True;1
1621238464000;14141337;1.21364;1.2137;1.21367;1;T;True;1
1621238465000;14141344;1.21366;1.21372;1.21369;6;T;True;1
1621238466000;14141346;1.21366;1.21372;1.21369;1;T;True;1
1621238467000;14141347;1.21366;1.21372;1.21369;0;T;True;1
1621238468000;14141348;1.21366;1.21372;1.21369;0;T;True;1
1621238469000;14141353;1.21367;1.21373;1.2137;4;T;True;1
1621238470000;14141359;1.21365;1.21371;1.21368;5;T;True;1
1621238471000;14141362;1.21365;1.21371;1.21368;2;T;True;1
1621238472000;14141364;1.21365;1.21371;1.21368;1;T;True;1
1621238473000;14141369;1.21366;1.21372;1.21369;4;T;True;1
1621238474000;14141374;1.21365;1.21371;1.21368;4;T;True;1
1621238475000;14141377;1.21366;1.21372;1.21369;2;T;True;1
1621238476000;14141379;1.21366;1.21372;1.21369;1;T;True;1
1621238477000;14141384;1.21365;1.21371;1.21368;4;T;True;1
1621238478000;14141386;1.21365;1.21371;1.21368;1;T;True;1
1621238479000;14141392;1.21366;1.21372;1.21369;5;T;True;1
1621238480000;14141401;1.21366;1.21372;1.21369;8;T;True;1
1621238481000;14141409;1.21366;1.21372;1.21369;7;T;True;1
1621238482000;14141413;1.21366;1.21372;1.21369;3;T;True;1
1621238483000;14141416;1.21366;1.21372;1.21369;2;T;True;1
1621238484000;14141418;1.21366;1.21372;1.21369;1;T;True;1
1621238485000;14141425;1.21366;1.21372;1.21369;6;T;True;1
1621238486000;14141429;1.21367;1.21373;1.2137;3;T;True;1
1621238487000;14141433;1.21367;1.21373;1.2137;3;T;True;1
1621238488000;14141437;1.21367;1.21373;1.2137;3;T;True;1
1621238489000;14141438;1.21367;1.21373;1.2137;0;T;True;1
1621238490000;14141440;1.21368;1.21374;1.21371;1;T;True;1
1621238491000;14141442;1.21367;1.21373;1.2137;1;T;True;1
1621238492000;14141443;1.21367;1.21373;1.2137;0;T;True;1
1621238493000;14141444;1.21367;1.21373;1.2137;0;T;True;1
1621238494000;14141446;1.21367;1.21373;1.2137;1;T;True;1
1621238495000;14141447;1.21367;1.21373;1.2137;0;T;True;1
1621238496000;14141454;1.21366;1.21372;1.21369;6;T;True;1
1621238497000;14141456;1.21366;1.21372;1.21369;1;T;True;1
1621238498000;14141457;1.21366;1.21372;1.21369;0;T;True;1
1621238499000;14141467;1.21366;1.21372;1.21369;9;T;True;1
1621238500000;14141472;1.21366;1.21372;1.21369;4;T;True;1
1621238501000;14141473;1.21366;1.21372;1.21369;0;T;True;1
1621238502000;14141475;1.21367;1.21373;1.2137;1;T;True;1
1621238503000;14141477;1.21366;1.21372;1.21369;1;T;True;1
1621238504000;14141483;1.21367;1.21373;1.2137;5;T;True;1
1621238505000;14141484;1.21367;1.21373;1.2137;0;T;True;1
1621238506000;14141486;1.21368;1.21374;1.21371;1;T;True;1
1621238507000;14141487;1.21368;1.21374;1.21371;0;T;True;1
1621238508000;14141489;1.21367;1.21373;1.2137;1;T;True;1
1621238509000;14141495;1.21366;1.21372;1.21369;5;T;True;1
1621238510000;14141500;1.21367;1.21373;1.2137;4;T;True;1
1621238511000;14141504;1.21366;1.21372;1.21369;3;T;True;1
1621238512000;14141507;1.21366;1.21372;1.21369;2;T;True;1
1621238513000;14141508;1.21366;1.21372;1.21369;0;T;True;1
1621238514000;14141509;1.21366;1.21372;1.21369;0;T;True;1
1621238515000;14141513;1.21366;1.21372;1.21369;3;T;True;1
1621238516000;14141516;1.21366;1.21372;1.21369;2;T;True;1
1621238517000;14141521;1.21368;1.21374;1.21371;4;T;True;1
1621238518000;14141523;1.21369;1.21375;1.21372;1;T;True;1
1621238519000;14141524;1.21369;1.21375;1.21372;0;T;True;1
1621238520000;14141525;1.21369;1.21375;1.21372;0;T;True;1
1621238521000;14141526;1.21369;1.21375;1.21372;0;T;True;1
1621238522000;14141530;1.2137;1.21376;1.21373;3;T;True;1
1621238523000;14141531;1.2137;1.21376;1.21373;0;T;True;1
1621238524000;14141532;1.2137;1.21376;1.21373;0;T;True;1
1621238525000;14141533;1.2137;1.21376;1.21373;0;T;True;1
1621238526000;14141534;1.2137;1.21376;1.21373;0;T;True;1
1621238527000;14141543;1.21368;1.21374;1.21371;8;T;True;1
1621238528000;14141546;1.21368;1.21374;1.21371;2;T;True;1
1621238529000;14141547;1.21368;1.21374;1.21371;0;T;True;1
1621238530000;14141548;1.21368;1.21374;1.21371;0;T;True;1
1621238531000;14141549;1.21368;1.21374;1.21371;0;T;True;1
1621238532000;14141550;1.21368;1.21374;1.21371;0;T;True;1
1621238533000;14141551;1.21368;1.21374;1.21371;0;T;True;1
1621238534000;14141557;1.2137;1.21376;1.21373;5;T;True;1
1621238535000;14141561;1.2137;1.21376;1.21373;3;T;True;1
1621238536000;14141564;1.2137;1.21376;1.21373;2;T;True;1
1621238537000;14141569;1.21371;1.21377;1.21374;4;T;True;1
1621238538000;14141570;1.21371;1.21377;1.21374;0;T;True;1
1621238539000;14141574;1.21371;1.21377;1.21374;3;T;True;1
1621238540000;14141581;1.21376;1.21382;1.21379;6;T;True;1
1621238541000;14141585;1.21376;1.21382;1.21379;3;T;True;1
1621238542000;14141588;1.21376;1.21382;1.21379;2;T;True;1
1621238543000;14141597;1.21372;1.21378;1.21375;8;T;True;1
1621238544000;14141605;1.21372;1.21378;1.21375;7;T;True;1
1621238545000;14141610;1.21372;1.21378;1.21375;4;T;True;1
1621238546000;14141612;1.21372;1.21378;1.21375;1;T;True;1
1621238547000;14141618;1.21374;1.2138;1.21377;5;T;True;1
1621238548000;14141622;1.21375;1.21381;1.21378;3;T;True;1
1621238549000;14141623;1.21375;1.21381;1.21378;0;T;True;1
1621238550000;14141637;1.21373;1.21379;1.21376;13;T;True;1
1621238551000;14141645;1.21372;1.21378;1.21375;7;T;True;1
1621238552000;14141655;1.2137;1.21376;1.21373;9;T;True;1
1621238553000;14141659;1.2137;1.21376;1.21373;3;T;True;1
1621238554000;14141662;1.2137;1.21376;1.21373;2;T;True;1
1621238555000;14141669;1.21375;1.21381;1.21378;6;T;True;1
1621238556000;14141671;1.21375;1.21381;1.21378;1;T;True;1
1621238557000;14141675;1.21374;1.2138;1.21377;3;T;True;1
1621238558000;14141679;1.21375;1.21381;1.21378;3;T;True;1
1621238559000;14141682;1.21376;1.21382;1.21379;2;T;True;1
1621238560000;14141683;1.21376;1.21382;1.21379;0;T;True;1
1621238561000;14141684;1.21376;1.21382;1.21379;0;T;True;1
1621238562000;14141686;1.21376;1.21382;1.21379;1;T;True;1
1621238563000;14141687;1.21376;1.21382;1.21379;0;T;True;1
1621238564000;14141688;1.21376;1.21382;1.21379;0;T;True;1
1621238565000;14141694;1.21378;1.21384;1.21381;5;T;True;1
1621238566000;14141705;1.21378;1.21384;1.21381;10;T;True;1
1621238567000;14141709;1.21376;1.21382;1.21379;3;T;True;1
1621238568000;14141710;1.21376;1.21382;1.21379;0;T;True;1
1621238569000;14141712;1.21376;1.21382;1.21379;1;T;True;1
1621238570000;14141714;1.21376;1.21382;1.21379;1;T;True;1
1621238571000;14141724;1.2137;1.21376;1.21373;9;T;True;1
1621238572000;14141731;1.21372;1.21378;1.21375;6;T;True;1
1621238573000;14141732;1.21372;1.21378;1.21375;0;T;True;1
1621238574000;14141733;1.21372;1.21378;1.21375;0;T;True;1
1621238575000;14141735;1.21372;1.21378;1.21375;1;T;True;1
1621238576000;14141736;1.21372;1.21378;1.21375;0;T;True;1
1621238577000;14141741;1.21372;1.21378;1.21375;4;T;True;1
1621238578000;14141747;1.21372;1.21378;1.21375;5;T;True;1
1621238579000;14141753;1.21372;1.21378;1.21375;5;T;True;1
1621238580000;14141757;1.21372;1.21378;1.21375;3;T;True;1
1621238581000;14141759;1.21372;1.21378;1.21375;1;T;True;1
1621238582000;14141760;1.21372;1.21378;1.21375;0;T;True;1
1621238583000;14141773;1.21374;1.2138;1.21377;12;T;True;1
1621238584000;14141777;1.21376;1.21382;1.21379;3;T;True;1
1621238585000;14141779;1.21376;1.21382;1.21379;1;T;True;1
1621238586000;14141784;1.21378;1.21384;1.21381;4;T;True;1
1621238587000;14141790;1.21376;1.21382;1.21379;5;T;True;1
1621238588000;14141791;1.21376;1.21382;1.21379;0;T;True;1
1621238589000;14141792;1.21376;1.21382;1.21379;0;T;True;1
1621238590000;14141793;1.21376;1.21382;1.21379;0;T;True;1
1621238591000;14141794;1.21376;1.21382;1.21379;0;T;True;1
1621238592000;14141801;1.21373;1.21379;1.21376;6;T;True;1
1621238593000;14141802;1.21373;1.21379;1.21376;0;T;True;1
1621238594000;14141805;1.21372;1.21378;1.21375;2;T;True;1
1621238595000;14141807;1.21372;1.21378;1.21375;1;T;True;1
1621238596000;14141810;1.21372;1.21378;1.21375;2;T;True;1
1621238597000;14141812;1.21372;1.21378;1.21375;1;T;True;1
1621238598000;14141814;1.21372;1.21378;1.21375;1;T;True;1
1621238599000;14141819;1.21372;1.21378;1.21375;4;T;True;1
1621238600000;14141825;1.2137;1.21376;1.21373;5;T;True;1
1621238601000;14141830;1.21369;1.21375;1.21372;4;T;True;1
1621238602000;14141834;1.21368;1.21374;1.21371;3;T;True;1
1621238603000;14141835;1.21368;1.21374;1.21371;0;T;True;1
1621238604000;14141836;1.21368;1.21374;1.21371;0;T;True;1
1621238605000;14141844;1.21365;1.21371;1.21368;7;T;True;1
1621238606000;14141848;1.21366;1.21372;1.21369;3;T;True;1
1621238607000;14141852;1.21366;1.21372;1.21369;3;T;True;1
1621238608000;14141860;1.21366;1.21372;1.21369;7;T;True;1
1621238609000;14141863;1.21366;1.21372;1.21369;2;T;True;1
1621238610000;14141865;1.21366;1.21372;1.21369;1;T;True;1
1621238611000;14141869;1.21366;1.21372;1.21369;3;T;True;1
1621238612000;14141871;1.21366;1.21372;1.21369;1;T;True;1
1621238613000;14141872;1.21366;1.21372;1.21369;0;T;True;1
1621238614000;14141879;1.21366;1.21372;1.21369;6;T;True;1
1621238615000;14141883;1.21367;1.21373;1.2137;3;T;True;1
1621238616000;14141887;1.21366;1.21372;1.21369;3;T;True;1
1621238617000;14141889;1.21367;1.21373;1.2137;1;T;True;1
1621238618000;14141890;1.21367;1.21373;1.2137;0;T;True;1
1621238619000;14141891;1.21367;1.21373;1.2137;0;T;True;1
1621238620000;14141893;1.21366;1.21372;1.21369;1;T;True;1
1621238621000;14141894;1.21366;1.21372;1.21369;0;T;True;1
1621238622000;14141897;1.21368;1.21374;1.21371;2;T;True;1
1621238623000;14141898;1.21368;1.21374;1.21371;0;T;True;1
1621238624000;14141899;1.21368;1.21374;1.21371;0;T;True;1
1621238625000;14141900;1.21368;1.21374;1.21371;0;T;True;1
1621238626000;14141901;1.21368;1.21374;1.21371;0;T;True;1
1621238627000;14141905;1.21367;1.21373;1.2137;3;T;True;1
1621238628000;14141908;1.21367;1.21373;1.2137;2;T;True;1
1621238629000;14141909;1.21367;1.21373;1.2137;0;T;True;1
1621238630000;14141911;1.21367;1.21373;1.2137;1;T;True;1
1621238631000;14141913;1.21367;1.21373;1.2137;1;T;True;1
1621238632000;14141920;1.2137;1.21376;1.21373;6;T;True;1
1621238633000;14141925;1.21372;1.21378;1.21375;4;T;True;1
1621238634000;14141927;1.21372;1.21378;1.21375;1;T;True;1
1621238635000;14141928;1.21372;1.21378;1.21375;0;T;True;1
1621238636000;14141930;1.21372;1.21378;1.21375;1;T;True;1
1621238637000;14141931;1.21372;1.21378;1.21375;0;T;True;1
1621238638000;14141938;1.21376;1.21382;1.21379;6;T;True;1
1621238639000;14141943;1.21374;1.2138;1.21377;4;T;True;1
1621238640000;14141944;1.21374;1.2138;1.21377;0;T;True;1
1621238641000;14141945;1.21374;1.2138;1.21377;0;T;True;1
1621238642000;14141950;1.21376;1.21382;1.21379;4;T;True;1
1621238643000;14141951;1.21376;1.21382;1.21379;0;T;True;1
1621238644000;14141952;1.21376;1.21382;1.21379;0;T;True;1
1621238645000;14141953;1.21376;1.21382;1.21379;0;T;True;1
1621238646000;14141955;1.21376;1.21382;1.21379;1;T;True;1
1621238647000;14141960;1.21376;1.21382;1.21379;4;T;True;1
1621238648000;14141965;1.21377;1.21383;1.2138;4;T;True;1
1621238649000;14141968;1.21376;1.21382;1.21379;2;T;True;1
1621238650000;14141977;1.21368;1.21374;1.21371;8;T;True;1
1621238651000;14141979;1.21368;1.21374;1.21371;1;T;True;1
1621238652000;14141983;1.21366;1.21372;1.21369;3;T;True;1
1621238653000;14141985;1.21366;1.21372;1.21369;1;T;True;1
1621238654000;14141989;1.21367;1.21373;1.2137;3;T;True;1
1621238655000;14141990;1.21367;1.21373;1.2137;0;T;True;1
1621238656000;14141991;1.21367;1.21373;1.2137;0;T;True;1
1621238657000;14141992;1.21367;1.21373;1.2137;0;T;True;1
1621238658000;14141993;1.21367;1.21373;1.2137;0;T;True;1
1621238659000;14141994;1.21367;1.21373;1.2137;0;T;True;1
1621238660000;14141997;1.21367;1.21373;1.2137;2;T;True;1
1621238661000;14141998;1.21367;1.21373;1.2137;0;T;True;1
1621238662000;14141999;1.21367;1.21373;1.2137;0;T;True;1
1621238663000;14142000;1.21367;1.21373;1.2137;0;T;True;1
1621238664000;14142002;1.21367;1.21373;1.2137;1;T;True;1
1621238665000;14142006;1.2137;1.21376;1.21373;3;T;True;1
1621238666000;14142008;1.21371;1.21377;1.21374;1;T;True;1
1621238667000;14142010;1.21371;1.21377;1.21374;1;T;True;1
1621238668000;14142011;1.21371;1.21377;1.21374;0;T;True;1
1621238669000;14142016;1.21372;1.21378;1.21375;4;T;True;1
1621238670000;14142017;1.21372;1.21378;1.21375;0;T;True;1
1621238671000;14142019;1.21373;1.21379;1.21376;1;T;True;1
1621238672000;14142020;1.21373;1.21379;1.21376;0;T;True;1
1621238673000;14142021;1.21373;1.21379;1.21376;0;T;True;1
1621238674000;14142023;1.21373;1.21379;1.21376;1;T;True;1
1621238675000;14142025;1.21374;1.2138;1.21377;1;T;True;1
1621238676000;14142028;1.21372;1.21378;1.21375;2;T;True;1
1621238677000;14142029;1.21372;1.21378;1.21375;0;T;True;1
1621238678000;14142033;1.21374;1.2138;1.21377;3;T;True;1
1621238679000;14142034;1.21374;1.2138;1.21377;0;T;True;1
1621238680000;14142036;1.21374;1.2138;1.21377;1;T;True;1
1621238681000;14142037;1.21374;1.2138;1.21377;0;T;True;1
1621238682000;14142040;1.21374;1.2138;1.21377;2;T;True;1
1621238683000;14142044;1.21373;1.21379;1.21376;3;T;True;1
1621238684000;14142047;1.21374;1.2138;1.21377;2;T;True;1
1621238685000;14142048;1.21374;1.2138;1.21377;0;T;True;1
1621238686000;14142049;1.21374;1.2138;1.21377;0;T;True;1
1621238687000;14142052;1.21374;1.2138;1.21377;2;T;True;1
1621238688000;14142057;1.21378;1.21384;1.21381;4;T;True;1
1621238689000;14142061;1.21382;1.21388;1.21385;3;T;True;1
1621238690000;14142062;1.21382;1.21388;1.21385;0;T;True;1
1621238691000;14142066;1.21383;1.21389;1.21386;3;T;True;1
1621238692000;14142069;1.21382;1.21388;1.21385;2;T;True;1
1621238693000;14142070;1.21382;1.21388;1.21385;0;T;True;1
1621238694000;14142074;1.21382;1.21388;1.21385;3;T;True;1
1621238695000;14142076;1.21382;1.21388;1.21385;1;T;True;1
1621238696000;14142078;1.21383;1.21389;1.21386;1;T;True;1
1621238697000;14142079;1.21383;1.21389;1.21386;0;T;True;1
1621238698000;14142081;1.21384;1.2139;1.21387;1;T;True;1
1621238699000;14142083;1.21383;1.21389;1.21386;1;T;True;1
1621238700000;14142084;1.21383;1.21389;1.21386;0;T;True;1
1621238701000;14142096;1.21382;1.21388;1.21385;11;T;True;1
1621238702000;14142102;1.21383;1.21389;1.21386;5;T;True;1
1621238703000;14142104;1.21384;1.2139;1.21387;1;T;True;1
1621238704000;14142107;1.21384;1.2139;1.21387;2;T;True;1
1621238705000;14142108;1.21384;1.2139;1.21387;0;T;True;1
1621238706000;14142109;1.21384;1.2139;1.21387;0;T;True;1
1621238707000;14142110;1.21384;1.2139;1.21387;0;T;True;1
1621238708000;14142111;1.21384;1.2139;1.21387;0;T;True;1
1621238709000;14142112;1.21384;1.2139;1.21387;0;T;True;1
1621238710000;14142119;1.21384;1.2139;1.21387;6;T;True;1
1621238711000;14142121;1.21384;1.2139;1.21387;1;T;True;1
1621238712000;14142122;1.21384;1.2139;1.21387;0;T;True;1
1621238713000;14142123;1.21384;1.2139;1.21387;0;T;True;1
1621238714000;14142124;1.21384;1.2139;1.21387;0;T;True;1
1621238715000;14142125;1.21384;1.2139;1.21387;0;T;True;1
1621238716000;14142129;1.21384;1.2139;1.21387;3;T;True;1
1621238717000;14142132;1.21384;1.2139;1.21387;2;T;True;1
1621238718000;14142134;1.21385;1.21391;1.21388;1;T;True;1
1621238719000;14142135;1.21385;1.21391;1.21388;0;T;True;1
1621238720000;14142141;1.21383;1.21389;1.21386;5;T;True;1
1621238721000;14142144;1.21382;1.21388;1.21385;2;T;True;1
1621238722000;14142148;1.21381;1.21387;1.21384;3;T;True;1
1621238723000;14142150;1.21381;1.21387;1.21384;1;T;True;1
1621238724000;14142153;1.2138;1.21386;1.21383;2;T;True;1
1621238725000;14142154;1.2138;1.21386;1.21383;0;T;True;1
1621238726000;14142157;1.2138;1.21386;1.21383;2;T;True;1
1621238727000;14142159;1.2138;1.21386;1.21383;1;T;True;1
1621238728000;14142163;1.2138;1.21386;1.21383;3;T;True;1
1621238729000;14142168;1.21384;1.2139;1.21387;4;T;True;1
1621238730000;14142170;1.21384;1.2139;1.21387;1;T;True;1
1621238731000;14142173;1.21384;1.2139;1.21387;2;T;True;1
1621238732000;14142175;1.21384;1.2139;1.21387;1;T;True;1
1621238733000;14142176;1.21384;1.2139;1.21387;0;T;True;1
1621238734000;14142178;1.21383;1.21389;1.21386;1;T;True;1
1621238735000;14142179;1.21383;1.21389;1.21386;0;T;True;1
1621238736000;14142180;1.21383;1.21389;1.21386;0;T;True;1
1621238737000;14142181;1.21383;1.21389;1.21386;0;T;True;1
1621238738000;14142182;1.21383;1.21389;1.21386;0;T;True;1
1621238739000;14142183;1.21383;1.21389;1.21386;0;T;True;1
1621238740000;14142192;1.21384;1.2139;1.21387;8;T;True;1
1621238741000;14142195;1.21384;1.2139;1.21387;2;T;True;1
1621238742000;14142196;1.21384;1.2139;1.21387;0;T;True;1
1621238743000;14142202;1.21384;1.2139;1.21387;5;T;True;1
1621238744000;14142203;1.21384;1.2139;1.21387;0;T;True;1
1621238745000;14142204;1.21384;1.2139;1.21387;0;T;True;1
1621238746000;14142211;1.21387;1.21393;1.2139;6;T;True;1
1621238747000;14142213;1.21386;1.21392;1.21389;1;T;True;1
1621238748000;14142215;1.21386;1.21392;1.21389;1;T;True;1
1621238749000;14142226;1.21383;1.21389;1.21386;10;T;True;1
1621238750000;14142230;1.21383;1.21389;1.21386;3;T;True;1
1621238751000;14142231;1.21383;1.21389;1.21386;0;T;True;1
1621238752000;14142237;1.21381;1.21387;1.21384;5;T;True;1
1621238753000;14142239;1.21381;1.21387;1.21384;1;T;True;1
1621238754000;14142240;1.21381;1.21387;1.21384;0;T;True;1
1621238755000;14142241;1.21381;1.21387;1.21384;0;T;True;1
1621238756000;14142242;1.21381;1.21387;1.21384;0;T;True;1
1621238757000;14142243;1.21381;1.21387;1.21384;0;T;True;1
1621238758000;14142244;1.21381;1.21387;1.21384;0;T;True;1
1621238759000;14142245;1.21381;1.21387;1.21384;0;T;True;1
1621238760000;14142246;1.21381;1.21387;1.21384;0;T;True;1
1621238761000;14142249;1.21381;1.21387;1.21384;2;T;True;1
1621238762000;14142250;1.21381;1.21387;1.21384;0;T;True;1
1621238763000;14142251;1.21381;1.21387;1.21384;0;T;True;1
1621238764000;14142252;1.21381;1.21387;1.21384;0;T;True;1
1621238765000;14142253;1.21381;1.21387;1.21384;0;T;True;1
1621238766000;14142256;1.21381;1.21387;1.21384;2;T;True;1
1621238767000;14142258;1.21381;1.21387;1.21384;1;T;True;1
1621238768000;14142263;1.2138;1.21386;1.21383;4;T;True;1
1621238769000;14142269;1.21381;1.21387;1.21384;5;T;True;1
1621238770000;14142270;1.21381;1.21387;1.21384;0;T;True;1
1621238771000;14142271;1.21381;1.21387;1.21384;0;T;True;1
1621238772000;14142275;1.2138;1.21386;1.21383;3;T;True;1
1621238773000;14142276;1.2138;1.21386;1.21383;0;T;True;1
1621238774000;14142279;1.21379;1.21385;1.21382;2;T;True;1
1621238775000;14142280;1.21379;1.21385;1.21382;0;T;True;1
1621238776000;14142282;1.21379;1.21385;1.21382;1;T;True;1
1621238777000;14142283;1.21379;1.21385;1.21382;0;T;True;1
1621238778000;14142286;1.21378;1.21384;1.21381;2;T;True;1
1621238779000;14142287;1.21378;1.21384;1.21381;0;T;True;1
1621238780000;14142288;1.21378;1.21384;1.21381;0;T;True;1
1621238781000;14142290;1.21378;1.21384;1.21381;1;T;True;1
1621238782000;14142291;1.21378;1.21384;1.21381;0;T;True;1
1621238783000;14142292;1.21378;1.21384;1.21381;0;T;True;1
1621238784000;14142293;1.21378;1.21384;1.21381;0;T;True;1
1621238785000;14142295;1.21378;1.21384;1.21381;1;T;True;1
1621238786000;14142297;1.21378;1.21384;1.21381;1;T;True;1
1621238787000;14142298;1.21378;1.21384;1.21381;0;T;True;1
1621238788000;14142299;1.21378;1.21384;1.21381;0;T;True;1
1621238789000;14142302;1.2138;1.21386;1.21383;2;T;True;1
1621238790000;14142303;1.2138;1.21386;1.21383;0;T;True;1
1621238791000;14142305;1.2138;1.21386;1.21383;1;T;True;1
1621238792000;14142306;1.2138;1.21386;1.21383;0;T;True;1
1621238793000;14142308;1.2138;1.21386;1.21383;1;T;True;1
1621238794000;14142312;1.21383;1.21389;1.21386;3;T;True;1
1621238795000;14142318;1.21387;1.21393;1.2139;5;T;True;1
1621238796000;14142320;1.21387;1.21393;1.2139;1;T;True;1
1621238797000;14142321;1.21387;1.21393;1.2139;0;T;True;1
1621238798000;14142325;1.21386;1.21392;1.21389;3;T;True;1
1621238799000;14142326;1.21386;1.21392;1.21389;0;T;True;1
1621238800000;14142330;1.21386;1.21392;1.21389;3;T;True;1
1621238801000;14142333;1.21386;1.21392;1.21389;2;T;True;1
1621238802000;14142336;1.21386;1.21392;1.21389;2;T;True;1
1621238803000;14142338;1.21386;1.21392;1.21389;1;T;True;1
1621238804000;14142340;1.21387;1.21393;1.2139;1;T;True;1
1621238805000;14142341;1.21387;1.21393;1.2139;0;T;True;1
1621238806000;14142342;1.21387;1.21393;1.2139;0;T;True;1
1621238807000;14142344;1.21386;1.21392;1.21389;1;T;True;1
1621238808000;14142345;1.21386;1.21392;1.21389;0;T;True;1
1621238809000;14142346;1.21386;1.21392;1.21389;0;T;True;1
1621238810000;14142347;1.21386;1.21392;1.21389;0;T;True;1
1621238811000;14142348;1.21386;1.21392;1.21389;0;T;True;1
1621238812000;14142351;1.21386;1.21392;1.21389;2;T;True;1
1621238813000;14142352;1.21386;1.21392;1.21389;0;T;True;1
1621238814000;14142353;1.21386;1.21392;1.21389;0;T;True;1
1621238815000;14142357;1.21386;1.21392;1.21389;3;T;True;1
1621238816000;14142359;1.21386;1.21392;1.21389;1;T;True;1
1621238817000;14142360;1.21386;1.21392;1.21389;0;T;True;1
1621238818000;14142364;1.21386;1.21392;1.21389;3;T;True;1
1621238819000;14142365;1.21386;1.21392;1.21389;0;T;True;1
1621238820000;14142368;1.21386;1.21392;1.21389;2;T;True;1
1621238821000;14142370;1.21386;1.21392;1.21389;1;T;True;1
1621238822000;14142382;1.21384;1.2139;1.21387;11;T;True;1
1621238823000;14142384;1.21384;1.2139;1.21387;1;T;True;1
1621238824000;14142390;1.21382;1.21388;1.21385;5;T;True;1
1621238825000;14142392;1.21382;1.21388;1.21385;1;T;True;1
1621238826000;14142396;1.21383;1.21389;1.21386;3;T;True;1
1621238827000;14142397;1.21383;1.21389;1.21386;0;T;True;1
1621238828000;14142398;1.21383;1.21389;1.21386;0;T;True;1
1621238829000;14142399;1.21383;1.21389;1.21386;0;T;True;1
1621238830000;14142400;1.21383;1.21389;1.21386;0;T;True;1
1621238831000;14142401;1.21383;1.21389;1.21386;0;T;True;1
1621238832000;14142409;1.21384;1.2139;1.21387;7;T;True;1
1621238833000;14142410;1.21384;1.2139;1.21387;0;T;True;1
1621238834000;14142412;1.21384;1.2139;1.21387;1;T;True;1
1621238835000;14142413;1.21384;1.2139;1.21387;0;T;True;1
1621238836000;14142415;1.21384;1.2139;1.21387;1;T;True;1
1621238837000;14142416;1.21384;1.2139;1.21387;0;T;True;1
1621238838000;14142419;1.21384;1.2139;1.21387;2;T;True;1
1621238839000;14142420;1.21384;1.2139;1.21387;0;T;True;1
1621238840000;14142421;1.21384;1.2139;1.21387;0;T;True;1
1621238841000;14142423;1.21384;1.2139;1.21387;1;T;True;1
1621238842000;14142429;1.21392;1.21398;1.21395;5;T;True;1
1621238843000;14142436;1.2139;1.21396;1.21393;6;T;True;1
1621238844000;14142437;1.2139;1.21396;1.21393;0;T;True;1
1621238845000;14142441;1.21392;1.21398;1.21395;3;T;True;1
1621238846000;14142442;1.21392;1.21398;1.21395;0;T;True;1
1621238847000;14142443;1.21392;1.21398;1.21395;0;T;True;1
1621238848000;14142445;1.21391;1.21397;1.21394;1;T;True;1
1621238849000;14142447;1.21391;1.21397;1.21394;1;T;True;1
1621238850000;14142448;1.21391;1.21397;1.21394;0;T;True;1
1621238851000;14142449;1.21391;1.21397;1.21394;0;T;True;1
1621238852000;14142457;1.21389;1.21395;1.21392;7;T;True;1
1621238853000;14142460;1.21389;1.21395;1.21392;2;T;True;1
1621238854000;14142465;1.21387;1.21393;1.2139;4;T;True;1
1621238855000;14142468;1.21386;1.21392;1.21389;2;T;True;1
1621238856000;14142470;1.21386;1.21392;1.21389;1;T;True;1
1621238857000;14142471;1.21386;1.21392;1.21389;0;T;True;1
1621238858000;14142472;1.21386;1.21392;1.21389;0;T;True;1
1621238859000;14142474;1.21386;1.21392;1.21389;1;T;True;1
1621238860000;14142475;1.21386;1.21392;1.21389;0;T;True;1
1621238861000;14142476;1.21386;1.21392;1.21389;0;T;True;1
1621238862000;14142477;1.21386;1.21392;1.21389;0;T;True;1
1621238863000;14142481;1.21386;1.21392;1.21389;3;T;True;1
1621238864000;14142487;1.21384;1.2139;1.21387;5;T;True;1
1621238865000;14142491;1.21386;1.21392;1.21389;3;T;True;1
1621238866000;14142492;1.21386;1.21392;1.21389;0;T;True;1
1621238867000;14142494;1.21386;1.21392;1.21389;1;T;True;1
1621238868000;14142496;1.21386;1.21392;1.21389;1;T;True;1
1621238869000;14142497;1.21386;1.21392;1.21389;0;T;True;1
1621238870000;14142504;1.21389;1.21395;1.21392;6;T;True;1
1621238871000;14142508;1.2139;1.21396;1.21393;3;T;True;1
1621238872000;14142510;1.2139;1.21396;1.21393;1;T;True;1
1621238873000;14142511;1.2139;1.21396;1.21393;0;T;True;1
1621238874000;14142520;1.21389;1.21395;1.21392;8;T;True;1
1621238875000;14142525;1.21386;1.21392;1.21389;4;T;True;1
1621238876000;14142528;1.21387;1.21393;1.2139;2;T;True;1
1621238877000;14142530;1.21387;1.21393;1.2139;1;T;True;1
1621238878000;14142537;1.21388;1.21394;1.21391;6;T;True;1
1621238879000;14142538;1.21388;1.21394;1.21391;0;T;True;1
1621238880000;14142539;1.21388;1.21394;1.21391;0;T;True;1
1621238881000;14142541;1.21388;1.21394;1.21391;1;T;True;1
1621238882000;14142545;1.21388;1.21394;1.21391;3;T;True;1
1621238883000;14142551;1.21392;1.21398;1.21395;5;T;True;1
1621238884000;14142561;1.21395;1.21401;1.21398;9;T;True;1
1621238885000;14142562;1.21395;1.21401;1.21398;0;T;True;1
1621238886000;14142563;1.21395;1.21401;1.21398;0;T;True;1
1621238887000;14142566;1.21393;1.21399;1.21396;2;T;True;1
1621238888000;14142568;1.21393;1.21399;1.21396;1;T;True;1
1621238889000;14142569;1.21393;1.21399;1.21396;0;T;True;1
1621238890000;14142570;1.21393;1.21399;1.21396;0;T;True;1
1621238891000;14142573;1.21395;1.21401;1.21398;2;T;True;1
1621238892000;14142575;1.21394;1.214;1.21397;1;T;True;1
1621238893000;14142577;1.21394;1.214;1.21397;1;T;True;1
1621238894000;14142579;1.21393;1.21399;1.21396;1;T;True;1
1621238895000;14142580;1.21393;1.21399;1.21396;0;T;True;1
1621238896000;14142581;1.21393;1.21399;1.21396;0;T;True;1
1621238897000;14142582;1.21393;1.21399;1.21396;0;T;True;1
1621238898000;14142584;1.21393;1.21399;1.21396;1;T;True;1
1621238899000;14142585;1.21393;1.21399;1.21396;0;T;True;1
1621238900000;14142586;1.21393;1.21399;1.21396;0;T;True;1
1621238901000;14142587;1.21393;1.21399;1.21396;0;T;True;1
1621238902000;14142588;1.21393;1.21399;1.21396;0;T;True;1
1621238903000;14142593;1.21392;1.21398;1.21395;4;T;True;1
1621238904000;14142594;1.21392;1.21398;1.21395;0;T;True;1
1621238905000;14142595;1.21392;1.21398;1.21395;0;T;True;1
1621238906000;14142601;1.21392;1.21398;1.21395;5;T;True;1
1621238907000;14142604;1.21393;1.21399;1.21396;2;T;True;1
1621238908000;14142606;1.21393;1.21399;1.21396;1;T;True;1
1621238909000;14142610;1.21393;1.21399;1.21396;3;T;True;1
1621238910000;14142613;1.21393;1.21399;1.21396;2;T;True;1
1621238911000;14142615;1.21393;1.21399;1.21396;1;T;True;1
1621238912000;14142616;1.21393;1.21399;1.21396;0;T;True;1
1621238913000;14142619;1.21396;1.21402;1.21399;2;T;True;1
1621238914000;14142620;1.21396;1.21402;1.21399;0;T;True;1
1621238915000;14142624;1.21397;1.21403;1.214;3;T;True;1
1621238916000;14142625;1.21397;1.21403;1.214;0;T;True;1
1621238917000;14142626;1.21397;1.21403;1.214;0;T;True;1
1621238918000;14142627;1.21397;1.21403;1.214;0;T;True;1
1621238919000;14142628;1.21397;1.21403;1.214;0;T;True;1
1621238920000;14142629;1.21397;1.21403;1.214;0;T;True;1
1621238921000;14142631;1.21397;1.21403;1.214;1;T;True;1
1621238922000;14142632;1.21397;1.21403;1.214;0;T;True;1
1621238923000;14142634;1.21397;1.21403;1.214;1;T;True;1
1621238924000;14142636;1.21397;1.21403;1.214;1;T;True;1
1621238925000;14142637;1.21397;1.21403;1.214;0;T;True;1
1621238926000;14142638;1.21397;1.21403;1.214;0;T;True;1
1621238927000;14142639;1.21397;1.21403;1.214;0;T;True;1
1621238928000;14142640;1.21397;1.21403;1.214;0;T;True;1
1621238929000;14142641;1.21397;1.21403;1.214;0;T;True;1
1621238930000;14142642;1.21397;1.21403;1.214;0;T;True;1
1621238931000;14142643;1.21397;1.21403;1.214;0;T;True;1
1621238932000;14142646;1.21398;1.21404;1.21401;2;T;True;1
1621238933000;14142647;1.21398;1.21404;1.21401;0;T;True;1
1621238934000;14142649;1.21398;1.21404;1.21401;1;T;True;1
1621238935000;14142651;1.21398;1.21404;1.21401;1;T;True;1
1621238936000;14142652;1.21398;1.21404;1.21401;0;T;True;1
1621238937000;14142653;1.21398;1.21404;1.21401;0;T;True;1
1621238938000;14142654;1.21398;1.21404;1.21401;0;T;True;1
1621238939000;14142659;1.21397;1.21403;1.214;4;T;True;1
1621238940000;14142660;1.21397;1.21403;1.214;0;T;True;1
1621238941000;14142662;1.21397;1.21403;1.214;1;T;True;1
1621238942000;14142664;1.21397;1.21403;1.214;1;T;True;1
1621238943000;14142667;1.21397;1.21403;1.214;2;T;True;1
1621238944000;14142669;1.21397;1.21403;1.214;1;T;True;1
1621238945000;14142671;1.21397;1.21403;1.214;1;T;True;1
1621238946000;14142676;1.21398;1.21404;1.21401;4;T;True;1
1621238947000;14142677;1.21398;1.21404;1.21401;0;T;True;1
1621238948000;14142678;1.21398;1.21404;1.21401;0;T;True;1
1621238949000;14142684;1.21394;1.214;1.21397;5;T;True;1
1621238950000;14142685;1.21394;1.214;1.21397;0;T;True;1
1621238951000;14142686;1.21394;1.214;1.21397;0;T;True;1
1621238952000;14142687;1.21394;1.214;1.21397;0;T;True;1
1621238953000;14142692;1.21393;1.21399;1.21396;4;T;True;1
1621238954000;14142693;1.21393;1.21399;1.21396;0;T;True;1
1621238955000;14142696;1.21394;1.214;1.21397;2;T;True;1
1621238956000;14142699;1.21392;1.21398;1.21395;2;T;True;1
1621238957000;14142700;1.21392;1.21398;1.21395;0;T;True;1
1621238958000;14142704;1.2139;1.21396;1.21393;3;T;True;1
1621238959000;14142710;1.21393;1.21399;1.21396;5;T;True;1
1621238960000;14142711;1.21393;1.21399;1.21396;0;T;True;1
1621238961000;14142714;1.21394;1.214;1.21397;2;T;True;1
1621238962000;14142716;1.21394;1.214;1.21397;1;T;True;1
1621238963000;14142719;1.21392;1.21398;1.21395;2;T;True;1
1621238964000;14142722;1.21394;1.214;1.21397;2;T;True;1
1621238965000;14142725;1.21394;1.214;1.21397;2;T;True;1
1621238966000;14142728;1.21394;1.214;1.21397;2;T;True;1
1621238967000;14142729;1.21394;1.214;1.21397;0;T;True;1
1621238968000;14142732;1.21394;1.214;1.21397;2;T;True;1
1621238969000;14142733;1.21394;1.214;1.21397;0;T;True;1
1621238970000;14142734;1.21394;1.214;1.21397;0;T;True;1
1621238971000;14142736;1.21394;1.214;1.21397;1;T;True;1
1621238972000;14142737;1.21394;1.214;1.21397;0;T;True;1
1621238973000;14142738;1.21394;1.214;1.21397;0;T;True;1
1621238974000;14142739;1.21394;1.214;1.21397;0;T;True;1
1621238975000;14142740;1.21394;1.214;1.21397;0;T;True;1
1621238976000;14142741;1.21394;1.214;1.21397;0;T;True;1
1621238977000;14142746;1.21396;1.21402;1.21399;4;T;True;1
1621238978000;14142749;1.21394;1.214;1.21397;2;T;True;1
1621238979000;14142750;1.21394;1.214;1.21397;0;T;True;1
1621238980000;14142751;1.21394;1.214;1.21397;0;T;True;1
1621238981000;14142752;1.21394;1.214;1.21397;0;T;True;1
1621238982000;14142759;1.21398;1.21404;1.21401;6;T;True;1
1621238983000;14142760;1.21398;1.21404;1.21401;0;T;True;1
1621238984000;14142765;1.21398;1.21404;1.21401;4;T;True;1
1621238985000;14142766;1.21398;1.21404;1.21401;0;T;True;1
1621238986000;14142771;1.214;1.21406;1.21403;4;T;True;1
1621238987000;14142773;1.214;1.21406;1.21403;1;T;True;1
1621238988000;14142774;1.214;1.21406;1.21403;0;T;True;1
1621238989000;14142775;1.214;1.21406;1.21403;0;T;True;1
1621238990000;14142776;1.214;1.21406;1.21403;0;T;True;1
1621238991000;14142777;1.214;1.21406;1.21403;0;T;True;1
1621238992000;14142778;1.214;1.21406;1.21403;0;T;True;1
1621238993000;14142779;1.214;1.21406;1.21403;0;T;True;1
1621238994000;14142780;1.214;1.21406;1.21403;0;T;True;1
1621238995000;14142783;1.21399;1.21405;1.21402;2;T;True;1
1621238996000;14142785;1.21398;1.21404;1.21401;1;T;True;1
1621238997000;14142786;1.21398;1.21404;1.21401;0;T;True;1
1621238998000;14142788;1.21398;1.21404;1.21401;1;T;True;1
1621238999000;14142791;1.21399;1.21405;1.21402;2;T;True;1
1621239000000;14142792;1.21399;1.21405;1.21402;0;T;True;1
1621239001000;14142801;1.21403;1.21409;1.21406;8;T;True;1
1621239002000;14142805;1.214;1.21406;1.21403;3;T;True;1
1621239003000;14142810;1.21396;1.21402;1.21399;4;T;True;1
1621239004000;14142813;1.21398;1.21404;1.21401;2;T;True;1
1621239005000;14142814;1.21398;1.21404;1.21401;0;T;True;1
1621239006000;14142820;1.21398;1.21404;1.21401;5;T;True;1
1621239007000;14142823;1.21398;1.21404;1.21401;2;T;True;1
1621239008000;14142824;1.21398;1.21404;1.21401;0;T;True;1
1621239009000;14142825;1.21398;1.21404;1.21401;0;T;True;1
1621239010000;14142826;1.21398;1.21404;1.21401;0;T;True;1
1621239011000;14142833;1.21399;1.21405;1.21402;6;T;True;1
1621239012000;14142835;1.21399;1.21405;1.21402;1;T;True;1
1621239013000;14142838;1.21399;1.21405;1.21402;2;T;True;1
1621239014000;14142842;1.21398;1.21404;1.21401;3;T;True;1
1621239015000;14142844;1.21398;1.21404;1.21401;1;T;True;1
1621239016000;14142845;1.21398;1.21404;1.21401;0;T;True;1
1621239017000;14142846;1.21398;1.21404;1.21401;0;T;True;1
1621239018000;14142847;1.21398;1.21404;1.21401;0;T;True;1
1621239019000;14142849;1.21398;1.21404;1.21401;1;T;True;1
1621239020000;14142853;1.21398;1.21404;1.21401;3;T;True;1
1621239021000;14142854;1.21398;1.21404;1.21401;0;T;True;1
1621239022000;14142855;1.21398;1.21404;1.21401;0;T;True;1
1621239023000;14142857;1.21398;1.21404;1.21401;1;T;True;1
1621239024000;14142858;1.21398;1.21404;1.21401;0;T;True;1
1621239025000;14142861;1.21398;1.21404;1.21401;2;T;True;1
1621239026000;14142862;1.21398;1.21404;1.21401;0;T;True;1
1621239027000;14142865;1.21398;1.21404;1.21401;2;T;True;1
1621239028000;14142868;1.21398;1.21404;1.21401;2;T;True;1
1621239029000;14142873;1.21398;1.21404;1.21401;4;T;True;1
1621239030000;14142877;1.21398;1.21404;1.21401;3;T;True;1
1621239031000;14142878;1.21398;1.21404;1.21401;0;T;True;1
1621239032000;14142879;1.21398;1.21404;1.21401;0;T;True;1
1621239033000;14142881;1.21398;1.21404;1.21401;1;T;True;1
1621239034000;14142884;1.21397;1.21403;1.214;2;T;True;1
1621239035000;14142885;1.21397;1.21403;1.214;0;T;True;1
1621239036000;14142886;1.21397;1.21403;1.214;0;T;True;1
1621239037000;14142888;1.21398;1.21404;1.21401;1;T;True;1
1621239038000;14142889;1.21398;1.21404;1.21401;0;T;True;1
1621239039000;14142892;1.21396;1.21402;1.21399;2;T;True;1
1621239040000;14142899;1.21394;1.214;1.21397;6;T;True;1
1621239041000;14142900;1.21394;1.214;1.21397;0;T;True;1
1621239042000;14142901;1.21394;1.214;1.21397;0;T;True;1
1621239043000;14142903;1.21394;1.214;1.21397;1;T;True;1
1621239044000;14142904;1.21394;1.214;1.21397;0;T;True;1
1621239045000;14142905;1.21394;1.214;1.21397;0;T;True;1
1621239046000;14142906;1.21394;1.214;1.21397;0;T;True;1
1621239047000;14142907;1.21394;1.214;1.21397;0;T;True;1
1621239048000;14142908;1.21394;1.214;1.21397;0;T;True;1
1621239049000;14142909;1.21394;1.214;1.21397;0;T;True;1
1621239050000;14142910;1.21394;1.214;1.21397;0;T;True;1
1621239051000;14142911;1.21394;1.214;1.21397;0;T;True;1
1621239052000;14142912;1.21394;1.214;1.21397;0;T;True;1
1621239053000;14142913;1.21394;1.214;1.21397;0;T;True;1
1621239054000;14142914;1.21394;1.214;1.21397;0;T;True;1
1621239055000;14142915;1.21394;1.214;1.21397;0;T;True;1
1621239056000;14142918;1.21394;1.214;1.21397;2;T;True;1
1621239057000;14142921;1.21396;1.21402;1.21399;2;T;True;1
1621239058000;14142922;1.21396;1.21402;1.21399;0;T;True;1
1621239059000;14142924;1.21395;1.21401;1.21398;1;T;True;1
1621239060000;14142927;1.21394;1.214;1.21397;2;T;True;1
1621239061000;14142928;1.21394;1.214;1.21397;0;T;True;1
1621239062000;14142935;1.21394;1.214;1.21397;6;T;True;1
1621239063000;14142937;1.21394;1.214;1.21397;1;T;True;1
1621239064000;14142938;1.21394;1.214;1.21397;0;T;True;1
1621239065000;14142941;1.21392;1.21398;1.21395;2;T;True;1
1621239066000;14142943;1.21393;1.21399;1.21396;1;T;True;1
1621239067000;14142945;1.21394;1.214;1.21397;1;T;True;1
1621239068000;14142946;1.21394;1.214;1.21397;0;T;True;1
1621239069000;14142947;1.21394;1.214;1.21397;0;T;True;1
1621239070000;14142949;1.21393;1.21399;1.21396;1;T;True;1
1621239071000;14142953;1.2139;1.21396;1.21393;3;T;True;1
1621239072000;14142955;1.2139;1.21396;1.21393;1;T;True;1
1621239073000;14142957;1.2139;1.21396;1.21393;1;T;True;1
1621239074000;14142959;1.2139;1.21396;1.21393;1;T;True;1
1621239075000;14142961;1.21389;1.21395;1.21392;1;T;True;1
1621239076000;14142962;1.21389;1.21395;1.21392;0;T;True;1
1621239077000;14142964;1.21389;1.21395;1.21392;1;T;True;1
1621239078000;14142968;1.21389;1.21395;1.21392;3;T;True;1
1621239079000;14142969;1.21389;1.21395;1.21392;0;T;True;1
1621239080000;14142970;1.21389;1.21395;1.21392;0;T;True;1
1621239081000;14142972;1.21389;1.21395;1.21392;1;T;True;1
1621239082000;14142976;1.21389;1.21395;1.21392;3;T;True;1
1621239083000;14142978;1.21389;1.21395;1.21392;1;T;True;1
1621239084000;14142979;1.21389;1.21395;1.21392;0;T;True;1
1621239085000;14142980;1.21389;1.21395;1.21392;0;T;True;1
1621239086000;14142981;1.21389;1.21395;1.21392;0;T;True;1
1621239087000;14142982;1.21389;1.21395;1.21392;0;T;True;1
1621239088000;14142989;1.21384;1.2139;1.21387;6;T;True;1
1621239089000;14142990;1.21384;1.2139;1.21387;0;T;True;1
1621239090000;14142991;1.21384;1.2139;1.21387;0;T;True;1
1621239091000;14142992;1.21384;1.2139;1.21387;0;T;True;1
1621239092000;14142993;1.21384;1.2139;1.21387;0;T;True;1
1621239093000;14142994;1.21384;1.2139;1.21387;0;T;True;1
1621239094000;14143002;1.2138;1.21386;1.21383;7;T;True;1
1621239095000;14143007;1.21382;1.21388;1.21385;4;T;True;1
1621239096000;14143009;1.21382;1.21388;1.21385;1;T;True;1
1621239097000;14143012;1.2138;1.21386;1.21383;2;T;True;1
1621239098000;14143014;1.21379;1.21385;1.21382;1;T;True;1
1621239099000;14143015;1.21379;1.21385;1.21382;0;T;True;1
1621239100000;14143016;1.21379;1.21385;1.21382;0;T;True;1
1621239101000;14143017;1.21379;1.21385;1.21382;0;T;True;1
1621239102000;14143019;1.21379;1.21385;1.21382;1;T;True;1
1621239103000;14143020;1.21379;1.21385;1.21382;0;T;True;1
1621239104000;14143026;1.2138;1.21386;1.21383;5;T;True;1
1621239105000;14143027;1.2138;1.21386;1.21383;0;T;True;1
1621239106000;14143028;1.2138;1.21386;1.21383;0;T;True;1
1621239107000;14143029;1.2138;1.21386;1.21383;0;T;True;1
1621239108000;14143037;1.21378;1.21384;1.21381;7;T;True;1
1621239109000;14143042;1.21379;1.21385;1.21382;4;T;True;1
1621239110000;14143045;1.2138;1.21386;1.21383;2;T;True;1
1621239111000;14143047;1.21379;1.21385;1.21382;1;T;True;1
1621239112000;14143051;1.21379;1.21385;1.21382;3;T;True;1
1621239113000;14143053;1.21378;1.21384;1.21381;1;T;True;1
1621239114000;14143054;1.21378;1.21384;1.21381;0;T;True;1
1621239115000;14143057;1.21378;1.21384;1.21381;2;T;True;1
1621239116000;14143058;1.21378;1.21384;1.21381;0;T;True;1
1621239117000;14143061;1.21378;1.21384;1.21381;2;T;True;1
1621239118000;14143070;1.21378;1.21384;1.21381;8;T;True;1
1621239119000;14143072;1.21378;1.21384;1.21381;1;T;True;1
1621239120000;14143075;1.21378;1.21384;1.21381;2;T;True;1
1621239121000;14143078;1.21378;1.21384;1.21381;2;T;True;1
1621239122000;14143081;1.21378;1.21384;1.21381;2;T;True;1
1621239123000;14143087;1.21379;1.21385;1.21382;5;T;True;1
1621239124000;14143090;1.21378;1.21384;1.21381;2;T;True;1
1621239125000;14143091;1.21378;1.21384;1.21381;0;T;True;1
1621239126000;14143092;1.21378;1.21384;1.21381;0;T;True;1
1621239127000;14143094;1.21378;1.21384;1.21381;1;T;True;1
1621239128000;14143095;1.21378;1.21384;1.21381;0;T;True;1
1621239129000;14143099;1.21378;1.21384;1.21381;3;T;True;1
1621239130000;14143109;1.2138;1.21386;1.21383;9;T;True;1
1621239131000;14143116;1.21381;1.21387;1.21384;6;T;True;1
1621239132000;14143119;1.21381;1.21387;1.21384;2;T;True;1
1621239133000;14143122;1.21382;1.21388;1.21385;2;T;True;1
1621239134000;14143124;1.21382;1.21388;1.21385;1;T;True;1
1621239135000;14143126;1.21382;1.21388;1.21385;1;T;True;1
1621239136000;14143128;1.21382;1.21388;1.21385;1;T;True;1
1621239137000;14143129;1.21382;1.21388;1.21385;0;T;True;1
1621239138000;14143132;1.21382;1.21388;1.21385;2;T;True;1
1621239139000;14143135;1.21382;1.21388;1.21385;2;T;True;1
1621239140000;14143138;1.2138;1.21386;1.21383;2;T;True;1
1621239141000;14143140;1.2138;1.21386;1.21383;1;T;True;1
1621239142000;14143141;1.2138;1.21386;1.21383;0;T;True;1
1621239143000;14143142;1.2138;1.21386;1.21383;0;T;True;1
1621239144000;14143144;1.2138;1.21386;1.21383;1;T;True;1
1621239145000;14143145;1.2138;1.21386;1.21383;0;T;True;1
1621239146000;14143146;1.2138;1.21386;1.21383;0;T;True;1
1621239147000;14143151;1.21382;1.21388;1.21385;4;T;True;1
1621239148000;14143158;1.21384;1.2139;1.21387;6;T;True;1
1621239149000;14143159;1.21384;1.2139;1.21387;0;T;True;1
1621239150000;14143160;1.21384;1.2139;1.21387;0;T;True;1
1621239151000;14143162;1.21384;1.2139;1.21387;1;T;True;1
1621239152000;14143164;1.21384;1.2139;1.21387;1;T;True;1
1621239153000;14143165;1.21384;1.2139;1.21387;0;T;True;1
1621239154000;14143166;1.21384;1.2139;1.21387;0;T;True;1
1621239155000;14143167;1.21384;1.2139;1.21387;0;T;True;1
1621239156000;14143170;1.21384;1.2139;1.21387;2;T;True;1
1621239157000;14143171;1.21384;1.2139;1.21387;0;T;True;1
1621239158000;14143172;1.21384;1.2139;1.21387;0;T;True;1
1621239159000;14143173;1.21384;1.2139;1.21387;0;T;True;1
1621239160000;14143175;1.21384;1.2139;1.21387;1;T;True;1
1621239161000;14143176;1.21384;1.2139;1.21387;0;T;True;1
1621239162000;14143177;1.21384;1.2139;1.21387;0;T;True;1
1621239163000;14143179;1.21383;1.21389;1.21386;1;T;True;1
1621239164000;14143180;1.21383;1.21389;1.21386;0;T;True;1
1621239165000;14143182;1.21382;1.21388;1.21385;1;T;True;1
1621239166000;14143185;1.21384;1.2139;1.21387;2;T;True;1
1621239167000;14143187;1.21384;1.2139;1.21387;1;T;True;1
1621239168000;14143188;1.21384;1.2139;1.21387;0;T;True;1
1621239169000;14143189;1.21384;1.2139;1.21387;0;T;True;1
1621239170000;14143190;1.21384;1.2139;1.21387;0;T;True;1
1621239171000;14143191;1.21384;1.2139;1.21387;0;T;True;1
1621239172000;14143192;1.21384;1.2139;1.21387;0;T;True;1
1621239173000;14143193;1.21384;1.2139;1.21387;0;T;True;1
1621239174000;14143205;1.21376;1.21382;1.21379;11;T;True;1
1621239175000;14143211;1.21372;1.21378;1.21375;5;T;True;1
1621239176000;14143212;1.21372;1.21378;1.21375;0;T;True;1
1621239177000;14143214;1.21371;1.21377;1.21374;1;T;True;1
1621239178000;14143218;1.21372;1.21378;1.21375;3;T;True;1
1621239179000;14143219;1.21372;1.21378;1.21375;0;T;True;1
1621239180000;14143226;1.2137;1.21376;1.21373;6;T;True;1
1621239181000;14143229;1.2137;1.21376;1.21373;2;T;True;1
1621239182000;14143230;1.2137;1.21376;1.21373;0;T;True;1
1621239183000;14143233;1.21369;1.21375;1.21372;2;T;True;1
1621239184000;14143234;1.21369;1.21375;1.21372;0;T;True;1
1621239185000;14143239;1.21364;1.2137;1.21367;4;T;True;1
1621239186000;14143248;1.21358;1.21364;1.21361;8;T;True;1
1621239187000;14143251;1.21358;1.21364;1.21361;2;T;True;1
1621239188000;14143260;1.21365;1.21371;1.21368;8;T;True;1
1621239189000;14143265;1.21364;1.2137;1.21367;4;T;True;1
1621239190000;14143267;1.21364;1.2137;1.21367;1;T;True;1
1621239191000;14143278;1.21358;1.21364;1.21361;10;T;True;1
1621239192000;14143282;1.21358;1.21364;1.21361;3;T;True;1
1621239193000;14143285;1.21358;1.21364;1.21361;2;T;True;1
1621239194000;14143288;1.21356;1.21362;1.21359;2;T;True;1
1621239195000;14143289;1.21356;1.21362;1.21359;0;T;True;1
1621239196000;14143294;1.21353;1.21359;1.21356;4;T;True;1
1621239197000;14143301;1.21352;1.21358;1.21355;6;T;True;1
1621239198000;14143306;1.21352;1.21358;1.21355;4;T;True;1
1621239199000;14143308;1.21352;1.21358;1.21355;1;T;True;1
1621239200000;14143317;1.21348;1.21354;1.21351;8;T;True;1
1621239201000;14143318;1.21348;1.21354;1.21351;0;T;True;1
1621239202000;14143320;1.21347;1.21353;1.2135;1;T;True;1
1621239203000;14143323;1.21346;1.21352;1.21349;2;T;True;1
1621239204000;14143325;1.21346;1.21352;1.21349;1;T;True;1
1621239205000;14143332;1.2134;1.21346;1.21343;6;T;True;1
1621239206000;14143337;1.21342;1.21348;1.21345;4;T;True;1
1621239207000;14143338;1.21342;1.21348;1.21345;0;T;True;1
1621239208000;14143341;1.21342;1.21348;1.21345;2;T;True;1
1621239209000;14143342;1.21342;1.21348;1.21345;0;T;True;1
1621239210000;14143343;1.21342;1.21348;1.21345;0;T;True;1
1621239211000;14143344;1.21342;1.21348;1.21345;0;T;True;1
1621239212000;14143345;1.21342;1.21348;1.21345;0;T;True;1
1621239213000;14143346;1.21342;1.21348;1.21345;0;T;True;1
1621239214000;14143347;1.21342;1.21348;1.21345;0;T;True;1
1621239215000;14143348;1.21342;1.21348;1.21345;0;T;True;1
1621239216000;14143357;1.21337;1.21343;1.2134;8;T;True;1
1621239217000;14143358;1.21337;1.21343;1.2134;0;T;True;1
1621239218000;14143359;1.21337;1.21343;1.2134;0;T;True;1
1621239219000;14143367;1.21333;1.21339;1.21336;7;T;True;1
1621239220000;14143369;1.21333;1.21339;1.21336;1;T;True;1
1621239221000;14143374;1.21336;1.21342;1.21339;4;T;True;1
1621239222000;14143378;1.21336;1.21342;1.21339;3;T;True;1
1621239223000;14143381;1.21336;1.21342;1.21339;2;T;True;1
1621239224000;14143382;1.21336;1.21342;1.21339;0;T;True;1
1621239225000;14143383;1.21336;1.21342;1.21339;0;T;True;1
1621239226000;14143384;1.21336;1.21342;1.21339;0;T;True;1
1621239227000;14143386;1.21336;1.21342;1.21339;1;T;True;1
1621239228000;14143389;1.21335;1.21341;1.21338;2;T;True;1
1621239229000;14143391;1.21336;1.21342;1.21339;1;T;True;1
1621239230000;14143392;1.21336;1.21342;1.21339;0;T;True;1
1621239231000;14143397;1.21334;1.2134;1.21337;4;T;True;1
1621239232000;14143402;1.21336;1.21342;1.21339;4;T;True;1
1621239233000;14143408;1.21336;1.21342;1.21339;5;T;True;1
1621239234000;14143411;1.21336;1.21342;1.21339;2;T;True;1
1621239235000;14143416;1.21336;1.21342;1.21339;4;T;True;1
1621239236000;14143425;1.21332;1.21338;1.21335;8;T;True;1
1621239237000;14143426;1.21332;1.21338;1.21335;0;T;True;1
1621239238000;14143432;1.21334;1.2134;1.21337;5;T;True;1
1621239239000;14143433;1.21334;1.2134;1.21337;0;T;True;1
1621239240000;14143434;1.21334;1.2134;1.21337;0;T;True;1
1621239241000;14143437;1.21333;1.21339;1.21336;2;T;True;1
1621239242000;14143439;1.21333;1.21339;1.21336;1;T;True;1
1621239243000;14143441;1.21333;1.21339;1.21336;1;T;True;1
1621239244000;14143442;1.21333;1.21339;1.21336;0;T;True;1
1621239245000;14143445;1.21337;1.21343;1.2134;2;T;True;1
1621239246000;14143447;1.21338;1.21344;1.21341;1;T;True;1
1621239247000;14143448;1.21338;1.21344;1.21341;0;T;True;1
1621239248000;14143449;1.21338;1.21344;1.21341;0;T;True;1
1621239249000;14143454;1.21338;1.21344;1.21341;4;T;True;1
1621239250000;14143462;1.21343;1.21349;1.21346;7;T;True;1
1621239251000;14143466;1.21342;1.21348;1.21345;3;T;True;1
1621239252000;14143470;1.21342;1.21348;1.21345;3;T;True;1
1621239253000;14143471;1.21342;1.21348;1.21345;0;T;True;1
1621239254000;14143479;1.21344;1.2135;1.21347;7;T;True;1
1621239255000;14143489;1.21348;1.21354;1.21351;9;T;True;1
1621239256000;14143491;1.21348;1.21354;1.21351;1;T;True;1
1621239257000;14143492;1.21348;1.21354;1.21351;0;T;True;1
1621239258000;14143493;1.21348;1.21354;1.21351;0;T;True;1
1621239259000;14143495;1.21347;1.21353;1.2135;1;T;True;1
1621239260000;14143496;1.21347;1.21353;1.2135;0;T;True;1
1621239261000;14143497;1.21347;1.21353;1.2135;0;T;True;1
1621239262000;14143499;1.21348;1.21354;1.21351;1;T;True;1
1621239263000;14143500;1.21348;1.21354;1.21351;0;T;True;1
1621239264000;14143504;1.21347;1.21353;1.2135;3;T;True;1
1621239265000;14143505;1.21347;1.21353;1.2135;0;T;True;1
1621239266000;14143507;1.21348;1.21354;1.21351;1;T;True;1
1621239267000;14143508;1.21348;1.21354;1.21351;0;T;True;1
1621239268000;14143510;1.21348;1.21354;1.21351;1;T;True;1
1621239269000;14143511;1.21348;1.21354;1.21351;0;T;True;1
1621239270000;14143512;1.21348;1.21354;1.21351;0;T;True;1
1621239271000;14143513;1.21348;1.21354;1.21351;0;T;True;1
1621239272000;14143514;1.21348;1.21354;1.21351;0;T;True;1
1621239273000;14143515;1.21348;1.21354;1.21351;0;T;True;1
1621239274000;14143519;1.21348;1.21354;1.21351;3;T;True;1
1621239275000;14143520;1.21348;1.21354;1.21351;0;T;True;1
1621239276000;14143521;1.21348;1.21354;1.21351;0;T;True;1
1621239277000;14143524;1.21347;1.21353;1.2135;2;T;True;1
1621239278000;14143525;1.21347;1.21353;1.2135;0;T;True;1
1621239279000;14143529;1.21348;1.21354;1.21351;3;T;True;1
1621239280000;14143530;1.21348;1.21354;1.21351;0;T;True;1
1621239281000;14143536;1.21351;1.21357;1.21354;5;T;True;1
1621239282000;14143541;1.21353;1.21359;1.21356;4;T;True;1
1621239283000;14143544;1.21354;1.2136;1.21357;2;T;True;1
1621239284000;14143546;1.21354;1.2136;1.21357;1;T;True;1
1621239285000;14143548;1.21355;1.21361;1.21358;1;T;True;1
1621239286000;14143556;1.21358;1.21364;1.21361;7;T;True;1
1621239287000;14143562;1.21352;1.21358;1.21355;5;T;True;1
1621239288000;14143566;1.21352;1.21358;1.21355;3;T;True;1
1621239289000;14143568;1.21352;1.21358;1.21355;1;T;True;1
1621239290000;14143571;1.21352;1.21358;1.21355;2;T;True;1
1621239291000;14143575;1.21351;1.21357;1.21354;3;T;True;1
1621239292000;14143577;1.21351;1.21357;1.21354;1;T;True;1
1621239293000;14143579;1.21351;1.21357;1.21354;1;T;True;1
1621239294000;14143581;1.2135;1.21356;1.21353;1;T;True;1
1621239295000;14143582;1.2135;1.21356;1.21353;0;T;True;1
1621239296000;14143583;1.2135;1.21356;1.21353;0;T;True;1
1621239297000;14143586;1.2135;1.21356;1.21353;2;T;True;1
1621239298000;14143588;1.2135;1.21356;1.21353;1;T;True;1
1621239299000;14143590;1.2135;1.21356;1.21353;1;T;True;1
1621239300000;14143598;1.21352;1.21358;1.21355;7;T;True;1
1621239301000;14143605;1.2135;1.21356;1.21353;6;T;True;1
1621239302000;14143613;1.21352;1.21358;1.21355;7;T;True;1
1621239303000;14143622;1.21356;1.21362;1.21359;8;T;True;1
1621239304000;14143628;1.21356;1.21362;1.21359;5;T;True;1
1621239305000;14143629;1.21356;1.21362;1.21359;0;T;True;1
1621239306000;14143633;1.21356;1.21362;1.21359;3;T;True;1
1621239307000;14143634;1.21356;1.21362;1.21359;0;T;True;1
1621239308000;14143637;1.21357;1.21363;1.2136;2;T;True;1
1621239309000;14143640;1.21356;1.21362;1.21359;2;T;True;1
1621239310000;14143641;1.21356;1.21362;1.21359;0;T;True;1
1621239311000;14143642;1.21356;1.21362;1.21359;0;T;True;1
1621239312000;14143648;1.21354;1.2136;1.21357;5;T;True;1
1621239313000;14143651;1.21354;1.2136;1.21357;2;T;True;1
1621239314000;14143652;1.21354;1.2136;1.21357;0;T;True;1
1621239315000;14143661;1.21358;1.21364;1.21361;8;T;True;1
1621239316000;14143662;1.21358;1.21364;1.21361;0;T;True;1
1621239317000;14143664;1.21358;1.21364;1.21361;1;T;True;1
1621239318000;14143665;1.21358;1.21364;1.21361;0;T;True;1
1621239319000;14143666;1.21358;1.21364;1.21361;0;T;True;1
1621239320000;14143667;1.21358;1.21364;1.21361;0;T;True;1
1621239321000;14143668;1.21358;1.21364;1.21361;0;T;True;1
1621239322000;14143669;1.21358;1.21364;1.21361;0;T;True;1
1621239323000;14143677;1.21354;1.2136;1.21357;7;T;True;1
1621239324000;14143678;1.21354;1.2136;1.21357;0;T;True;1
1621239325000;14143681;1.21354;1.2136;1.21357;2;T;True;1
1621239326000;14143683;1.21354;1.2136;1.21357;1;T;True;1
1621239327000;14143684;1.21354;1.2136;1.21357;0;T;True;1
1621239328000;14143685;1.21354;1.2136;1.21357;0;T;True;1
1621239329000;14143687;1.21354;1.2136;1.21357;1;T;True;1
1621239330000;14143688;1.21354;1.2136;1.21357;0;T;True;1
1621239331000;14143689;1.21354;1.2136;1.21357;0;T;True;1
1621239332000;14143695;1.21351;1.21357;1.21354;5;T;True;1
1621239333000;14143699;1.2135;1.21356;1.21353;3;T;True;1
1621239334000;14143702;1.2135;1.21356;1.21353;2;T;True;1
1621239335000;14143704;1.2135;1.21356;1.21353;1;T;True;1
1621239336000;14143706;1.2135;1.21356;1.21353;1;T;True;1
1621239337000;14143707;1.2135;1.21356;1.21353;0;T;True;1
1621239338000;14143708;1.2135;1.21356;1.21353;0;T;True;1
1621239339000;14143709;1.2135;1.21356;1.21353;0;T;True;1
1621239340000;14143711;1.21349;1.21355;1.21352;1;T;True;1
1621239341000;14143713;1.21348;1.21354;1.21351;1;T;True;1
1621239342000;14143715;1.21349;1.21355;1.21352;1;T;True;1
1621239343000;14143721;1.21352;1.21358;1.21355;5;T;True;1
1621239344000;14143724;1.21353;1.21359;1.21356;2;T;True;1
1621239345000;14143731;1.21352;1.21358;1.21355;6;T;True;1
1621239346000;14143732;1.21352;1.21358;1.21355;0;T;True;1
1621239347000;14143734;1.21353;1.21359;1.21356;1;T;True;1
1621239348000;14143735;1.21353;1.21359;1.21356;0;T;True;1
1621239349000;14143739;1.21352;1.21358;1.21355;3;T;True;1
1621239350000;14143740;1.21352;1.21358;1.21355;0;T;True;1
1621239351000;14143741;1.21352;1.21358;1.21355;0;T;True;1
1621239352000;14143742;1.21352;1.21358;1.21355;0;T;True;1
1621239353000;14143748;1.21354;1.2136;1.21357;5;T;True;1
1621239354000;14143749;1.21354;1.2136;1.21357;0;T;True;1
1621239355000;14143750;1.21354;1.2136;1.21357;0;T;True;1
1621239356000;14143751;1.21354;1.2136;1.21357;0;T;True;1
1621239357000;14143753;1.21354;1.2136;1.21357;1;T;True;1
1621239358000;14143755;1.21354;1.2136;1.21357;1;T;True;1
1621239359000;14143756;1.21354;1.2136;1.21357;0;T;True;1
1621239360000;14143757;1.21354;1.2136;1.21357;0;T;True;1
1621239361000;14143760;1.21354;1.2136;1.21357;2;T;True;1
1621239362000;14143761;1.21354;1.2136;1.21357;0;T;True;1
1621239363000;14143762;1.21354;1.2136;1.21357;0;T;True;1
1621239364000;14143763;1.21354;1.2136;1.21357;0;T;True;1
1621239365000;14143773;1.21362;1.21368;1.21365;9;T;True;1
1621239366000;14143774;1.21362;1.21368;1.21365;0;T;True;1
1621239367000;14143775;1.21362;1.21368;1.21365;0;T;True;1
1621239368000;14143776;1.21362;1.21368;1.21365;0;T;True;1
1621239369000;14143777;1.21362;1.21368;1.21365;0;T;True;1
1621239370000;14143781;1.21364;1.2137;1.21367;3;T;True;1
1621239371000;14143782;1.21364;1.2137;1.21367;0;T;True;1
1621239372000;14143783;1.21364;1.2137;1.21367;0;T;True;1
1621239373000;14143784;1.21364;1.2137;1.21367;0;T;True;1
1621239374000;14143787;1.21364;1.2137;1.21367;2;T;True;1
1621239375000;14143791;1.21364;1.2137;1.21367;3;T;True;1
1621239376000;14143792;1.21364;1.2137;1.21367;0;T;True;1
1621239377000;14143793;1.21364;1.2137;1.21367;0;T;True;1
1621239378000;14143796;1.21363;1.21369;1.21366;2;T;True;1
1621239379000;14143801;1.21364;1.2137;1.21367;4;T;True;1
1621239380000;14143802;1.21364;1.2137;1.21367;0;T;True;1
1621239381000;14143805;1.21362;1.21368;1.21365;2;T;True;1
1621239382000;14143806;1.21362;1.21368;1.21365;0;T;True;1
1621239383000;14143811;1.21362;1.21368;1.21365;4;T;True;1
1621239384000;14143812;1.21362;1.21368;1.21365;0;T;True;1
1621239385000;14143813;1.21362;1.21368;1.21365;0;T;True;1
1621239386000;14143814;1.21362;1.21368;1.21365;0;T;True;1
1621239387000;14143815;1.21362;1.21368;1.21365;0;T;True;1
1621239388000;14143818;1.21362;1.21368;1.21365;2;T;True;1
1621239389000;14143820;1.21362;1.21368;1.21365;1;T;True;1
1621239390000;14143821;1.21362;1.21368;1.21365;0;T;True;1
1621239391000;14143822;1.21362;1.21368;1.21365;0;T;True;1
1621239392000;14143825;1.21362;1.21368;1.21365;2;T;True;1
1621239393000;14143827;1.21363;1.21369;1.21366;1;T;True;1
1621239394000;14143830;1.21364;1.2137;1.21367;2;T;True;1
1621239395000;14143831;1.21364;1.2137;1.21367;0;T;True;1
1621239396000;14143835;1.21363;1.21369;1.21366;3;T;True;1
1621239397000;14143841;1.21366;1.21372;1.21369;5;T;True;1
1621239398000;14143849;1.21362;1.21368;1.21365;7;T;True;1
1621239399000;14143855;1.21364;1.2137;1.21367;5;T;True;1
1621239400000;14143860;1.21366;1.21372;1.21369;4;T;True;1
1621239401000;14143864;1.21368;1.21374;1.21371;3;T;True;1
1621239402000;14143865;1.21368;1.21374;1.21371;0;T;True;1
1621239403000;14143867;1.2137;1.21376;1.21373;1;T;True;1
1621239404000;14143868;1.2137;1.21376;1.21373;0;T;True;1
1621239405000;14143869;1.2137;1.21376;1.21373;0;T;True;1
1621239406000;14143872;1.2137;1.21376;1.21373;2;T;True;1
1621239407000;14143881;1.21371;1.21377;1.21374;8;T;True;1
1621239408000;14143884;1.2137;1.21376;1.21373;2;T;True;1
1621239409000;14143885;1.2137;1.21376;1.21373;0;T;True;1
1621239410000;14143886;1.2137;1.21376;1.21373;0;T;True;1
1621239411000;14143887;1.2137;1.21376;1.21373;0;T;True;1
1621239412000;14143888;1.2137;1.21376;1.21373;0;T;True;1
1621239413000;14143889;1.2137;1.21376;1.21373;0;T;True;1
1621239414000;14143890;1.2137;1.21376;1.21373;0;T;True;1
1621239415000;14143891;1.2137;1.21376;1.21373;0;T;True;1
1621239416000;14143892;1.2137;1.21376;1.21373;0;T;True;1
1621239417000;14143893;1.2137;1.21376;1.21373;0;T;True;1
1621239418000;14143894;1.2137;1.21376;1.21373;0;T;True;1
1621239419000;14143899;1.21372;1.21378;1.21375;4;T;True;1
1621239420000;14143906;1.21372;1.21378;1.21375;6;T;True;1
1621239421000;14143910;1.21372;1.21378;1.21375;3;T;True;1
1621239422000;14143911;1.21372;1.21378;1.21375;0;T;True;1
1621239423000;14143912;1.21372;1.21378;1.21375;0;T;True;1
1621239424000;14143913;1.21372;1.21378;1.21375;0;T;True;1
1621239425000;14143916;1.21372;1.21378;1.21375;2;T;True;1
1621239426000;14143920;1.21372;1.21378;1.21375;3;T;True;1
1621239427000;14143921;1.21372;1.21378;1.21375;0;T;True;1
1621239428000;14143922;1.21372;1.21378;1.21375;0;T;True;1
1621239429000;14143927;1.21369;1.21375;1.21372;4;T;True;1
1621239430000;14143928;1.21369;1.21375;1.21372;0;T;True;1
1621239431000;14143931;1.21368;1.21374;1.21371;2;T;True;1
1621239432000;14143935;1.21368;1.21374;1.21371;3;T;True;1
1621239433000;14143936;1.21368;1.21374;1.21371;0;T;True;1
1621239434000;14143937;1.21368;1.21374;1.21371;0;T;True;1
1621239435000;14143938;1.21368;1.21374;1.21371;0;T;True;1
1621239436000;14143939;1.21368;1.21374;1.21371;0;T;True;1
1621239437000;14143944;1.21366;1.21372;1.21369;4;T;True;1
1621239438000;14143946;1.21366;1.21372;1.21369;1;T;True;1
1621239439000;14143950;1.21366;1.21372;1.21369;3;T;True;1
1621239440000;14143953;1.21366;1.21372;1.21369;2;T;True;1
1621239441000;14143955;1.21366;1.21372;1.21369;1;T;True;1
1621239442000;14143956;1.21366;1.21372;1.21369;0;T;True;1
1621239443000;14143959;1.21365;1.21371;1.21368;2;T;True;1
1621239444000;14143960;1.21365;1.21371;1.21368;0;T;True;1
1621239445000;14143961;1.21365;1.21371;1.21368;0;T;True;1
1621239446000;14143967;1.21369;1.21375;1.21372;5;T;True;1
1621239447000;14143971;1.21369;1.21375;1.21372;3;T;True;1
1621239448000;14143976;1.21369;1.21375;1.21372;4;T;True;1
1621239449000;14143977;1.21369;1.21375;1.21372;0;T;True;1
1621239450000;14143978;1.21369;1.21375;1.21372;0;T;True;1
1621239451000;14143981;1.21369;1.21375;1.21372;2;T;True;1
1621239452000;14143982;1.21369;1.21375;1.21372;0;T;True;1
1621239453000;14143983;1.21369;1.21375;1.21372;0;T;True;1
1621239454000;14143984;1.21369;1.21375;1.21372;0;T;True;1
1621239455000;14143986;1.21369;1.21375;1.21372;1;T;True;1
1621239456000;14143989;1.2137;1.21376;1.21373;2;T;True;1
1621239457000;14143997;1.21369;1.21375;1.21372;7;T;True;1
1621239458000;14143998;1.21369;1.21375;1.21372;0;T;True;1
1621239459000;14143999;1.21369;1.21375;1.21372;0;T;True;1
1621239460000;14144000;1.21369;1.21375;1.21372;0;T;True;1
1621239461000;14144001;1.21369;1.21375;1.21372;0;T;True;1
1621239462000;14144002;1.21369;1.21375;1.21372;0;T;True;1
1621239463000;14144003;1.21369;1.21375;1.21372;0;T;True;1
1621239464000;14144005;1.21368;1.21374;1.21371;1;T;True;1
1621239465000;14144007;1.21368;1.21374;1.21371;1;T;True;1
1621239466000;14144008;1.21368;1.21374;1.21371;0;T;True;1
1621239467000;14144009;1.21368;1.21374;1.21371;0;T;True;1
1621239468000;14144010;1.21368;1.21374;1.21371;0;T;True;1
1621239469000;14144011;1.21368;1.21374;1.21371;0;T;True;1
1621239470000;14144012;1.21368;1.21374;1.21371;0;T;True;1
1621239471000;14144013;1.21368;1.21374;1.21371;0;T;True;1
1621239472000;14144014;1.21368;1.21374;1.21371;0;T;True;1
1621239473000;14144015;1.21368;1.21374;1.21371;0;T;True;1
1621239474000;14144016;1.21368;1.21374;1.21371;0;T;True;1
1621239475000;14144019;1.21368;1.21374;1.21371;2;T;True;1
1621239476000;14144020;1.21368;1.21374;1.21371;0;T;True;1
1621239477000;14144021;1.21368;1.21374;1.21371;0;T;True;1
1621239478000;14144022;1.21368;1.21374;1.21371;0;T;True;1
1621239479000;14144023;1.21368;1.21374;1.21371;0;T;True;1
1621239480000;14144024;1.21368;1.21374;1.21371;0;T;True;1
1621239481000;14144025;1.21368;1.21374;1.21371;0;T;True;1
1621239482000;14144026;1.21368;1.21374;1.21371;0;T;True;1
1621239483000;14144030;1.21368;1.21374;1.21371;3;T;True;1
1621239484000;14144031;1.21368;1.21374;1.21371;0;T;True;1
1621239485000;14144032;1.21368;1.21374;1.21371;0;T;True;1
1621239486000;14144033;1.21368;1.21374;1.21371;0;T;True;1
1621239487000;14144039;1.21372;1.21378;1.21375;5;T;True;1
1621239488000;14144046;1.21373;1.21379;1.21376;6;T;True;1
1621239489000;14144048;1.21373;1.21379;1.21376;1;T;True;1
1621239490000;14144050;1.21373;1.21379;1.21376;1;T;True;1
1621239491000;14144051;1.21373;1.21379;1.21376;0;T;True;1
1621239492000;14144055;1.21374;1.2138;1.21377;3;T;True;1
1621239493000;14144056;1.21374;1.2138;1.21377;0;T;True;1
1621239494000;14144057;1.21374;1.2138;1.21377;0;T;True;1
1621239495000;14144058;1.21374;1.2138;1.21377;0;T;True;1
1621239496000;14144059;1.21374;1.2138;1.21377;0;T;True;1
1621239497000;14144060;1.21374;1.2138;1.21377;0;T;True;1
1621239498000;14144062;1.21373;1.21379;1.21376;1;T;True;1
1621239499000;14144064;1.21374;1.2138;1.21377;1;T;True;1
1621239500000;14144065;1.21374;1.2138;1.21377;0;T;True;1
1621239501000;14144066;1.21374;1.2138;1.21377;0;T;True;1
1621239502000;14144067;1.21374;1.2138;1.21377;0;T;True;1
1621239503000;14144068;1.21374;1.2138;1.21377;0;T;True;1
1621239504000;14144069;1.21374;1.2138;1.21377;0;T;True;1
1621239505000;14144076;1.21378;1.21384;1.21381;6;T;True;1
1621239506000;14144078;1.21379;1.21385;1.21382;1;T;True;1
1621239507000;14144079;1.21379;1.21385;1.21382;0;T;True;1
1621239508000;14144080;1.21379;1.21385;1.21382;0;T;True;1
1621239509000;14144086;1.21378;1.21384;1.21381;5;T;True;1
1621239510000;14144089;1.21379;1.21385;1.21382;2;T;True;1
1621239511000;14144094;1.21382;1.21388;1.21385;4;T;True;1
1621239512000;14144095;1.21382;1.21388;1.21385;0;T;True;1
1621239513000;14144096;1.21382;1.21388;1.21385;0;T;True;1
1621239514000;14144097;1.21382;1.21388;1.21385;0;T;True;1
1621239515000;14144099;1.21384;1.2139;1.21387;1;T;True;1
1621239516000;14144101;1.21383;1.21389;1.21386;1;T;True;1
1621239517000;14144107;1.21376;1.21382;1.21379;5;T;True;1
1621239518000;14144111;1.21374;1.2138;1.21377;3;T;True;1
1621239519000;14144112;1.21374;1.2138;1.21377;0;T;True;1
1621239520000;14144114;1.21373;1.21379;1.21376;1;T;True;1
1621239521000;14144115;1.21373;1.21379;1.21376;0;T;True;1
1621239522000;14144117;1.21374;1.2138;1.21377;1;T;True;1
1621239523000;14144121;1.21372;1.21378;1.21375;3;T;True;1
1621239524000;14144122;1.21372;1.21378;1.21375;0;T;True;1
1621239525000;14144124;1.21372;1.21378;1.21375;1;T;True;1
1621239526000;14144125;1.21372;1.21378;1.21375;0;T;True;1
1621239527000;14144132;1.21374;1.2138;1.21377;6;T;True;1
1621239528000;14144138;1.21377;1.21383;1.2138;5;T;True;1
1621239529000;14144142;1.21378;1.21384;1.21381;3;T;True;1
1621239530000;14144147;1.2138;1.21386;1.21383;4;T;True;1
1621239531000;14144157;1.21386;1.21392;1.21389;9;T;True;1
1621239532000;14144169;1.21382;1.21388;1.21385;11;T;True;1
1621239533000;14144172;1.21382;1.21388;1.21385;2;T;True;1
1621239534000;14144177;1.21384;1.2139;1.21387;4;T;True;1
1621239535000;14144179;1.21384;1.2139;1.21387;1;T;True;1
1621239536000;14144182;1.21384;1.2139;1.21387;2;T;True;1
1621239537000;14144184;1.21384;1.2139;1.21387;1;T;True;1
1621239538000;14144188;1.21382;1.21388;1.21385;3;T;True;1
1621239539000;14144190;1.21382;1.21388;1.21385;1;T;True;1
1621239540000;14144191;1.21382;1.21388;1.21385;0;T;True;1
1621239541000;14144195;1.21384;1.2139;1.21387;3;T;True;1
1621239542000;14144199;1.21385;1.21391;1.21388;3;T;True;1
1621239543000;14144201;1.21385;1.21391;1.21388;1;T;True;1
1621239544000;14144206;1.21384;1.2139;1.21387;4;T;True;1
1621239545000;14144207;1.21384;1.2139;1.21387;0;T;True;1
1621239546000;14144211;1.21384;1.2139;1.21387;3;T;True;1
1621239547000;14144213;1.21384;1.2139;1.21387;1;T;True;1
1621239548000;14144217;1.21383;1.21389;1.21386;3;T;True;1
1621239549000;14144222;1.21384;1.2139;1.21387;4;T;True;1
1621239550000;14144226;1.21382;1.21388;1.21385;3;T;True;1
1621239551000;14144230;1.21382;1.21388;1.21385;3;T;True;1
1621239552000;14144233;1.21382;1.21388;1.21385;2;T;True;1
1621239553000;14144236;1.21382;1.21388;1.21385;2;T;True;1
1621239554000;14144240;1.21382;1.21388;1.21385;3;T;True;1
1621239555000;14144250;1.21375;1.21381;1.21378;9;T;True;1
1621239556000;14144258;1.21371;1.21377;1.21374;7;T;True;1
1621239557000;14144260;1.2137;1.21376;1.21373;1;T;True;1
1621239558000;14144262;1.21369;1.21375;1.21372;1;T;True;1
1621239559000;14144263;1.21369;1.21375;1.21372;0;T;True;1
1621239560000;14144264;1.21369;1.21375;1.21372;0;T;True;1
1621239561000;14144265;1.21369;1.21375;1.21372;0;T;True;1
1621239562000;14144269;1.21369;1.21375;1.21372;3;T;True;1
1621239563000;14144274;1.21372;1.21378;1.21375;4;T;True;1
1621239564000;14144275;1.21372;1.21378;1.21375;0;T;True;1
1621239565000;14144278;1.21372;1.21378;1.21375;2;T;True;1
1621239566000;14144280;1.21372;1.21378;1.21375;1;T;True;1
1621239567000;14144282;1.21372;1.21378;1.21375;1;T;True;1
1621239568000;14144283;1.21372;1.21378;1.21375;0;T;True;1
1621239569000;14144285;1.21373;1.21379;1.21376;1;T;True;1
1621239570000;14144286;1.21373;1.21379;1.21376;0;T;True;1
1621239571000;14144287;1.21373;1.21379;1.21376;0;T;True;1
1621239572000;14144288;1.21373;1.21379;1.21376;0;T;True;1
1621239573000;14144289;1.21373;1.21379;1.21376;0;T;True;1
1621239574000;14144290;1.21373;1.21379;1.21376;0;T;True;1
1621239575000;14144291;1.21373;1.21379;1.21376;0;T;True;1
1621239576000;14144292;1.21373;1.21379;1.21376;0;T;True;1
1621239577000;14144294;1.21374;1.2138;1.21377;1;T;True;1
1621239578000;14144295;1.21374;1.2138;1.21377;0;T;True;1
1621239579000;14144300;1.21371;1.21377;1.21374;4;T;True;1
1621239580000;14144302;1.2137;1.21376;1.21373;1;T;True;1
1621239581000;14144304;1.2137;1.21376;1.21373;1;T;True;1
1621239582000;14144305;1.2137;1.21376;1.21373;0;T;True;1
1621239583000;14144309;1.21372;1.21378;1.21375;3;T;True;1
1621239584000;14144310;1.21372;1.21378;1.21375;0;T;True;1
1621239585000;14144311;1.21372;1.21378;1.21375;0;T;True;1
1621239586000;14144317;1.21371;1.21377;1.21374;5;T;True;1
1621239587000;14144318;1.21371;1.21377;1.21374;0;T;True;1
1621239588000;14144319;1.21371;1.21377;1.21374;0;T;True;1
1621239589000;14144323;1.21371;1.21377;1.21374;3;T;True;1
1621239590000;14144324;1.21371;1.21377;1.21374;0;T;True;1
1621239591000;14144326;1.2137;1.21376;1.21373;1;T;True;1
1621239592000;14144327;1.2137;1.21376;1.21373;0;T;True;1
1621239593000;14144332;1.2136;1.21366;1.21363;4;T;True;1
1621239594000;14144336;1.21356;1.21362;1.21359;3;T;True;1
1621239595000;14144340;1.21354;1.2136;1.21357;3;T;True;1
1621239596000;14144341;1.21354;1.2136;1.21357;0;T;True;1
1621239597000;14144342;1.21354;1.2136;1.21357;0;T;True;1
1621239598000;14144344;1.21355;1.21361;1.21358;1;T;True;1
1621239599000;14144349;1.21354;1.2136;1.21357;4;T;True;1
1621239600000;14144350;1.21354;1.2136;1.21357;0;T;True;1
1621239601000;14144352;1.21352;1.21358;1.21355;1;T;True;1
1621239602000;14144353;1.21352;1.21358;1.21355;0;T;True;1
1621239603000;14144354;1.21352;1.21358;1.21355;0;T;True;1
1621239604000;14144355;1.21352;1.21358;1.21355;0;T;True;1
1621239605000;14144356;1.21352;1.21358;1.21355;0;T;True;1
1621239606000;14144357;1.21352;1.21358;1.21355;0;T;True;1
1621239607000;14144358;1.21352;1.21358;1.21355;0;T;True;1
1621239608000;14144360;1.2135;1.21356;1.21353;1;T;True;1
1621239609000;14144361;1.2135;1.21356;1.21353;0;T;True;1
1621239610000;14144363;1.2135;1.21356;1.21353;1;T;True;1
1621239611000;14144364;1.2135;1.21356;1.21353;0;T;True;1
1621239612000;14144365;1.2135;1.21356;1.21353;0;T;True;1
1621239613000;14144371;1.2135;1.21356;1.21353;5;T;True;1
1621239614000;14144375;1.21347;1.21353;1.2135;3;T;True;1
1621239615000;14144377;1.21348;1.21354;1.21351;1;T;True;1
1621239616000;14144383;1.21352;1.21358;1.21355;5;T;True;1
1621239617000;14144384;1.21352;1.21358;1.21355;0;T;True;1
1621239618000;14144385;1.21352;1.21358;1.21355;0;T;True;1
1621239619000;14144386;1.21352;1.21358;1.21355;0;T;True;1
1621239620000;14144390;1.21352;1.21358;1.21355;3;T;True;1
1621239621000;14144391;1.21352;1.21358;1.21355;0;T;True;1
1621239622000;14144392;1.21352;1.21358;1.21355;0;T;True;1
1621239623000;14144399;1.21352;1.21358;1.21355;6;T;True;1
1621239624000;14144400;1.21352;1.21358;1.21355;0;T;True;1
1621239625000;14144402;1.21352;1.21358;1.21355;1;T;True;1
1621239626000;14144403;1.21352;1.21358;1.21355;0;T;True;1
1621239627000;14144408;1.2135;1.21356;1.21353;4;T;True;1
1621239628000;14144409;1.2135;1.21356;1.21353;0;T;True;1
1621239629000;14144410;1.2135;1.21356;1.21353;0;T;True;1
1621239630000;14144411;1.2135;1.21356;1.21353;0;T;True;1
1621239631000;14144418;1.21347;1.21353;1.2135;6;T;True;1
1621239632000;14144428;1.21345;1.21351;1.21348;9;T;True;1
1621239633000;14144430;1.21346;1.21352;1.21349;1;T;True;1
1621239634000;14144433;1.21345;1.21351;1.21348;2;T;True;1
1621239635000;14144434;1.21345;1.21351;1.21348;0;T;True;1
1621239636000;14144435;1.21345;1.21351;1.21348;0;T;True;1
1621239637000;14144438;1.21345;1.21351;1.21348;2;T;True;1
1621239638000;14144439;1.21345;1.21351;1.21348;0;T;True;1
1621239639000;14144440;1.21345;1.21351;1.21348;0;T;True;1
1621239640000;14144447;1.21347;1.21353;1.2135;6;T;True;1
1621239641000;14144448;1.21347;1.21353;1.2135;0;T;True;1
1621239642000;14144452;1.21347;1.21353;1.2135;3;T;True;1
1621239643000;14144453;1.21347;1.21353;1.2135;0;T;True;1
1621239644000;14144454;1.21347;1.21353;1.2135;0;T;True;1
1621239645000;14144455;1.21347;1.21353;1.2135;0;T;True;1
1621239646000;14144456;1.21347;1.21353;1.2135;0;T;True;1
1621239647000;14144457;1.21347;1.21353;1.2135;0;T;True;1
1621239648000;14144459;1.21347;1.21353;1.2135;1;T;True;1
1621239649000;14144460;1.21347;1.21353;1.2135;0;T;True;1
1621239650000;14144461;1.21347;1.21353;1.2135;0;T;True;1
1621239651000;14144462;1.21347;1.21353;1.2135;0;T;True;1
1621239652000;14144463;1.21347;1.21353;1.2135;0;T;True;1
1621239653000;14144464;1.21347;1.21353;1.2135;0;T;True;1
1621239654000;14144465;1.21347;1.21353;1.2135;0;T;True;1
1621239655000;14144466;1.21347;1.21353;1.2135;0;T;True;1
1621239656000;14144467;1.21347;1.21353;1.2135;0;T;True;1
1621239657000;14144468;1.21347;1.21353;1.2135;0;T;True;1
1621239658000;14144469;1.21347;1.21353;1.2135;0;T;True;1
1621239659000;14144472;1.21346;1.21352;1.21349;2;T;True;1
1621239660000;14144473;1.21346;1.21352;1.21349;0;T;True;1
1621239661000;14144474;1.21346;1.21352;1.21349;0;T;True;1
1621239662000;14144476;1.21346;1.21352;1.21349;1;T;True;1
1621239663000;14144490;1.21338;1.21344;1.21341;13;T;True;1
1621239664000;14144491;1.21338;1.21344;1.21341;0;T;True;1
1621239665000;14144492;1.21338;1.21344;1.21341;0;T;True;1
1621239666000;14144493;1.21338;1.21344;1.21341;0;T;True;1
1621239667000;14144494;1.21338;1.21344;1.21341;0;T;True;1
1621239668000;14144495;1.21338;1.21344;1.21341;0;T;True;1
1621239669000;14144496;1.21338;1.21344;1.21341;0;T;True;1
1621239670000;14144498;1.21338;1.21344;1.21341;1;T;True;1
1621239671000;14144500;1.21339;1.21345;1.21342;1;T;True;1
1621239672000;14144507;1.21346;1.21352;1.21349;6;T;True;1
1621239673000;14144515;1.21343;1.21349;1.21346;7;T;True;1
1621239674000;14144518;1.21343;1.21349;1.21346;2;T;True;1
1621239675000;14144520;1.21343;1.21349;1.21346;1;T;True;1
1621239676000;14144522;1.21343;1.21349;1.21346;1;T;True;1
1621239677000;14144523;1.21343;1.21349;1.21346;0;T;True;1
1621239678000;14144525;1.21343;1.21349;1.21346;1;T;True;1
1621239679000;14144526;1.21343;1.21349;1.21346;0;T;True;1
1621239680000;14144531;1.21348;1.21354;1.21351;4;T;True;1
1621239681000;14144533;1.21347;1.21353;1.2135;1;T;True;1
1621239682000;14144538;1.2135;1.21356;1.21353;4;T;True;1
1621239683000;14144539;1.2135;1.21356;1.21353;0;T;True;1
1621239684000;14144541;1.2135;1.21356;1.21353;1;T;True;1
1621239685000;14144543;1.2135;1.21356;1.21353;1;T;True;1
1621239686000;14144544;1.2135;1.21356;1.21353;0;T;True;1
1621239687000;14144547;1.2135;1.21356;1.21353;2;T;True;1
1621239688000;14144548;1.2135;1.21356;1.21353;0;T;True;1
1621239689000;14144550;1.2135;1.21356;1.21353;1;T;True;1
1621239690000;14144558;1.21358;1.21364;1.21361;7;T;True;1
1621239691000;14144566;1.21356;1.21362;1.21359;7;T;True;1
1621239692000;14144567;1.21356;1.21362;1.21359;0;T;True;1
1621239693000;14144570;1.21356;1.21362;1.21359;2;T;True;1
1621239694000;14144571;1.21356;1.21362;1.21359;0;T;True;1
1621239695000;14144572;1.21356;1.21362;1.21359;0;T;True;1
1621239696000;14144574;1.21357;1.21363;1.2136;1;T;True;1
1621239697000;14144576;1.21358;1.21364;1.21361;1;T;True;1
1621239698000;14144577;1.21358;1.21364;1.21361;0;T;True;1
1621239699000;14144578;1.21358;1.21364;1.21361;0;T;True;1
1621239700000;14144579;1.21358;1.21364;1.21361;0;T;True;1
1621239701000;14144582;1.21357;1.21363;1.2136;2;T;True;1
1621239702000;14144584;1.21357;1.21363;1.2136;1;T;True;1
1621239703000;14144586;1.21357;1.21363;1.2136;1;T;True;1
1621239704000;14144588;1.21356;1.21362;1.21359;1;T;True;1
1621239705000;14144591;1.21357;1.21363;1.2136;2;T;True;1
1621239706000;14144592;1.21357;1.21363;1.2136;0;T;True;1
1621239707000;14144593;1.21357;1.21363;1.2136;0;T;True;1
1621239708000;14144597;1.21356;1.21362;1.21359;3;T;True;1
1621239709000;14144602;1.21353;1.21359;1.21356;4;T;True;1
1621239710000;14144604;1.21354;1.2136;1.21357;1;T;True;1
1621239711000;14144605;1.21354;1.2136;1.21357;0;T;True;1
1621239712000;14144606;1.21354;1.2136;1.21357;0;T;True;1
1621239713000;14144607;1.21354;1.2136;1.21357;0;T;True;1
1621239714000;14144608;1.21354;1.2136;1.21357;0;T;True;1
1621239715000;14144609;1.21354;1.2136;1.21357;0;T;True;1
1621239716000;14144610;1.21354;1.2136;1.21357;0;T;True;1
1621239717000;14144611;1.21354;1.2136;1.21357;0;T;True;1
1621239718000;14144612;1.21354;1.2136;1.21357;0;T;True;1
1621239719000;14144613;1.21354;1.2136;1.21357;0;T;True;1
1621239720000;14144614;1.21354;1.2136;1.21357;0;T;True;1
1621239721000;14144616;1.21354;1.2136;1.21357;1;T;True;1
1621239722000;14144617;1.21354;1.2136;1.21357;0;T;True;1
1621239723000;14144620;1.21353;1.21359;1.21356;2;T;True;1
1621239724000;14144621;1.21353;1.21359;1.21356;0;T;True;1
1621239725000;14144623;1.21354;1.2136;1.21357;1;T;True;1
1621239726000;14144624;1.21354;1.2136;1.21357;0;T;True;1
1621239727000;14144628;1.21356;1.21362;1.21359;3;T;True;1
1621239728000;14144631;1.21354;1.2136;1.21357;2;T;True;1
1621239729000;14144639;1.21351;1.21357;1.21354;7;T;True;1
1621239730000;14144641;1.21351;1.21357;1.21354;1;T;True;1
1621239731000;14144642;1.21351;1.21357;1.21354;0;T;True;1
1621239732000;14144646;1.2135;1.21356;1.21353;3;T;True;1
1621239733000;14144648;1.2135;1.21356;1.21353;1;T;True;1
1621239734000;14144650;1.2135;1.21356;1.21353;1;T;True;1
1621239735000;14144651;1.2135;1.21356;1.21353;0;T;True;1
1621239736000;14144652;1.2135;1.21356;1.21353;0;T;True;1
1621239737000;14144654;1.2135;1.21356;1.21353;1;T;True;1
1621239738000;14144660;1.2135;1.21356;1.21353;5;T;True;1
1621239739000;14144665;1.21352;1.21358;1.21355;4;T;True;1
1621239740000;14144667;1.21354;1.2136;1.21357;1;T;True;1
1621239741000;14144674;1.21352;1.21358;1.21355;6;T;True;1
1621239742000;14144675;1.21352;1.21358;1.21355;0;T;True;1
1621239743000;14144681;1.21354;1.2136;1.21357;5;T;True;1
1621239744000;14144682;1.21354;1.2136;1.21357;0;T;True;1
1621239745000;14144683;1.21354;1.2136;1.21357;0;T;True;1
1621239746000;14144695;1.21352;1.21358;1.21355;11;T;True;1
1621239747000;14144700;1.21352;1.21358;1.21355;4;T;True;1
1621239748000;14144702;1.21352;1.21358;1.21355;1;T;True;1
1621239749000;14144703;1.21352;1.21358;1.21355;0;T;True;1
1621239750000;14144704;1.21352;1.21358;1.21355;0;T;True;1
1621239751000;14144705;1.21352;1.21358;1.21355;0;T;True;1
1621239752000;14144711;1.21348;1.21354;1.21351;5;T;True;1
1621239753000;14144712;1.21348;1.21354;1.21351;0;T;True;1
1621239754000;14144720;1.21351;1.21357;1.21354;7;T;True;1
1621239755000;14144724;1.21352;1.21358;1.21355;3;T;True;1
1621239756000;14144725;1.21352;1.21358;1.21355;0;T;True;1
1621239757000;14144726;1.21352;1.21358;1.21355;0;T;True;1
1621239758000;14144729;1.21352;1.21358;1.21355;2;T;True;1
1621239759000;14144730;1.21352;1.21358;1.21355;0;T;True;1
1621239760000;14144731;1.21352;1.21358;1.21355;0;T;True;1
1621239761000;14144734;1.21353;1.21359;1.21356;2;T;True;1
1621239762000;14144735;1.21353;1.21359;1.21356;0;T;True;1
1621239763000;14144736;1.21353;1.21359;1.21356;0;T;True;1
1621239764000;14144740;1.21352;1.21358;1.21355;3;T;True;1
1621239765000;14144750;1.21356;1.21362;1.21359;9;T;True;1
1621239766000;14144752;1.21356;1.21362;1.21359;1;T;True;1
1621239767000;14144753;1.21356;1.21362;1.21359;0;T;True;1
1621239768000;14144761;1.21353;1.21359;1.21356;7;T;True;1
1621239769000;14144768;1.2135;1.21356;1.21353;6;T;True;1
1621239770000;14144772;1.2135;1.21356;1.21353;3;T;True;1
1621239771000;14144777;1.21352;1.21358;1.21355;4;T;True;1
1621239772000;14144778;1.21352;1.21358;1.21355;0;T;True;1
1621239773000;14144779;1.21352;1.21358;1.21355;0;T;True;1
1621239774000;14144781;1.21352;1.21358;1.21355;1;T;True;1
1621239775000;14144782;1.21352;1.21358;1.21355;0;T;True;1
1621239776000;14144783;1.21352;1.21358;1.21355;0;T;True;1
1621239777000;14144785;1.21352;1.21358;1.21355;1;T;True;1
1621239778000;14144786;1.21352;1.21358;1.21355;0;T;True;1
1621239779000;14144787;1.21352;1.21358;1.21355;0;T;True;1
1621239780000;14144788;1.21352;1.21358;1.21355;0;T;True;1
1621239781000;14144789;1.21352;1.21358;1.21355;0;T;True;1
1621239782000;14144790;1.21352;1.21358;1.21355;0;T;True;1
1621239783000;14144791;1.21352;1.21358;1.21355;0;T;True;1
1621239784000;14144792;1.21352;1.21358;1.21355;0;T;True;1
1621239785000;14144795;1.2135;1.21356;1.21353;2;T;True;1
1621239786000;14144802;1.2135;1.21356;1.21353;6;T;True;1
1621239787000;14144810;1.2135;1.21356;1.21353;7;T;True;1
1621239788000;14144811;1.2135;1.21356;1.21353;0;T;True;1
1621239789000;14144813;1.21351;1.21357;1.21354;1;T;True;1
1621239790000;14144814;1.21351;1.21357;1.21354;0;T;True;1
1621239791000;14144815;1.21351;1.21357;1.21354;0;T;True;1
1621239792000;14144816;1.21351;1.21357;1.21354;0;T;True;1
1621239793000;14144817;1.21351;1.21357;1.21354;0;T;True;1
1621239794000;14144818;1.21351;1.21357;1.21354;0;T;True;1
1621239795000;14144819;1.21351;1.21357;1.21354;0;T;True;1
1621239796000;14144820;1.21351;1.21357;1.21354;0;T;True;1
1621239797000;14144821;1.21351;1.21357;1.21354;0;T;True;1
1621239798000;14144822;1.21351;1.21357;1.21354;0;T;True;1
1621239799000;14144823;1.21351;1.21357;1.21354;0;T;True;1
1621239800000;14144830;1.21352;1.21358;1.21355;6;T;True;1
1621239801000;14144832;1.21352;1.21358;1.21355;1;T;True;1
1621239802000;14144833;1.21352;1.21358;1.21355;0;T;True;1
1621239803000;14144834;1.21352;1.21358;1.21355;0;T;True;1
1621239804000;14144835;1.21352;1.21358;1.21355;0;T;True;1
1621239805000;14144836;1.21352;1.21358;1.21355;0;T;True;1
1621239806000;14144837;1.21352;1.21358;1.21355;0;T;True;1
1621239807000;14144838;1.21352;1.21358;1.21355;0;T;True;1
1621239808000;14144839;1.21352;1.21358;1.21355;0;T;True;1
1621239809000;14144840;1.21352;1.21358;1.21355;0;T;True;1
1621239810000;14144841;1.21352;1.21358;1.21355;0;T;True;1
1621239811000;14144849;1.21355;1.21361;1.21358;7;T;True;1
1621239812000;14144858;1.21356;1.21362;1.21359;8;T;True;1
1621239813000;14144860;1.21356;1.21362;1.21359;1;T;True;1
1621239814000;14144861;1.21356;1.21362;1.21359;0;T;True;1
1621239815000;14144862;1.21356;1.21362;1.21359;0;T;True;1
1621239816000;14144866;1.21354;1.2136;1.21357;3;T;True;1
1621239817000;14144868;1.21354;1.2136;1.21357;1;T;True;1
1621239818000;14144870;1.21354;1.2136;1.21357;1;T;True;1
1621239819000;14144871;1.21354;1.2136;1.21357;0;T;True;1
1621239820000;14144872;1.21354;1.2136;1.21357;0;T;True;1
1621239821000;14144874;1.21354;1.2136;1.21357;1;T;True;1
1621239822000;14144875;1.21354;1.2136;1.21357;0;T;True;1
1621239823000;14144876;1.21354;1.2136;1.21357;0;T;True;1
1621239824000;14144877;1.21354;1.2136;1.21357;0;T;True;1
1621239825000;14144880;1.21354;1.2136;1.21357;2;T;True;1
1621239826000;14144881;1.21354;1.2136;1.21357;0;T;True;1
1621239827000;14144884;1.21353;1.21359;1.21356;2;T;True;1
1621239828000;14144886;1.21353;1.21359;1.21356;1;T;True;1
1621239829000;14144889;1.21354;1.2136;1.21357;2;T;True;1
1621239830000;14144890;1.21354;1.2136;1.21357;0;T;True;1
1621239831000;14144892;1.21354;1.2136;1.21357;1;T;True;1
1621239832000;14144894;1.21354;1.2136;1.21357;1;T;True;1
1621239833000;14144897;1.21354;1.2136;1.21357;2;T;True;1
1621239834000;14144900;1.21352;1.21358;1.21355;2;T;True;1
1621239835000;14144901;1.21352;1.21358;1.21355;0;T;True;1
1621239836000;14144905;1.21354;1.2136;1.21357;3;T;True;1
1621239837000;14144906;1.21354;1.2136;1.21357;0;T;True;1
1621239838000;14144907;1.21354;1.2136;1.21357;0;T;True;1
1621239839000;14144908;1.21354;1.2136;1.21357;0;T;True;1
1621239840000;14144909;1.21354;1.2136;1.21357;0;T;True;1
1621239841000;14144910;1.21354;1.2136;1.21357;0;T;True;1
1621239842000;14144911;1.21354;1.2136;1.21357;0;T;True;1
1621239843000;14144915;1.21356;1.21362;1.21359;3;T;True;1
1621239844000;14144916;1.21356;1.21362;1.21359;0;T;True;1
1621239845000;14144921;1.21358;1.21364;1.21361;4;T;True;1
1621239846000;14144923;1.21358;1.21364;1.21361;1;T;True;1
1621239847000;14144924;1.21358;1.21364;1.21361;0;T;True;1
1621239848000;14144925;1.21358;1.21364;1.21361;0;T;True;1
1621239849000;14144927;1.21358;1.21364;1.21361;1;T;True;1
1621239850000;14144928;1.21358;1.21364;1.21361;0;T;True;1
1621239851000;14144929;1.21358;1.21364;1.21361;0;T;True;1
1621239852000;14144930;1.21358;1.21364;1.21361;0;T;True;1
1621239853000;14144931;1.21358;1.21364;1.21361;0;T;True;1
1621239854000;14144934;1.21356;1.21362;1.21359;2;T;True;1
1621239855000;14144939;1.21357;1.21363;1.2136;4;T;True;1
1621239856000;14144945;1.21358;1.21364;1.21361;5;T;True;1
1621239857000;14144946;1.21358;1.21364;1.21361;0;T;True;1
1621239858000;14144947;1.21358;1.21364;1.21361;0;T;True;1
1621239859000;14144948;1.21358;1.21364;1.21361;0;T;True;1
1621239860000;14144949;1.21358;1.21364;1.21361;0;T;True;1
1621239861000;14144950;1.21358;1.21364;1.21361;0;T;True;1
1621239862000;14144951;1.21358;1.21364;1.21361;0;T;True;1
1621239863000;14144952;1.21358;1.21364;1.21361;0;T;True;1
1621239864000;14144953;1.21358;1.21364;1.21361;0;T;True;1
1621239865000;14144954;1.21358;1.21364;1.21361;0;T;True;1
1621239866000;14144955;1.21358;1.21364;1.21361;0;T;True;1
1621239867000;14144956;1.21358;1.21364;1.21361;0;T;True;1
1621239868000;14144957;1.21358;1.21364;1.21361;0;T;True;1
1621239869000;14144959;1.21358;1.21364;1.21361;1;T;True;1
1621239870000;14144962;1.21358;1.21364;1.21361;2;T;True;1
1621239871000;14144966;1.21358;1.21364;1.21361;3;T;True;1
1621239872000;14144967;1.21358;1.21364;1.21361;0;T;True;1
1621239873000;14144975;1.21364;1.2137;1.21367;7;T;True;1
1621239874000;14144976;1.21364;1.2137;1.21367;0;T;True;1
1621239875000;14144979;1.21363;1.21369;1.21366;2;T;True;1
1621239876000;14144982;1.21363;1.21369;1.21366;2;T;True;1
1621239877000;14144984;1.21363;1.21369;1.21366;1;T;True;1
1621239878000;14144987;1.21364;1.2137;1.21367;2;T;True;1
1621239879000;14144988;1.21364;1.2137;1.21367;0;T;True;1
1621239880000;14144991;1.21362;1.21368;1.21365;2;T;True;1
1621239881000;14144993;1.21362;1.21368;1.21365;1;T;True;1
1621239882000;14144994;1.21362;1.21368;1.21365;0;T;True;1
1621239883000;14144995;1.21362;1.21368;1.21365;0;T;True;1
1621239884000;14144996;1.21362;1.21368;1.21365;0;T;True;1
1621239885000;14144997;1.21362;1.21368;1.21365;0;T;True;1
1621239886000;14144998;1.21362;1.21368;1.21365;0;T;True;1
1621239887000;14145000;1.21361;1.21367;1.21364;1;T;True;1
1621239888000;14145005;1.2136;1.21366;1.21363;4;T;True;1
1621239889000;14145009;1.21362;1.21368;1.21365;3;T;True;1
1621239890000;14145010;1.21362;1.21368;1.21365;0;T;True;1
1621239891000;14145014;1.2136;1.21366;1.21363;3;T;True;1
1621239892000;14145016;1.2136;1.21366;1.21363;1;T;True;1
1621239893000;14145019;1.2136;1.21366;1.21363;2;T;True;1
1621239894000;14145022;1.2136;1.21366;1.21363;2;T;True;1
1621239895000;14145023;1.2136;1.21366;1.21363;0;T;True;1
1621239896000;14145024;1.2136;1.21366;1.21363;0;T;True;1
1621239897000;14145030;1.21364;1.2137;1.21367;5;T;True;1
1621239898000;14145033;1.21364;1.2137;1.21367;2;T;True;1
1621239899000;14145036;1.21364;1.2137;1.21367;2;T;True;1
1621239900000;14145037;1.21364;1.2137;1.21367;0;T;True;1
1621239901000;14145038;1.21364;1.2137;1.21367;0;T;True;1
1621239902000;14145042;1.21367;1.21373;1.2137;3;T;True;1
1621239903000;14145043;1.21367;1.21373;1.2137;0;T;True;1
1621239904000;14145044;1.21367;1.21373;1.2137;0;T;True;1
1621239905000;14145045;1.21367;1.21373;1.2137;0;T;True;1
1621239906000;14145047;1.21367;1.21373;1.2137;1;T;True;1
1621239907000;14145048;1.21367;1.21373;1.2137;0;T;True;1
1621239908000;14145050;1.21367;1.21373;1.2137;1;T;True;1
1621239909000;14145053;1.21366;1.21372;1.21369;2;T;True;1
1621239910000;14145057;1.21365;1.21371;1.21368;3;T;True;1
1621239911000;14145059;1.21365;1.21371;1.21368;1;T;True;1
1621239912000;14145060;1.21365;1.21371;1.21368;0;T;True;1
1621239913000;14145063;1.21364;1.2137;1.21367;2;T;True;1
1621239914000;14145066;1.21362;1.21368;1.21365;2;T;True;1
1621239915000;14145067;1.21362;1.21368;1.21365;0;T;True;1
1621239916000;14145070;1.21362;1.21368;1.21365;2;T;True;1
1621239917000;14145071;1.21362;1.21368;1.21365;0;T;True;1
1621239918000;14145072;1.21362;1.21368;1.21365;0;T;True;1
1621239919000;14145074;1.21362;1.21368;1.21365;1;T;True;1
1621239920000;14145076;1.21362;1.21368;1.21365;1;T;True;1
1621239921000;14145077;1.21362;1.21368;1.21365;0;T;True;1
1621239922000;14145078;1.21362;1.21368;1.21365;0;T;True;1
1621239923000;14145079;1.21362;1.21368;1.21365;0;T;True;1
1621239924000;14145080;1.21362;1.21368;1.21365;0;T;True;1
1621239925000;14145082;1.21362;1.21368;1.21365;1;T;True;1
1621239926000;14145087;1.21364;1.2137;1.21367;4;T;True;1
1621239927000;14145088;1.21364;1.2137;1.21367;0;T;True;1
1621239928000;14145089;1.21364;1.2137;1.21367;0;T;True;1
1621239929000;14145090;1.21364;1.2137;1.21367;0;T;True;1
1621239930000;14145091;1.21364;1.2137;1.21367;0;T;True;1
1621239931000;14145097;1.21364;1.2137;1.21367;5;T;True;1
1621239932000;14145104;1.21369;1.21375;1.21372;6;T;True;1
1621239933000;14145107;1.2137;1.21376;1.21373;2;T;True;1
1621239934000;14145108;1.2137;1.21376;1.21373;0;T;True;1
1621239935000;14145111;1.21369;1.21375;1.21372;2;T;True;1
1621239936000;14145112;1.21369;1.21375;1.21372;0;T;True;1
1621239937000;14145115;1.2137;1.21376;1.21373;2;T;True;1
1621239938000;14145116;1.2137;1.21376;1.21373;0;T;True;1
1621239939000;14145117;1.2137;1.21376;1.21373;0;T;True;1
1621239940000;14145118;1.2137;1.21376;1.21373;0;T;True;1
1621239941000;14145119;1.2137;1.21376;1.21373;0;T;True;1
1621239942000;14145122;1.2137;1.21376;1.21373;2;T;True;1
1621239943000;14145125;1.21368;1.21374;1.21371;2;T;True;1
1621239944000;14145131;1.21368;1.21374;1.21371;5;T;True;1
1621239945000;14145135;1.2137;1.21376;1.21373;3;T;True;1
1621239946000;14145136;1.2137;1.21376;1.21373;0;T;True;1
1621239947000;14145140;1.2137;1.21376;1.21373;3;T;True;1
1621239948000;14145143;1.2137;1.21376;1.21373;2;T;True;1
1621239949000;14145144;1.2137;1.21376;1.21373;0;T;True;1
1621239950000;14145145;1.2137;1.21376;1.21373;0;T;True;1
1621239951000;14145146;1.2137;1.21376;1.21373;0;T;True;1
1621239952000;14145150;1.2137;1.21376;1.21373;3;T;True;1
1621239953000;14145152;1.2137;1.21376;1.21373;1;T;True;1
1621239954000;14145153;1.2137;1.21376;1.21373;0;T;True;1
1621239955000;14145156;1.2137;1.21376;1.21373;2;T;True;1
1621239956000;14145157;1.2137;1.21376;1.21373;0;T;True;1
1621239957000;14145158;1.2137;1.21376;1.21373;0;T;True;1
1621239958000;14145159;1.2137;1.21376;1.21373;0;T;True;1
1621239959000;14145161;1.21368;1.21374;1.21371;1;T;True;1
1621239960000;14145162;1.21368;1.21374;1.21371;0;T;True;1
1621239961000;14145164;1.21368;1.21374;1.21371;1;T;True;1
1621239962000;14145168;1.21368;1.21374;1.21371;3;T;True;1
1621239963000;14145170;1.21368;1.21374;1.21371;1;T;True;1
1621239964000;14145171;1.21368;1.21374;1.21371;0;T;True;1
1621239965000;14145176;1.21366;1.21372;1.21369;4;T;True;1
1621239966000;14145181;1.21364;1.2137;1.21367;4;T;True;1
1621239967000;14145182;1.21364;1.2137;1.21367;0;T;True;1
1621239968000;14145183;1.21364;1.2137;1.21367;0;T;True;1
1621239969000;14145184;1.21364;1.2137;1.21367;0;T;True;1
1621239970000;14145185;1.21364;1.2137;1.21367;0;T;True;1
1621239971000;14145186;1.21364;1.2137;1.21367;0;T;True;1
1621239972000;14145189;1.21363;1.21369;1.21366;2;T;True;1
1621239973000;14145196;1.21364;1.2137;1.21367;6;T;True;1
1621239974000;14145197;1.21364;1.2137;1.21367;0;T;True;1
1621239975000;14145199;1.21365;1.21371;1.21368;1;T;True;1
1621239976000;14145204;1.21368;1.21374;1.21371;4;T;True;1
1621239977000;14145205;1.21368;1.21374;1.21371;0;T;True;1
1621239978000;14145208;1.21369;1.21375;1.21372;2;T;True;1
1621239979000;14145210;1.2137;1.21376;1.21373;1;T;True;1
1621239980000;14145211;1.2137;1.21376;1.21373;0;T;True;1
1621239981000;14145212;1.2137;1.21376;1.21373;0;T;True;1
1621239982000;14145214;1.21368;1.21374;1.21371;1;T;True;1
1621239983000;14145216;1.21368;1.21374;1.21371;1;T;True;1
1621239984000;14145221;1.21368;1.21374;1.21371;4;T;True;1
1621239985000;14145222;1.21368;1.21374;1.21371;0;T;True;1
1621239986000;14145223;1.21368;1.21374;1.21371;0;T;True;1
1621239987000;14145224;1.21368;1.21374;1.21371;0;T;True;1
1621239988000;14145226;1.21368;1.21374;1.21371;1;T;True;1
1621239989000;14145227;1.21368;1.21374;1.21371;0;T;True;1
1621239990000;14145234;1.21364;1.2137;1.21367;6;T;True;1
1621239991000;14145237;1.21364;1.2137;1.21367;2;T;True;1
1621239992000;14145241;1.21363;1.21369;1.21366;3;T;True;1
1621239993000;14145242;1.21363;1.21369;1.21366;0;T;True;1
1621239994000;14145243;1.21363;1.21369;1.21366;0;T;True;1
1621239995000;14145247;1.21364;1.2137;1.21367;3;T;True;1
1621239996000;14145248;1.21364;1.2137;1.21367;0;T;True;1
1621239997000;14145249;1.21364;1.2137;1.21367;0;T;True;1
