ts;n;bid;ask;value;volume;phase;round;active_id
1621265262000;14218551;1.21502;1.21508;1.21505;3;T;True;1
1621265263000;14218552;1.21502;1.21508;1.21505;0;T;True;1
1621265264000;14218556;1.21499;1.21505;1.21502;3;T;True;1
1621265265000;14218558;1.215;1.21506;1.21503;1;T;True;1
1621265266000;14218561;1.21498;1.21504;1.21501;2;T;True;1
1621265267000;14218570;1.21499;1.21505;1.21502;8;T;True;1
1621265268000;14218575;1.215;1.21506;1.21503;4;T;True;1
1621265269000;14218580;1.21497;1.21503;1.215;4;T;True;1
1621265270000;14218586;1.215;1.21506;1.21503;5;T;True;1
1621265271000;14218589;1.215;1.21506;1.21503;2;T;True;1
1621265272000;14218590;1.215;1.21506;1.21503;0;T;True;1
1621265273000;14218591;1.215;1.21506;1.21503;0;T;True;1
1621265274000;14218592;1.215;1.21506;1.21503;0;T;True;1
1621265275000;14218593;1.215;1.21506;1.21503;0;T;True;1
1621265276000;14218594;1.215;1.21506;1.21503;0;T;True;1
1621265277000;14218595;1.215;1.21506;1.21503;0;T;True;1
1621265278000;14218596;1.215;1.21506;1.21503;0;T;True;1
1621265279000;14218597;1.215;1.21506;1.21503;0;T;True;1
1621265280000;14218599;1.215;1.21506;1.21503;1;T;True;1
1621265281000;14218604;1.21496;1.21502;1.21499;4;T;True;1
1621265282000;14218608;1.21496;1.21502;1.21499;3;T;True;1
1621265283000;14218609;1.21496;1.21502;1.21499;0;T;True;1
1621265284000;14218611;1.21496;1.21502;1.21499;1;T;True;1
1621265285000;14218612;1.21496;1.21502;1.21499;0;T;True;1
1621265286000;14218616;1.21496;1.21502;1.21499;3;T;True;1
1621265287000;14218624;1.21494;1.215;1.21497;7;T;True;1
1621265288000;14218629;1.21492;1.21498;1.21495;4;T;True;1
1621265289000;14218637;1.2149;1.21496;1.21493;7;T;True;1
1621265290000;14218641;1.2149;1.21496;1.21493;3;T;True;1
1621265291000;14218642;1.2149;1.21496;1.21493;0;T;True;1
1621265292000;14218647;1.21494;1.215;1.21497;4;T;True;1
1621265293000;14218649;1.21495;1.21501;1.21498;1;T;True;1
1621265294000;14218650;1.21495;1.21501;1.21498;0;T;True;1
1621265295000;14218653;1.21495;1.21501;1.21498;2;T;True;1
1621265296000;14218654;1.21495;1.21501;1.21498;0;T;True;1
1621265297000;14218656;1.21495;1.21501;1.21498;1;T;True;1
1621265298000;14218657;1.21495;1.21501;1.21498;0;T;True;1
1621265299000;14218658;1.21495;1.21501;1.21498;0;T;True;1
1621265300000;14218659;1.21495;1.21501;1.21498;0;T;True;1
1621265301000;14218660;1.21495;1.21501;1.21498;0;T;True;1
1621265302000;14218662;1.21495;1.21501;1.21498;1;T;True;1
1621265303000;14218667;1.21496;1.21502;1.21499;4;T;True;1
1621265304000;14218675;1.21496;1.21502;1.21499;7;T;True;1
1621265305000;14218678;1.21496;1.21502;1.21499;2;T;True;1
1621265306000;14218679;1.21496;1.21502;1.21499;0;T;True;1
1621265307000;14218686;1.21499;1.21505;1.21502;6;T;True;1
1621265308000;14218689;1.21499;1.21505;1.21502;2;T;True;1
1621265309000;14218693;1.21498;1.21504;1.21501;3;T;True;1
1621265310000;14218694;1.21498;1.21504;1.21501;0;T;True;1
1621265311000;14218698;1.21498;1.21504;1.21501;3;T;True;1
1621265312000;14218700;1.21499;1.21505;1.21502;1;T;True;1
1621265313000;14218701;1.21499;1.21505;1.21502;0;T;True;1
1621265314000;14218711;1.21498;1.21504;1.21501;9;T;True;1
1621265315000;14218717;1.215;1.21506;1.21503;5;T;True;1
1621265316000;14218722;1.215;1.21506;1.21503;4;T;True;1
1621265317000;14218725;1.215;1.21506;1.21503;2;T;True;1
1621265318000;14218727;1.21499;1.21505;1.21502;1;T;True;1
1621265319000;14218732;1.215;1.21506;1.21503;4;T;True;1
1621265320000;14218735;1.215;1.21506;1.21503;2;T;True;1
1621265321000;14218736;1.215;1.21506;1.21503;0;T;True;1
1621265322000;14218738;1.215;1.21506;1.21503;1;T;True;1
1621265323000;14218746;1.21498;1.21504;1.21501;7;T;True;1
1621265324000;14218748;1.21498;1.21504;1.21501;1;T;True;1
1621265325000;14218750;1.21498;1.21504;1.21501;1;T;True;1
1621265326000;14218762;1.21498;1.21504;1.21501;11;T;True;1
1621265327000;14218771;1.21496;1.21502;1.21499;8;T;True;1
1621265328000;14218779;1.21496;1.21502;1.21499;7;T;True;1
1621265329000;14218781;1.21497;1.21503;1.215;1;T;True;1
1621265330000;14218782;1.21497;1.21503;1.215;0;T;True;1
1621265331000;14218783;1.21497;1.21503;1.215;0;T;True;1
1621265332000;14218784;1.21497;1.21503;1.215;0;T;True;1
1621265333000;14218786;1.21496;1.21502;1.21499;1;T;True;1
1621265334000;14218791;1.21496;1.21502;1.21499;4;T;True;1
1621265335000;14218792;1.21496;1.21502;1.21499;0;T;True;1
1621265336000;14218794;1.21497;1.21503;1.215;1;T;True;1
1621265337000;14218796;1.21496;1.21502;1.21499;1;T;True;1
1621265338000;14218809;1.21488;1.21494;1.21491;12;T;True;1
1621265339000;14218817;1.21484;1.2149;1.21487;7;T;True;1
1621265340000;14218818;1.21484;1.2149;1.21487;0;T;True;1
1621265341000;14218825;1.2148;1.21486;1.21483;6;T;True;1
1621265342000;14218832;1.2148;1.21486;1.21483;6;T;True;1
1621265343000;14218833;1.2148;1.21486;1.21483;0;T;True;1
1621265344000;14218841;1.21484;1.2149;1.21487;7;T;True;1
1621265345000;14218855;1.21484;1.2149;1.21487;13;T;True;1
1621265346000;14218869;1.21482;1.21488;1.21485;13;T;True;1
1621265347000;14218873;1.21482;1.21488;1.21485;3;T;True;1
1621265348000;14218874;1.21482;1.21488;1.21485;0;T;True;1
1621265349000;14218875;1.21482;1.21488;1.21485;0;T;True;1
1621265350000;14218878;1.21484;1.2149;1.21487;2;T;True;1
1621265351000;14218879;1.21484;1.2149;1.21487;0;T;True;1
1621265352000;14218880;1.21484;1.2149;1.21487;0;T;True;1
1621265353000;14218882;1.21484;1.2149;1.21487;1;T;True;1
1621265354000;14218884;1.21485;1.21491;1.21488;1;T;True;1
1621265355000;14218888;1.21485;1.21491;1.21488;3;T;True;1
1621265356000;14218893;1.21485;1.21491;1.21488;4;T;True;1
1621265357000;14218897;1.21485;1.21491;1.21488;3;T;True;1
1621265358000;14218898;1.21485;1.21491;1.21488;0;T;True;1
1621265359000;14218902;1.21484;1.2149;1.21487;3;T;True;1
1621265360000;14218903;1.21484;1.2149;1.21487;0;T;True;1
1621265361000;14218905;1.21484;1.2149;1.21487;1;T;True;1
1621265362000;14218909;1.21484;1.2149;1.21487;3;T;True;1
1621265363000;14218912;1.21485;1.21491;1.21488;2;T;True;1
1621265364000;14218914;1.21484;1.2149;1.21487;1;T;True;1
1621265365000;14218915;1.21484;1.2149;1.21487;0;T;True;1
1621265366000;14218918;1.21484;1.2149;1.21487;2;T;True;1
1621265367000;14218921;1.21484;1.2149;1.21487;2;T;True;1
1621265368000;14218924;1.21484;1.2149;1.21487;2;T;True;1
1621265369000;14218931;1.21479;1.21485;1.21482;6;T;True;1
1621265370000;14218936;1.2148;1.21486;1.21483;4;T;True;1
1621265371000;14218939;1.2148;1.21486;1.21483;2;T;True;1
1621265372000;14218942;1.2148;1.21486;1.21483;2;T;True;1
1621265373000;14218945;1.21479;1.21485;1.21482;2;T;True;1
1621265374000;14218946;1.21479;1.21485;1.21482;0;T;True;1
1621265375000;14218952;1.21478;1.21484;1.21481;5;T;True;1
1621265376000;14218954;1.21478;1.21484;1.21481;1;T;True;1
1621265377000;14218958;1.21479;1.21485;1.21482;3;T;True;1
1621265378000;14218961;1.21481;1.21487;1.21484;2;T;True;1
1621265379000;14218963;1.2148;1.21486;1.21483;1;T;True;1
1621265380000;14218966;1.21479;1.21485;1.21482;2;T;True;1
1621265381000;14218968;1.21478;1.21484;1.21481;1;T;True;1
1621265382000;14218972;1.21478;1.21484;1.21481;3;T;True;1
1621265383000;14218978;1.21479;1.21485;1.21482;5;T;True;1
1621265384000;14218985;1.2148;1.21486;1.21483;6;T;True;1
1621265385000;14218989;1.21478;1.21484;1.21481;3;T;True;1
1621265386000;14218996;1.21478;1.21484;1.21481;6;T;True;1
1621265387000;14219002;1.21478;1.21484;1.21481;5;T;True;1
1621265388000;14219004;1.21479;1.21485;1.21482;1;T;True;1
1621265389000;14219009;1.21478;1.21484;1.21481;4;T;True;1
1621265390000;14219014;1.21479;1.21485;1.21482;4;T;True;1
1621265391000;14219017;1.21479;1.21485;1.21482;2;T;True;1
1621265392000;14219020;1.2148;1.21486;1.21483;2;T;True;1
1621265393000;14219022;1.2148;1.21486;1.21483;1;T;True;1
1621265394000;14219031;1.2148;1.21486;1.21483;8;T;True;1
1621265395000;14219035;1.2148;1.21486;1.21483;3;T;True;1
1621265396000;14219040;1.2148;1.21486;1.21483;4;T;True;1
1621265397000;14219041;1.2148;1.21486;1.21483;0;T;True;1
1621265398000;14219049;1.21479;1.21485;1.21482;7;T;True;1
1621265399000;14219050;1.21479;1.21485;1.21482;0;T;True;1
1621265400000;14219054;1.21479;1.21485;1.21482;3;T;True;1
1621265401000;14219056;1.2148;1.21486;1.21483;1;T;True;1
1621265402000;14219057;1.2148;1.21486;1.21483;0;T;True;1
1621265403000;14219058;1.2148;1.21486;1.21483;0;T;True;1
1621265404000;14219059;1.2148;1.21486;1.21483;0;T;True;1
1621265405000;14219061;1.2148;1.21486;1.21483;1;T;True;1
1621265406000;14219067;1.2148;1.21486;1.21483;5;T;True;1
1621265407000;14219068;1.2148;1.21486;1.21483;0;T;True;1
1621265408000;14219069;1.2148;1.21486;1.21483;0;T;True;1
1621265409000;14219073;1.2148;1.21486;1.21483;3;T;True;1
1621265410000;14219074;1.2148;1.21486;1.21483;0;T;True;1
1621265411000;14219075;1.2148;1.21486;1.21483;0;T;True;1
1621265412000;14219078;1.2148;1.21486;1.21483;2;T;True;1
1621265413000;14219082;1.2148;1.21486;1.21483;3;T;True;1
1621265414000;14219083;1.2148;1.21486;1.21483;0;T;True;1
1621265415000;14219084;1.2148;1.21486;1.21483;0;T;True;1
1621265416000;14219095;1.21484;1.2149;1.21487;10;T;True;1
1621265417000;14219103;1.21484;1.2149;1.21487;7;T;True;1
1621265418000;14219107;1.21484;1.2149;1.21487;3;T;True;1
1621265419000;14219116;1.21484;1.2149;1.21487;8;T;True;1
1621265420000;14219119;1.21484;1.2149;1.21487;2;T;True;1
1621265421000;14219126;1.21482;1.21488;1.21485;6;T;True;1
1621265422000;14219129;1.21482;1.21488;1.21485;2;T;True;1
1621265423000;14219135;1.21484;1.2149;1.21487;5;T;True;1
1621265424000;14219137;1.21484;1.2149;1.21487;1;T;True;1
1621265425000;14219144;1.21484;1.2149;1.21487;6;T;True;1
1621265426000;14219153;1.21483;1.21489;1.21486;8;T;True;1
1621265427000;14219158;1.21481;1.21487;1.21484;4;T;True;1
1621265428000;14219160;1.21481;1.21487;1.21484;1;T;True;1
1621265429000;14219163;1.21481;1.21487;1.21484;2;T;True;1
1621265430000;14219165;1.21481;1.21487;1.21484;1;T;True;1
1621265431000;14219167;1.21481;1.21487;1.21484;1;T;True;1
1621265432000;14219175;1.2148;1.21486;1.21483;7;T;True;1
1621265433000;14219178;1.2148;1.21486;1.21483;2;T;True;1
1621265434000;14219179;1.2148;1.21486;1.21483;0;T;True;1
1621265435000;14219181;1.21481;1.21487;1.21484;1;T;True;1
1621265436000;14219182;1.21481;1.21487;1.21484;0;T;True;1
1621265437000;14219184;1.2148;1.21486;1.21483;1;T;True;1
1621265438000;14219187;1.21481;1.21487;1.21484;2;T;True;1
1621265439000;14219189;1.2148;1.21486;1.21483;1;T;True;1
1621265440000;14219190;1.2148;1.21486;1.21483;0;T;True;1
1621265441000;14219194;1.2148;1.21486;1.21483;3;T;True;1
1621265442000;14219197;1.21481;1.21487;1.21484;2;T;True;1
1621265443000;14219199;1.21481;1.21487;1.21484;1;T;True;1
1621265444000;14219203;1.21483;1.21489;1.21486;3;T;True;1
1621265445000;14219205;1.21483;1.21489;1.21486;1;T;True;1
1621265446000;14219206;1.21483;1.21489;1.21486;0;T;True;1
1621265447000;14219207;1.21483;1.21489;1.21486;0;T;True;1
1621265448000;14219212;1.21481;1.21487;1.21484;4;T;True;1
1621265449000;14219213;1.21481;1.21487;1.21484;0;T;True;1
1621265450000;14219214;1.21481;1.21487;1.21484;0;T;True;1
1621265451000;14219216;1.2148;1.21486;1.21483;1;T;True;1
1621265452000;14219218;1.2148;1.21486;1.21483;1;T;True;1
1621265453000;14219219;1.2148;1.21486;1.21483;0;T;True;1
1621265454000;14219220;1.2148;1.21486;1.21483;0;T;True;1
1621265455000;14219225;1.21478;1.21484;1.21481;4;T;True;1
1621265456000;14219226;1.21478;1.21484;1.21481;0;T;True;1
1621265457000;14219233;1.21475;1.21481;1.21478;6;T;True;1
1621265458000;14219234;1.21475;1.21481;1.21478;0;T;True;1
1621265459000;14219235;1.21475;1.21481;1.21478;0;T;True;1
1621265460000;14219236;1.21475;1.21481;1.21478;0;T;True;1
1621265461000;14219238;1.21476;1.21482;1.21479;1;T;True;1
1621265462000;14219245;1.2148;1.21486;1.21483;6;T;True;1
1621265463000;14219247;1.2148;1.21486;1.21483;1;T;True;1
1621265464000;14219251;1.21478;1.21484;1.21481;3;T;True;1
1621265465000;14219254;1.21476;1.21482;1.21479;2;T;True;1
1621265466000;14219256;1.21476;1.21482;1.21479;1;T;True;1
1621265467000;14219257;1.21476;1.21482;1.21479;0;T;True;1
1621265468000;14219260;1.21476;1.21482;1.21479;2;T;True;1
1621265469000;14219266;1.21476;1.21482;1.21479;5;T;True;1
1621265470000;14219268;1.21476;1.21482;1.21479;1;T;True;1
1621265471000;14219270;1.21473;1.21479;1.21476;1;T;True;1
1621265472000;14219272;1.21472;1.21478;1.21475;1;T;True;1
1621265473000;14219273;1.21472;1.21478;1.21475;0;T;True;1
1621265474000;14219279;1.2147;1.21476;1.21473;5;T;True;1
1621265475000;14219284;1.21468;1.21474;1.21471;4;T;True;1
1621265476000;14219287;1.21468;1.21474;1.21471;2;T;True;1
1621265477000;14219292;1.2147;1.21476;1.21473;4;T;True;1
1621265478000;14219297;1.21466;1.21472;1.21469;4;T;True;1
1621265479000;14219300;1.21466;1.21472;1.21469;2;T;True;1
1621265480000;14219304;1.21466;1.21472;1.21469;3;T;True;1
1621265481000;14219308;1.21466;1.21472;1.21469;3;T;True;1
1621265482000;14219309;1.21466;1.21472;1.21469;0;T;True;1
1621265483000;14219318;1.21463;1.21469;1.21466;8;T;True;1
1621265484000;14219320;1.21463;1.21469;1.21466;1;T;True;1
1621265485000;14219321;1.21463;1.21469;1.21466;0;T;True;1
1621265486000;14219325;1.21463;1.21469;1.21466;3;T;True;1
1621265487000;14219330;1.21462;1.21468;1.21465;4;T;True;1
1621265488000;14219332;1.21462;1.21468;1.21465;1;T;True;1
1621265489000;14219333;1.21462;1.21468;1.21465;0;T;True;1
1621265490000;14219337;1.21465;1.21471;1.21468;3;T;True;1
1621265491000;14219340;1.21465;1.21471;1.21468;2;T;True;1
1621265492000;14219345;1.21465;1.21471;1.21468;4;T;True;1
1621265493000;14219351;1.21462;1.21468;1.21465;5;T;True;1
1621265494000;14219352;1.21462;1.21468;1.21465;0;T;True;1
1621265495000;14219356;1.21462;1.21468;1.21465;3;T;True;1
1621265496000;14219358;1.21462;1.21468;1.21465;1;T;True;1
1621265497000;14219360;1.21462;1.21468;1.21465;1;T;True;1
1621265498000;14219362;1.21462;1.21468;1.21465;1;T;True;1
1621265499000;14219364;1.21462;1.21468;1.21465;1;T;True;1
1621265500000;14219365;1.21462;1.21468;1.21465;0;T;True;1
1621265501000;14219367;1.21461;1.21467;1.21464;1;T;True;1
1621265502000;14219376;1.21462;1.21468;1.21465;8;T;True;1
1621265503000;14219380;1.21462;1.21468;1.21465;3;T;True;1
1621265504000;14219383;1.21461;1.21467;1.21464;2;T;True;1
1621265505000;14219388;1.21456;1.21462;1.21459;4;T;True;1
1621265506000;14219390;1.21457;1.21463;1.2146;1;T;True;1
1621265507000;14219392;1.21457;1.21463;1.2146;1;T;True;1
1621265508000;14219393;1.21457;1.21463;1.2146;0;T;True;1
1621265509000;14219394;1.21457;1.21463;1.2146;0;T;True;1
1621265510000;14219397;1.21457;1.21463;1.2146;2;T;True;1
1621265511000;14219400;1.21456;1.21462;1.21459;2;T;True;1
1621265512000;14219404;1.21456;1.21462;1.21459;3;T;True;1
1621265513000;14219405;1.21456;1.21462;1.21459;0;T;True;1
1621265514000;14219411;1.21457;1.21463;1.2146;5;T;True;1
1621265515000;14219412;1.21457;1.21463;1.2146;0;T;True;1
1621265516000;14219414;1.21456;1.21462;1.21459;1;T;True;1
1621265517000;14219418;1.21456;1.21462;1.21459;3;T;True;1
1621265518000;14219423;1.21453;1.21459;1.21456;4;T;True;1
1621265519000;14219427;1.21453;1.21459;1.21456;3;T;True;1
1621265520000;14219429;1.21454;1.2146;1.21457;1;T;True;1
1621265521000;14219431;1.21453;1.21459;1.21456;1;T;True;1
1621265522000;14219433;1.21453;1.21459;1.21456;1;T;True;1
1621265523000;14219434;1.21453;1.21459;1.21456;0;T;True;1
1621265524000;14219435;1.21453;1.21459;1.21456;0;T;True;1
1621265525000;14219437;1.21454;1.2146;1.21457;1;T;True;1
1621265526000;14219443;1.21455;1.21461;1.21458;5;T;True;1
1621265527000;14219445;1.21455;1.21461;1.21458;1;T;True;1
1621265528000;14219456;1.21461;1.21467;1.21464;10;T;True;1
1621265529000;14219462;1.21458;1.21464;1.21461;5;T;True;1
1621265530000;14219464;1.21458;1.21464;1.21461;1;T;True;1
1621265531000;14219467;1.2146;1.21466;1.21463;2;T;True;1
1621265532000;14219468;1.2146;1.21466;1.21463;0;T;True;1
1621265533000;14219470;1.21459;1.21465;1.21462;1;T;True;1
1621265534000;14219474;1.21457;1.21463;1.2146;3;T;True;1
1621265535000;14219476;1.21458;1.21464;1.21461;1;T;True;1
1621265536000;14219477;1.21458;1.21464;1.21461;0;T;True;1
1621265537000;14219479;1.21457;1.21463;1.2146;1;T;True;1
1621265538000;14219484;1.21454;1.2146;1.21457;4;T;True;1
1621265539000;14219489;1.21456;1.21462;1.21459;4;T;True;1
1621265540000;14219490;1.21456;1.21462;1.21459;0;T;True;1
1621265541000;14219492;1.21456;1.21462;1.21459;1;T;True;1
1621265542000;14219502;1.2146;1.21466;1.21463;9;T;True;1
1621265543000;14219505;1.2146;1.21466;1.21463;2;T;True;1
1621265544000;14219508;1.2146;1.21466;1.21463;2;T;True;1
1621265545000;14219512;1.21459;1.21465;1.21462;3;T;True;1
1621265546000;14219513;1.21459;1.21465;1.21462;0;T;True;1
1621265547000;14219514;1.21459;1.21465;1.21462;0;T;True;1
1621265548000;14219515;1.21459;1.21465;1.21462;0;T;True;1
1621265549000;14219516;1.21459;1.21465;1.21462;0;T;True;1
1621265550000;14219518;1.21459;1.21465;1.21462;1;T;True;1
1621265551000;14219530;1.21468;1.21474;1.21471;11;T;True;1
1621265552000;14219538;1.21468;1.21474;1.21471;7;T;True;1
1621265553000;14219545;1.21468;1.21474;1.21471;6;T;True;1
1621265554000;14219547;1.21468;1.21474;1.21471;1;T;True;1
1621265555000;14219558;1.21464;1.2147;1.21467;10;T;True;1
1621265556000;14219559;1.21464;1.2147;1.21467;0;T;True;1
1621265557000;14219561;1.21463;1.21469;1.21466;1;T;True;1
1621265558000;14219562;1.21463;1.21469;1.21466;0;T;True;1
1621265559000;14219566;1.21464;1.2147;1.21467;3;T;True;1
1621265560000;14219567;1.21464;1.2147;1.21467;0;T;True;1
1621265561000;14219568;1.21464;1.2147;1.21467;0;T;True;1
1621265562000;14219569;1.21464;1.2147;1.21467;0;T;True;1
1621265563000;14219570;1.21464;1.2147;1.21467;0;T;True;1
1621265564000;14219571;1.21464;1.2147;1.21467;0;T;True;1
1621265565000;14219572;1.21464;1.2147;1.21467;0;T;True;1
1621265566000;14219580;1.21466;1.21472;1.21469;7;T;True;1
1621265567000;14219582;1.21465;1.21471;1.21468;1;T;True;1
1621265568000;14219588;1.21464;1.2147;1.21467;5;T;True;1
1621265569000;14219590;1.21466;1.21472;1.21469;1;T;True;1
1621265570000;14219591;1.21466;1.21472;1.21469;0;T;True;1
1621265571000;14219592;1.21466;1.21472;1.21469;0;T;True;1
1621265572000;14219593;1.21466;1.21472;1.21469;0;T;True;1
1621265573000;14219596;1.21464;1.2147;1.21467;2;T;True;1
1621265574000;14219600;1.21462;1.21468;1.21465;3;T;True;1
1621265575000;14219603;1.21462;1.21468;1.21465;2;T;True;1
1621265576000;14219605;1.21462;1.21468;1.21465;1;T;True;1
1621265577000;14219617;1.21468;1.21474;1.21471;11;T;True;1
1621265578000;14219624;1.2147;1.21476;1.21473;6;T;True;1
1621265579000;14219625;1.2147;1.21476;1.21473;0;T;True;1
1621265580000;14219627;1.2147;1.21476;1.21473;1;T;True;1
1621265581000;14219628;1.2147;1.21476;1.21473;0;T;True;1
1621265582000;14219629;1.2147;1.21476;1.21473;0;T;True;1
1621265583000;14219630;1.2147;1.21476;1.21473;0;T;True;1
1621265584000;14219631;1.2147;1.21476;1.21473;0;T;True;1
1621265585000;14219633;1.2147;1.21476;1.21473;1;T;True;1
1621265586000;14219636;1.21471;1.21477;1.21474;2;T;True;1
1621265587000;14219637;1.21471;1.21477;1.21474;0;T;True;1
1621265588000;14219639;1.21472;1.21478;1.21475;1;T;True;1
1621265589000;14219640;1.21472;1.21478;1.21475;0;T;True;1
1621265590000;14219641;1.21472;1.21478;1.21475;0;T;True;1
1621265591000;14219644;1.21472;1.21478;1.21475;2;T;True;1
1621265592000;14219645;1.21472;1.21478;1.21475;0;T;True;1
1621265593000;14219646;1.21472;1.21478;1.21475;0;T;True;1
1621265594000;14219647;1.21472;1.21478;1.21475;0;T;True;1
1621265595000;14219651;1.21476;1.21482;1.21479;3;T;True;1
1621265596000;14219657;1.2148;1.21486;1.21483;5;T;True;1
1621265597000;14219661;1.2148;1.21486;1.21483;3;T;True;1
1621265598000;14219662;1.2148;1.21486;1.21483;0;T;True;1
1621265599000;14219664;1.2148;1.21486;1.21483;1;T;True;1
1621265600000;14219669;1.21479;1.21485;1.21482;4;T;True;1
1621265601000;14219676;1.2148;1.21486;1.21483;6;T;True;1
1621265602000;14219681;1.21477;1.21483;1.2148;4;T;True;1
1621265603000;14219685;1.21479;1.21485;1.21482;3;T;True;1
1621265604000;14219686;1.21479;1.21485;1.21482;0;T;True;1
1621265605000;14219690;1.21478;1.21484;1.21481;3;T;True;1
1621265606000;14219691;1.21478;1.21484;1.21481;0;T;True;1
1621265607000;14219695;1.21475;1.21481;1.21478;3;T;True;1
1621265608000;14219698;1.21476;1.21482;1.21479;2;T;True;1
1621265609000;14219699;1.21476;1.21482;1.21479;0;T;True;1
1621265610000;14219700;1.21476;1.21482;1.21479;0;T;True;1
1621265611000;14219701;1.21476;1.21482;1.21479;0;T;True;1
1621265612000;14219702;1.21476;1.21482;1.21479;0;T;True;1
1621265613000;14219704;1.21475;1.21481;1.21478;1;T;True;1
1621265614000;14219707;1.21476;1.21482;1.21479;2;T;True;1
1621265615000;14219708;1.21476;1.21482;1.21479;0;T;True;1
1621265616000;14219713;1.21476;1.21482;1.21479;4;T;True;1
1621265617000;14219714;1.21476;1.21482;1.21479;0;T;True;1
1621265618000;14219717;1.21476;1.21482;1.21479;2;T;True;1
1621265619000;14219719;1.21476;1.21482;1.21479;1;T;True;1
1621265620000;14219723;1.21475;1.21481;1.21478;3;T;True;1
1621265621000;14219725;1.21474;1.2148;1.21477;1;T;True;1
1621265622000;14219733;1.21471;1.21477;1.21474;7;T;True;1
1621265623000;14219738;1.21471;1.21477;1.21474;4;T;True;1
1621265624000;14219739;1.21471;1.21477;1.21474;0;T;True;1
1621265625000;14219740;1.21471;1.21477;1.21474;0;T;True;1
1621265626000;14219742;1.21471;1.21477;1.21474;1;T;True;1
1621265627000;14219746;1.2147;1.21476;1.21473;3;T;True;1
1621265628000;14219748;1.2147;1.21476;1.21473;1;T;True;1
1621265629000;14219750;1.2147;1.21476;1.21473;1;T;True;1
1621265630000;14219753;1.2147;1.21476;1.21473;2;T;True;1
1621265631000;14219755;1.2147;1.21476;1.21473;1;T;True;1
1621265632000;14219762;1.21471;1.21477;1.21474;6;T;True;1
1621265633000;14219764;1.21471;1.21477;1.21474;1;T;True;1
1621265634000;14219768;1.2147;1.21476;1.21473;3;T;True;1
1621265635000;14219770;1.2147;1.21476;1.21473;1;T;True;1
1621265636000;14219771;1.2147;1.21476;1.21473;0;T;True;1
1621265637000;14219772;1.2147;1.21476;1.21473;0;T;True;1
1621265638000;14219774;1.2147;1.21476;1.21473;1;T;True;1
1621265639000;14219777;1.21471;1.21477;1.21474;2;T;True;1
1621265640000;14219782;1.21471;1.21477;1.21474;4;T;True;1
1621265641000;14219786;1.2147;1.21476;1.21473;3;T;True;1
1621265642000;14219793;1.2147;1.21476;1.21473;6;T;True;1
1621265643000;14219796;1.21471;1.21477;1.21474;2;T;True;1
1621265644000;14219797;1.21471;1.21477;1.21474;0;T;True;1
1621265645000;14219801;1.2147;1.21476;1.21473;3;T;True;1
1621265646000;14219804;1.21472;1.21478;1.21475;2;T;True;1
1621265647000;14219805;1.21472;1.21478;1.21475;0;T;True;1
1621265648000;14219806;1.21472;1.21478;1.21475;0;T;True;1
1621265649000;14219808;1.21472;1.21478;1.21475;1;T;True;1
1621265650000;14219809;1.21472;1.21478;1.21475;0;T;True;1
1621265651000;14219811;1.21473;1.21479;1.21476;1;T;True;1
1621265652000;14219812;1.21473;1.21479;1.21476;0;T;True;1
1621265653000;14219813;1.21473;1.21479;1.21476;0;T;True;1
1621265654000;14219814;1.21473;1.21479;1.21476;0;T;True;1
1621265655000;14219815;1.21473;1.21479;1.21476;0;T;True;1
1621265656000;14219816;1.21473;1.21479;1.21476;0;T;True;1
1621265657000;14219817;1.21473;1.21479;1.21476;0;T;True;1
1621265658000;14219818;1.21473;1.21479;1.21476;0;T;True;1
1621265659000;14219819;1.21473;1.21479;1.21476;0;T;True;1
1621265660000;14219820;1.21473;1.21479;1.21476;0;T;True;1
1621265661000;14219821;1.21473;1.21479;1.21476;0;T;True;1
1621265662000;14219824;1.21472;1.21478;1.21475;2;T;True;1
1621265663000;14219827;1.21472;1.21478;1.21475;2;T;True;1
1621265664000;14219831;1.21474;1.2148;1.21477;3;T;True;1
1621265665000;14219834;1.21474;1.2148;1.21477;2;T;True;1
1621265666000;14219835;1.21474;1.2148;1.21477;0;T;True;1
1621265667000;14219838;1.21474;1.2148;1.21477;2;T;True;1
1621265668000;14219842;1.21474;1.2148;1.21477;3;T;True;1
1621265669000;14219844;1.21475;1.21481;1.21478;1;T;True;1
1621265670000;14219847;1.21475;1.21481;1.21478;2;T;True;1
1621265671000;14219853;1.21479;1.21485;1.21482;5;T;True;1
1621265672000;14219859;1.21482;1.21488;1.21485;5;T;True;1
1621265673000;14219860;1.21482;1.21488;1.21485;0;T;True;1
1621265674000;14219862;1.21482;1.21488;1.21485;1;T;True;1
1621265675000;14219863;1.21482;1.21488;1.21485;0;T;True;1
1621265676000;14219867;1.2148;1.21486;1.21483;3;T;True;1
1621265677000;14219868;1.2148;1.21486;1.21483;0;T;True;1
1621265678000;14219871;1.21479;1.21485;1.21482;2;T;True;1
1621265679000;14219872;1.21479;1.21485;1.21482;0;T;True;1
1621265680000;14219874;1.21479;1.21485;1.21482;1;T;True;1
1621265681000;14219875;1.21479;1.21485;1.21482;0;T;True;1
1621265682000;14219876;1.21479;1.21485;1.21482;0;T;True;1
1621265683000;14219877;1.21479;1.21485;1.21482;0;T;True;1
1621265684000;14219878;1.21479;1.21485;1.21482;0;T;True;1
1621265685000;14219879;1.21479;1.21485;1.21482;0;T;True;1
1621265686000;14219880;1.21479;1.21485;1.21482;0;T;True;1
1621265687000;14219881;1.21479;1.21485;1.21482;0;T;True;1
1621265688000;14219882;1.21479;1.21485;1.21482;0;T;True;1
1621265689000;14219884;1.2148;1.21486;1.21483;1;T;True;1
1621265690000;14219885;1.2148;1.21486;1.21483;0;T;True;1
1621265691000;14219887;1.21481;1.21487;1.21484;1;T;True;1
1621265692000;14219888;1.21481;1.21487;1.21484;0;T;True;1
1621265693000;14219889;1.21481;1.21487;1.21484;0;T;True;1
1621265694000;14219892;1.21478;1.21484;1.21481;2;T;True;1
1621265695000;14219893;1.21478;1.21484;1.21481;0;T;True;1
1621265696000;14219898;1.2148;1.21486;1.21483;4;T;True;1
1621265697000;14219902;1.2148;1.21486;1.21483;3;T;True;1
1621265698000;14219903;1.2148;1.21486;1.21483;0;T;True;1
1621265699000;14219905;1.2148;1.21486;1.21483;1;T;True;1
1621265700000;14219906;1.2148;1.21486;1.21483;0;T;True;1
1621265701000;14219912;1.21484;1.2149;1.21487;5;T;True;1
1621265702000;14219917;1.21484;1.2149;1.21487;4;T;True;1
1621265703000;14219928;1.21485;1.21491;1.21488;10;T;True;1
1621265704000;14219930;1.21484;1.2149;1.21487;1;T;True;1
1621265705000;14219931;1.21484;1.2149;1.21487;0;T;True;1
1621265706000;14219932;1.21484;1.2149;1.21487;0;T;True;1
1621265707000;14219939;1.21485;1.21491;1.21488;6;T;True;1
1621265708000;14219941;1.21485;1.21491;1.21488;1;T;True;1
1621265709000;14219942;1.21485;1.21491;1.21488;0;T;True;1
1621265710000;14219943;1.21485;1.21491;1.21488;0;T;True;1
1621265711000;14219944;1.21485;1.21491;1.21488;0;T;True;1
1621265712000;14219946;1.21484;1.2149;1.21487;1;T;True;1
1621265713000;14219951;1.21481;1.21487;1.21484;4;T;True;1
1621265714000;14219953;1.2148;1.21486;1.21483;1;T;True;1
1621265715000;14219954;1.2148;1.21486;1.21483;0;T;True;1
1621265716000;14219956;1.2148;1.21486;1.21483;1;T;True;1
1621265717000;14219957;1.2148;1.21486;1.21483;0;T;True;1
1621265718000;14219958;1.2148;1.21486;1.21483;0;T;True;1
1621265719000;14219962;1.2148;1.21486;1.21483;3;T;True;1
1621265720000;14219964;1.2148;1.21486;1.21483;1;T;True;1
1621265721000;14219967;1.2148;1.21486;1.21483;2;T;True;1
1621265722000;14219968;1.2148;1.21486;1.21483;0;T;True;1
1621265723000;14219969;1.2148;1.21486;1.21483;0;T;True;1
1621265724000;14219970;1.2148;1.21486;1.21483;0;T;True;1
1621265725000;14219971;1.2148;1.21486;1.21483;0;T;True;1
1621265726000;14219972;1.2148;1.21486;1.21483;0;T;True;1
1621265727000;14219974;1.2148;1.21486;1.21483;1;T;True;1
1621265728000;14219976;1.2148;1.21486;1.21483;1;T;True;1
1621265729000;14219977;1.2148;1.21486;1.21483;0;T;True;1
1621265730000;14219978;1.2148;1.21486;1.21483;0;T;True;1
1621265731000;14219979;1.2148;1.21486;1.21483;0;T;True;1
1621265732000;14219980;1.2148;1.21486;1.21483;0;T;True;1
1621265733000;14219982;1.2148;1.21486;1.21483;1;T;True;1
1621265734000;14219983;1.2148;1.21486;1.21483;0;T;True;1
1621265735000;14219989;1.2148;1.21486;1.21483;5;T;True;1
1621265736000;14219990;1.2148;1.21486;1.21483;0;T;True;1
1621265737000;14219991;1.2148;1.21486;1.21483;0;T;True;1
1621265738000;14219992;1.2148;1.21486;1.21483;0;T;True;1
1621265739000;14219993;1.2148;1.21486;1.21483;0;T;True;1
1621265740000;14219994;1.2148;1.21486;1.21483;0;T;True;1
1621265741000;14219996;1.2148;1.21486;1.21483;1;T;True;1
1621265742000;14219997;1.2148;1.21486;1.21483;0;T;True;1
1621265743000;14220001;1.21484;1.2149;1.21487;3;T;True;1
1621265744000;14220005;1.21484;1.2149;1.21487;3;T;True;1
1621265745000;14220008;1.21486;1.21492;1.21489;2;T;True;1
1621265746000;14220011;1.21486;1.21492;1.21489;2;T;True;1
1621265747000;14220014;1.21486;1.21492;1.21489;2;T;True;1
1621265748000;14220018;1.21483;1.21489;1.21486;3;T;True;1
1621265749000;14220020;1.21484;1.2149;1.21487;1;T;True;1
1621265750000;14220021;1.21484;1.2149;1.21487;0;T;True;1
1621265751000;14220022;1.21484;1.2149;1.21487;0;T;True;1
1621265752000;14220023;1.21484;1.2149;1.21487;0;T;True;1
1621265753000;14220024;1.21484;1.2149;1.21487;0;T;True;1
1621265754000;14220030;1.21486;1.21492;1.21489;5;T;True;1
1621265755000;14220031;1.21486;1.21492;1.21489;0;T;True;1
1621265756000;14220032;1.21486;1.21492;1.21489;0;T;True;1
1621265757000;14220033;1.21486;1.21492;1.21489;0;T;True;1
1621265758000;14220034;1.21486;1.21492;1.21489;0;T;True;1
1621265759000;14220035;1.21486;1.21492;1.21489;0;T;True;1
1621265760000;14220036;1.21486;1.21492;1.21489;0;T;True;1
1621265761000;14220040;1.21484;1.2149;1.21487;3;T;True;1
1621265762000;14220042;1.21484;1.2149;1.21487;1;T;True;1
1621265763000;14220047;1.21487;1.21493;1.2149;4;T;True;1
1621265764000;14220049;1.21486;1.21492;1.21489;1;T;True;1
1621265765000;14220053;1.21486;1.21492;1.21489;3;T;True;1
1621265766000;14220057;1.21484;1.2149;1.21487;3;T;True;1
1621265767000;14220061;1.21484;1.2149;1.21487;3;T;True;1
1621265768000;14220063;1.21484;1.2149;1.21487;1;T;True;1
1621265769000;14220066;1.21484;1.2149;1.21487;2;T;True;1
1621265770000;14220067;1.21484;1.2149;1.21487;0;T;True;1
1621265771000;14220068;1.21484;1.2149;1.21487;0;T;True;1
1621265772000;14220073;1.21486;1.21492;1.21489;4;T;True;1
1621265773000;14220075;1.21486;1.21492;1.21489;1;T;True;1
1621265774000;14220076;1.21486;1.21492;1.21489;0;T;True;1
1621265775000;14220077;1.21486;1.21492;1.21489;0;T;True;1
1621265776000;14220078;1.21486;1.21492;1.21489;0;T;True;1
1621265777000;14220079;1.21486;1.21492;1.21489;0;T;True;1
1621265778000;14220083;1.21488;1.21494;1.21491;3;T;True;1
1621265779000;14220085;1.21489;1.21495;1.21492;1;T;True;1
1621265780000;14220089;1.21489;1.21495;1.21492;3;T;True;1
1621265781000;14220090;1.21489;1.21495;1.21492;0;T;True;1
1621265782000;14220091;1.21489;1.21495;1.21492;0;T;True;1
1621265783000;14220092;1.21489;1.21495;1.21492;0;T;True;1
1621265784000;14220095;1.21489;1.21495;1.21492;2;T;True;1
1621265785000;14220096;1.21489;1.21495;1.21492;0;T;True;1
1621265786000;14220097;1.21489;1.21495;1.21492;0;T;True;1
1621265787000;14220099;1.21488;1.21494;1.21491;1;T;True;1
1621265788000;14220101;1.21488;1.21494;1.21491;1;T;True;1
1621265789000;14220102;1.21488;1.21494;1.21491;0;T;True;1
1621265790000;14220103;1.21488;1.21494;1.21491;0;T;True;1
1621265791000;14220105;1.21488;1.21494;1.21491;1;T;True;1
1621265792000;14220107;1.21488;1.21494;1.21491;1;T;True;1
1621265793000;14220108;1.21488;1.21494;1.21491;0;T;True;1
1621265794000;14220109;1.21488;1.21494;1.21491;0;T;True;1
1621265795000;14220110;1.21488;1.21494;1.21491;0;T;True;1
1621265796000;14220113;1.21488;1.21494;1.21491;2;T;True;1
1621265797000;14220115;1.2149;1.21496;1.21493;1;T;True;1
1621265798000;14220120;1.21492;1.21498;1.21495;4;T;True;1
1621265799000;14220124;1.21492;1.21498;1.21495;3;T;True;1
1621265800000;14220125;1.21492;1.21498;1.21495;0;T;True;1
1621265801000;14220126;1.21492;1.21498;1.21495;0;T;True;1
1621265802000;14220129;1.21492;1.21498;1.21495;2;T;True;1
1621265803000;14220133;1.21492;1.21498;1.21495;3;T;True;1
1621265804000;14220134;1.21492;1.21498;1.21495;0;T;True;1
1621265805000;14220135;1.21492;1.21498;1.21495;0;T;True;1
1621265806000;14220136;1.21492;1.21498;1.21495;0;T;True;1
1621265807000;14220137;1.21492;1.21498;1.21495;0;T;True;1
1621265808000;14220139;1.21492;1.21498;1.21495;1;T;True;1
1621265809000;14220142;1.21494;1.215;1.21497;2;T;True;1
1621265810000;14220143;1.21494;1.215;1.21497;0;T;True;1
1621265811000;14220144;1.21494;1.215;1.21497;0;T;True;1
1621265812000;14220145;1.21494;1.215;1.21497;0;T;True;1
1621265813000;14220146;1.21494;1.215;1.21497;0;T;True;1
1621265814000;14220149;1.21492;1.21498;1.21495;2;T;True;1
1621265815000;14220150;1.21492;1.21498;1.21495;0;T;True;1
1621265816000;14220154;1.21492;1.21498;1.21495;3;T;True;1
1621265817000;14220156;1.21492;1.21498;1.21495;1;T;True;1
1621265818000;14220157;1.21492;1.21498;1.21495;0;T;True;1
1621265819000;14220158;1.21492;1.21498;1.21495;0;T;True;1
1621265820000;14220159;1.21492;1.21498;1.21495;0;T;True;1
1621265821000;14220164;1.21492;1.21498;1.21495;4;T;True;1
1621265822000;14220168;1.21494;1.215;1.21497;3;T;True;1
1621265823000;14220174;1.21494;1.215;1.21497;5;T;True;1
1621265824000;14220175;1.21494;1.215;1.21497;0;T;True;1
1621265825000;14220176;1.21494;1.215;1.21497;0;T;True;1
1621265826000;14220178;1.21495;1.21501;1.21498;1;T;True;1
1621265827000;14220182;1.21492;1.21498;1.21495;3;T;True;1
1621265828000;14220184;1.21492;1.21498;1.21495;1;T;True;1
1621265829000;14220186;1.21492;1.21498;1.21495;1;T;True;1
1621265830000;14220187;1.21492;1.21498;1.21495;0;T;True;1
1621265831000;14220188;1.21492;1.21498;1.21495;0;T;True;1
1621265832000;14220190;1.21492;1.21498;1.21495;1;T;True;1
1621265833000;14220191;1.21492;1.21498;1.21495;0;T;True;1
1621265834000;14220194;1.21492;1.21498;1.21495;2;T;True;1
1621265835000;14220197;1.2149;1.21496;1.21493;2;T;True;1
1621265836000;14220200;1.21491;1.21497;1.21494;2;T;True;1
1621265837000;14220201;1.21491;1.21497;1.21494;0;T;True;1
1621265838000;14220208;1.2149;1.21496;1.21493;6;T;True;1
1621265839000;14220211;1.21489;1.21495;1.21492;2;T;True;1
1621265840000;14220213;1.2149;1.21496;1.21493;1;T;True;1
1621265841000;14220215;1.2149;1.21496;1.21493;1;T;True;1
1621265842000;14220216;1.2149;1.21496;1.21493;0;T;True;1
1621265843000;14220217;1.2149;1.21496;1.21493;0;T;True;1
1621265844000;14220220;1.21492;1.21498;1.21495;2;T;True;1
1621265845000;14220221;1.21492;1.21498;1.21495;0;T;True;1
1621265846000;14220223;1.21491;1.21497;1.21494;1;T;True;1
1621265847000;14220224;1.21491;1.21497;1.21494;0;T;True;1
1621265848000;14220225;1.21491;1.21497;1.21494;0;T;True;1
1621265849000;14220226;1.21491;1.21497;1.21494;0;T;True;1
1621265850000;14220228;1.21492;1.21498;1.21495;1;T;True;1
1621265851000;14220229;1.21492;1.21498;1.21495;0;T;True;1
1621265852000;14220231;1.21492;1.21498;1.21495;1;T;True;1
1621265853000;14220233;1.21492;1.21498;1.21495;1;T;True;1
1621265854000;14220234;1.21492;1.21498;1.21495;0;T;True;1
1621265855000;14220235;1.21492;1.21498;1.21495;0;T;True;1
1621265856000;14220237;1.21492;1.21498;1.21495;1;T;True;1
1621265857000;14220238;1.21492;1.21498;1.21495;0;T;True;1
1621265858000;14220239;1.21492;1.21498;1.21495;0;T;True;1
1621265859000;14220240;1.21492;1.21498;1.21495;0;T;True;1
1621265860000;14220244;1.21494;1.215;1.21497;3;T;True;1
1621265861000;14220245;1.21494;1.215;1.21497;0;T;True;1
1621265862000;14220246;1.21494;1.215;1.21497;0;T;True;1
1621265863000;14220249;1.21492;1.21498;1.21495;2;T;True;1
1621265864000;14220250;1.21492;1.21498;1.21495;0;T;True;1
1621265865000;14220254;1.21492;1.21498;1.21495;3;T;True;1
1621265866000;14220255;1.21492;1.21498;1.21495;0;T;True;1
1621265867000;14220256;1.21492;1.21498;1.21495;0;T;True;1
1621265868000;14220258;1.21493;1.21499;1.21496;1;T;True;1
1621265869000;14220259;1.21493;1.21499;1.21496;0;T;True;1
1621265870000;14220260;1.21493;1.21499;1.21496;0;T;True;1
1621265871000;14220262;1.21494;1.215;1.21497;1;T;True;1
1621265872000;14220263;1.21494;1.215;1.21497;0;T;True;1
1621265873000;14220264;1.21494;1.215;1.21497;0;T;True;1
1621265874000;14220266;1.21493;1.21499;1.21496;1;T;True;1
1621265875000;14220267;1.21493;1.21499;1.21496;0;T;True;1
1621265876000;14220268;1.21493;1.21499;1.21496;0;T;True;1
1621265877000;14220270;1.21494;1.215;1.21497;1;T;True;1
1621265878000;14220273;1.21495;1.21501;1.21498;2;T;True;1
1621265879000;14220278;1.21498;1.21504;1.21501;4;T;True;1
1621265880000;14220280;1.21499;1.21505;1.21502;1;T;True;1
1621265881000;14220282;1.215;1.21506;1.21503;1;T;True;1
1621265882000;14220283;1.215;1.21506;1.21503;0;T;True;1
1621265883000;14220284;1.215;1.21506;1.21503;0;T;True;1
1621265884000;14220286;1.215;1.21506;1.21503;1;T;True;1
1621265885000;14220287;1.215;1.21506;1.21503;0;T;True;1
1621265886000;14220289;1.215;1.21506;1.21503;1;T;True;1
1621265887000;14220293;1.21494;1.215;1.21497;3;T;True;1
1621265888000;14220294;1.21494;1.215;1.21497;0;T;True;1
1621265889000;14220296;1.21494;1.215;1.21497;1;T;True;1
1621265890000;14220298;1.21494;1.215;1.21497;1;T;True;1
1621265891000;14220301;1.21496;1.21502;1.21499;2;T;True;1
1621265892000;14220303;1.21495;1.21501;1.21498;1;T;True;1
1621265893000;14220307;1.21494;1.215;1.21497;3;T;True;1
1621265894000;14220308;1.21494;1.215;1.21497;0;T;True;1
1621265895000;14220309;1.21494;1.215;1.21497;0;T;True;1
1621265896000;14220310;1.21494;1.215;1.21497;0;T;True;1
1621265897000;14220314;1.21493;1.21499;1.21496;3;T;True;1
1621265898000;14220316;1.21492;1.21498;1.21495;1;T;True;1
1621265899000;14220320;1.21492;1.21498;1.21495;3;T;True;1
1621265900000;14220322;1.21492;1.21498;1.21495;1;T;True;1
1621265901000;14220328;1.21488;1.21494;1.21491;5;T;True;1
1621265902000;14220330;1.21487;1.21493;1.2149;1;T;True;1
1621265903000;14220333;1.21486;1.21492;1.21489;2;T;True;1
1621265904000;14220335;1.21485;1.21491;1.21488;1;T;True;1
1621265905000;14220336;1.21485;1.21491;1.21488;0;T;True;1
1621265906000;14220338;1.21486;1.21492;1.21489;1;T;True;1
1621265907000;14220340;1.21486;1.21492;1.21489;1;T;True;1
1621265908000;14220341;1.21486;1.21492;1.21489;0;T;True;1
1621265909000;14220347;1.21485;1.21491;1.21488;5;T;True;1
1621265910000;14220349;1.21486;1.21492;1.21489;1;T;True;1
1621265911000;14220352;1.21486;1.21492;1.21489;2;T;True;1
1621265912000;14220356;1.21485;1.21491;1.21488;3;T;True;1
1621265913000;14220357;1.21485;1.21491;1.21488;0;T;True;1
1621265914000;14220358;1.21485;1.21491;1.21488;0;T;True;1
1621265915000;14220359;1.21485;1.21491;1.21488;0;T;True;1
1621265916000;14220361;1.21486;1.21492;1.21489;1;T;True;1
1621265917000;14220362;1.21486;1.21492;1.21489;0;T;True;1
1621265918000;14220363;1.21486;1.21492;1.21489;0;T;True;1
1621265919000;14220364;1.21486;1.21492;1.21489;0;T;True;1
1621265920000;14220366;1.21486;1.21492;1.21489;1;T;True;1
1621265921000;14220368;1.21486;1.21492;1.21489;1;T;True;1
1621265922000;14220369;1.21486;1.21492;1.21489;0;T;True;1
1621265923000;14220372;1.21488;1.21494;1.21491;2;T;True;1
1621265924000;14220373;1.21488;1.21494;1.21491;0;T;True;1
1621265925000;14220374;1.21488;1.21494;1.21491;0;T;True;1
1621265926000;14220376;1.21488;1.21494;1.21491;1;T;True;1
1621265927000;14220379;1.21485;1.21491;1.21488;2;T;True;1
1621265928000;14220380;1.21485;1.21491;1.21488;0;T;True;1
1621265929000;14220382;1.21486;1.21492;1.21489;1;T;True;1
1621265930000;14220387;1.21487;1.21493;1.2149;4;T;True;1
1621265931000;14220388;1.21487;1.21493;1.2149;0;T;True;1
1621265932000;14220389;1.21487;1.21493;1.2149;0;T;True;1
1621265933000;14220390;1.21487;1.21493;1.2149;0;T;True;1
1621265934000;14220391;1.21487;1.21493;1.2149;0;T;True;1
1621265935000;14220392;1.21487;1.21493;1.2149;0;T;True;1
1621265936000;14220393;1.21487;1.21493;1.2149;0;T;True;1
1621265937000;14220397;1.21489;1.21495;1.21492;3;T;True;1
1621265938000;14220398;1.21489;1.21495;1.21492;0;T;True;1
1621265939000;14220399;1.21489;1.21495;1.21492;0;T;True;1
1621265940000;14220400;1.21489;1.21495;1.21492;0;T;True;1
1621265941000;14220403;1.21488;1.21494;1.21491;2;T;True;1
1621265942000;14220407;1.21486;1.21492;1.21489;3;T;True;1
1621265943000;14220408;1.21486;1.21492;1.21489;0;T;True;1
1621265944000;14220411;1.21486;1.21492;1.21489;2;T;True;1
1621265945000;14220414;1.21485;1.21491;1.21488;2;T;True;1
1621265946000;14220415;1.21485;1.21491;1.21488;0;T;True;1
1621265947000;14220421;1.21483;1.21489;1.21486;5;T;True;1
1621265948000;14220425;1.21484;1.2149;1.21487;3;T;True;1
1621265949000;14220427;1.21483;1.21489;1.21486;1;T;True;1
1621265950000;14220429;1.21482;1.21488;1.21485;1;T;True;1
1621265951000;14220431;1.21482;1.21488;1.21485;1;T;True;1
1621265952000;14220433;1.21482;1.21488;1.21485;1;T;True;1
1621265953000;14220434;1.21482;1.21488;1.21485;0;T;True;1
1621265954000;14220435;1.21482;1.21488;1.21485;0;T;True;1
1621265955000;14220436;1.21482;1.21488;1.21485;0;T;True;1
1621265956000;14220437;1.21482;1.21488;1.21485;0;T;True;1
1621265957000;14220440;1.21481;1.21487;1.21484;2;T;True;1
1621265958000;14220441;1.21481;1.21487;1.21484;0;T;True;1
1621265959000;14220443;1.21481;1.21487;1.21484;1;T;True;1
1621265960000;14220444;1.21481;1.21487;1.21484;0;T;True;1
1621265961000;14220448;1.21482;1.21488;1.21485;3;T;True;1
1621265962000;14220450;1.21482;1.21488;1.21485;1;T;True;1
1621265963000;14220455;1.21484;1.2149;1.21487;4;T;True;1
1621265964000;14220456;1.21484;1.2149;1.21487;0;T;True;1
1621265965000;14220457;1.21484;1.2149;1.21487;0;T;True;1
1621265966000;14220459;1.21485;1.21491;1.21488;1;T;True;1
1621265967000;14220461;1.21485;1.21491;1.21488;1;T;True;1
1621265968000;14220463;1.21484;1.2149;1.21487;1;T;True;1
1621265969000;14220464;1.21484;1.2149;1.21487;0;T;True;1
1621265970000;14220465;1.21484;1.2149;1.21487;0;T;True;1
1621265971000;14220466;1.21484;1.2149;1.21487;0;T;True;1
1621265972000;14220467;1.21484;1.2149;1.21487;0;T;True;1
1621265973000;14220468;1.21484;1.2149;1.21487;0;T;True;1
1621265974000;14220469;1.21484;1.2149;1.21487;0;T;True;1
1621265975000;14220470;1.21484;1.2149;1.21487;0;T;True;1
1621265976000;14220471;1.21484;1.2149;1.21487;0;T;True;1
1621265977000;14220473;1.21484;1.2149;1.21487;1;T;True;1
1621265978000;14220478;1.21481;1.21487;1.21484;4;T;True;1
1621265979000;14220480;1.2148;1.21486;1.21483;1;T;True;1
1621265980000;14220481;1.2148;1.21486;1.21483;0;T;True;1
1621265981000;14220482;1.2148;1.21486;1.21483;0;T;True;1
1621265982000;14220485;1.2148;1.21486;1.21483;2;T;True;1
1621265983000;14220487;1.2148;1.21486;1.21483;1;T;True;1
1621265984000;14220490;1.21476;1.21482;1.21479;2;T;True;1
1621265985000;14220491;1.21476;1.21482;1.21479;0;T;True;1
1621265986000;14220492;1.21476;1.21482;1.21479;0;T;True;1
1621265987000;14220493;1.21476;1.21482;1.21479;0;T;True;1
1621265988000;14220496;1.21476;1.21482;1.21479;2;T;True;1
1621265989000;14220497;1.21476;1.21482;1.21479;0;T;True;1
1621265990000;14220498;1.21476;1.21482;1.21479;0;T;True;1
1621265991000;14220499;1.21476;1.21482;1.21479;0;T;True;1
1621265992000;14220500;1.21476;1.21482;1.21479;0;T;True;1
1621265993000;14220501;1.21476;1.21482;1.21479;0;T;True;1
1621265994000;14220502;1.21476;1.21482;1.21479;0;T;True;1
1621265995000;14220503;1.21476;1.21482;1.21479;0;T;True;1
1621265996000;14220504;1.21476;1.21482;1.21479;0;T;True;1
1621265997000;14220507;1.21474;1.2148;1.21477;2;T;True;1
1621265998000;14220509;1.21474;1.2148;1.21477;1;T;True;1
1621265999000;14220511;1.21475;1.21481;1.21478;1;T;True;1
1621266000000;14220512;1.21475;1.21481;1.21478;0;T;True;1
1621266001000;14220513;1.21475;1.21481;1.21478;0;T;True;1
1621266002000;14220514;1.21475;1.21481;1.21478;0;T;True;1
1621266003000;14220520;1.2148;1.21486;1.21483;5;T;True;1
1621266004000;14220524;1.21483;1.21489;1.21486;3;T;True;1
1621266005000;14220525;1.21483;1.21489;1.21486;0;T;True;1
1621266006000;14220526;1.21483;1.21489;1.21486;0;T;True;1
1621266007000;14220527;1.21483;1.21489;1.21486;0;T;True;1
1621266008000;14220533;1.2148;1.21486;1.21483;5;T;True;1
1621266009000;14220534;1.2148;1.21486;1.21483;0;T;True;1
1621266010000;14220535;1.2148;1.21486;1.21483;0;T;True;1
1621266011000;14220537;1.2148;1.21486;1.21483;1;T;True;1
1621266012000;14220538;1.2148;1.21486;1.21483;0;T;True;1
1621266013000;14220539;1.2148;1.21486;1.21483;0;T;True;1
1621266014000;14220540;1.2148;1.21486;1.21483;0;T;True;1
1621266015000;14220544;1.21482;1.21488;1.21485;3;T;True;1
1621266016000;14220546;1.21482;1.21488;1.21485;1;T;True;1
1621266017000;14220548;1.21482;1.21488;1.21485;1;T;True;1
1621266018000;14220549;1.21482;1.21488;1.21485;0;T;True;1
1621266019000;14220550;1.21482;1.21488;1.21485;0;T;True;1
1621266020000;14220551;1.21482;1.21488;1.21485;0;T;True;1
1621266021000;14220552;1.21482;1.21488;1.21485;0;T;True;1
1621266022000;14220553;1.21482;1.21488;1.21485;0;T;True;1
1621266023000;14220555;1.21482;1.21488;1.21485;1;T;True;1
1621266024000;14220556;1.21482;1.21488;1.21485;0;T;True;1
1621266025000;14220557;1.21482;1.21488;1.21485;0;T;True;1
1621266026000;14220559;1.21482;1.21488;1.21485;1;T;True;1
1621266027000;14220560;1.21482;1.21488;1.21485;0;T;True;1
1621266028000;14220561;1.21482;1.21488;1.21485;0;T;True;1
1621266029000;14220565;1.21485;1.21491;1.21488;3;T;True;1
1621266030000;14220566;1.21485;1.21491;1.21488;0;T;True;1
1621266031000;14220568;1.21486;1.21492;1.21489;1;T;True;1
1621266032000;14220569;1.21486;1.21492;1.21489;0;T;True;1
1621266033000;14220570;1.21486;1.21492;1.21489;0;T;True;1
1621266034000;14220571;1.21486;1.21492;1.21489;0;T;True;1
1621266035000;14220572;1.21486;1.21492;1.21489;0;T;True;1
1621266036000;14220573;1.21486;1.21492;1.21489;0;T;True;1
1621266037000;14220574;1.21486;1.21492;1.21489;0;T;True;1
1621266038000;14220575;1.21486;1.21492;1.21489;0;T;True;1
1621266039000;14220576;1.21486;1.21492;1.21489;0;T;True;1
1621266040000;14220577;1.21486;1.21492;1.21489;0;T;True;1
1621266041000;14220578;1.21486;1.21492;1.21489;0;T;True;1
1621266042000;14220579;1.21486;1.21492;1.21489;0;T;True;1
1621266043000;14220580;1.21486;1.21492;1.21489;0;T;True;1
1621266044000;14220581;1.21486;1.21492;1.21489;0;T;True;1
1621266045000;14220582;1.21486;1.21492;1.21489;0;T;True;1
1621266046000;14220588;1.21483;1.21489;1.21486;5;T;True;1
1621266047000;14220592;1.21482;1.21488;1.21485;3;T;True;1
1621266048000;14220593;1.21482;1.21488;1.21485;0;T;True;1
1621266049000;14220594;1.21482;1.21488;1.21485;0;T;True;1
1621266050000;14220595;1.21482;1.21488;1.21485;0;T;True;1
1621266051000;14220596;1.21482;1.21488;1.21485;0;T;True;1
1621266052000;14220599;1.21482;1.21488;1.21485;2;T;True;1
1621266053000;14220600;1.21482;1.21488;1.21485;0;T;True;1
1621266054000;14220601;1.21482;1.21488;1.21485;0;T;True;1
1621266055000;14220602;1.21482;1.21488;1.21485;0;T;True;1
1621266056000;14220603;1.21482;1.21488;1.21485;0;T;True;1
1621266057000;14220604;1.21482;1.21488;1.21485;0;T;True;1
1621266058000;14220607;1.21482;1.21488;1.21485;2;T;True;1
1621266059000;14220608;1.21482;1.21488;1.21485;0;T;True;1
1621266060000;14220613;1.21482;1.21488;1.21485;4;T;True;1
1621266061000;14220614;1.21482;1.21488;1.21485;0;T;True;1
1621266062000;14220616;1.21482;1.21488;1.21485;1;T;True;1
1621266063000;14220618;1.21482;1.21488;1.21485;1;T;True;1
1621266064000;14220621;1.21482;1.21488;1.21485;2;T;True;1
1621266065000;14220622;1.21482;1.21488;1.21485;0;T;True;1
1621266066000;14220623;1.21482;1.21488;1.21485;0;T;True;1
1621266067000;14220624;1.21482;1.21488;1.21485;0;T;True;1
1621266068000;14220628;1.21482;1.21488;1.21485;3;T;True;1
1621266069000;14220629;1.21482;1.21488;1.21485;0;T;True;1
1621266070000;14220634;1.2148;1.21486;1.21483;4;T;True;1
1621266071000;14220636;1.2148;1.21486;1.21483;1;T;True;1
1621266072000;14220638;1.2148;1.21486;1.21483;1;T;True;1
1621266073000;14220646;1.21483;1.21489;1.21486;7;T;True;1
1621266074000;14220649;1.21482;1.21488;1.21485;2;T;True;1
1621266075000;14220654;1.2148;1.21486;1.21483;4;T;True;1
1621266076000;14220656;1.2148;1.21486;1.21483;1;T;True;1
1621266077000;14220657;1.2148;1.21486;1.21483;0;T;True;1
1621266078000;14220659;1.2148;1.21486;1.21483;1;T;True;1
1621266079000;14220660;1.2148;1.21486;1.21483;0;T;True;1
1621266080000;14220661;1.2148;1.21486;1.21483;0;T;True;1
1621266081000;14220662;1.2148;1.21486;1.21483;0;T;True;1
1621266082000;14220663;1.2148;1.21486;1.21483;0;T;True;1
1621266083000;14220664;1.2148;1.21486;1.21483;0;T;True;1
1621266084000;14220665;1.2148;1.21486;1.21483;0;T;True;1
1621266085000;14220668;1.2148;1.21486;1.21483;2;T;True;1
1621266086000;14220671;1.2148;1.21486;1.21483;2;T;True;1
1621266087000;14220674;1.21482;1.21488;1.21485;2;T;True;1
1621266088000;14220675;1.21482;1.21488;1.21485;0;T;True;1
1621266089000;14220679;1.21482;1.21488;1.21485;3;T;True;1
1621266090000;14220680;1.21482;1.21488;1.21485;0;T;True;1
1621266091000;14220681;1.21482;1.21488;1.21485;0;T;True;1
1621266092000;14220682;1.21482;1.21488;1.21485;0;T;True;1
1621266093000;14220686;1.21482;1.21488;1.21485;3;T;True;1
1621266094000;14220688;1.21483;1.21489;1.21486;1;T;True;1
1621266095000;14220690;1.21484;1.2149;1.21487;1;T;True;1
1621266096000;14220692;1.21484;1.2149;1.21487;1;T;True;1
1621266097000;14220696;1.21484;1.2149;1.21487;3;T;True;1
1621266098000;14220698;1.21484;1.2149;1.21487;1;T;True;1
1621266099000;14220705;1.21484;1.2149;1.21487;6;T;True;1
1621266100000;14220709;1.21484;1.2149;1.21487;3;T;True;1
1621266101000;14220711;1.21484;1.2149;1.21487;1;T;True;1
1621266102000;14220713;1.21484;1.2149;1.21487;1;T;True;1
1621266103000;14220714;1.21484;1.2149;1.21487;0;T;True;1
1621266104000;14220715;1.21484;1.2149;1.21487;0;T;True;1
1621266105000;14220716;1.21484;1.2149;1.21487;0;T;True;1
1621266106000;14220717;1.21484;1.2149;1.21487;0;T;True;1
1621266107000;14220718;1.21484;1.2149;1.21487;0;T;True;1
1621266108000;14220719;1.21484;1.2149;1.21487;0;T;True;1
1621266109000;14220720;1.21484;1.2149;1.21487;0;T;True;1
1621266110000;14220723;1.21484;1.2149;1.21487;2;T;True;1
1621266111000;14220729;1.21482;1.21488;1.21485;5;T;True;1
1621266112000;14220730;1.21482;1.21488;1.21485;0;T;True;1
1621266113000;14220732;1.21482;1.21488;1.21485;1;T;True;1
1621266114000;14220734;1.21482;1.21488;1.21485;1;T;True;1
1621266115000;14220735;1.21482;1.21488;1.21485;0;T;True;1
1621266116000;14220736;1.21482;1.21488;1.21485;0;T;True;1
1621266117000;14220739;1.21484;1.2149;1.21487;2;T;True;1
1621266118000;14220740;1.21484;1.2149;1.21487;0;T;True;1
1621266119000;14220742;1.21484;1.2149;1.21487;1;T;True;1
1621266120000;14220744;1.21484;1.2149;1.21487;1;T;True;1
1621266121000;14220746;1.21484;1.2149;1.21487;1;T;True;1
1621266122000;14220748;1.21483;1.21489;1.21486;1;T;True;1
1621266123000;14220749;1.21483;1.21489;1.21486;0;T;True;1
1621266124000;14220751;1.21484;1.2149;1.21487;1;T;True;1
1621266125000;14220752;1.21484;1.2149;1.21487;0;T;True;1
1621266126000;14220755;1.21484;1.2149;1.21487;2;T;True;1
1621266127000;14220756;1.21484;1.2149;1.21487;0;T;True;1
1621266128000;14220757;1.21484;1.2149;1.21487;0;T;True;1
1621266129000;14220758;1.21484;1.2149;1.21487;0;T;True;1
1621266130000;14220760;1.21485;1.21491;1.21488;1;T;True;1
1621266131000;14220761;1.21485;1.21491;1.21488;0;T;True;1
1621266132000;14220763;1.21485;1.21491;1.21488;1;T;True;1
1621266133000;14220764;1.21485;1.21491;1.21488;0;T;True;1
1621266134000;14220765;1.21485;1.21491;1.21488;0;T;True;1
1621266135000;14220766;1.21485;1.21491;1.21488;0;T;True;1
1621266136000;14220775;1.21494;1.215;1.21497;8;T;True;1
1621266137000;14220782;1.21491;1.21497;1.21494;6;T;True;1
1621266138000;14220785;1.2149;1.21496;1.21493;2;T;True;1
1621266139000;14220788;1.21492;1.21498;1.21495;2;T;True;1
1621266140000;14220790;1.2149;1.21496;1.21493;1;T;True;1
1621266141000;14220791;1.2149;1.21496;1.21493;0;T;True;1
1621266142000;14220793;1.2149;1.21496;1.21493;1;T;True;1
1621266143000;14220794;1.2149;1.21496;1.21493;0;T;True;1
1621266144000;14220795;1.2149;1.21496;1.21493;0;T;True;1
1621266145000;14220796;1.2149;1.21496;1.21493;0;T;True;1
1621266146000;14220797;1.2149;1.21496;1.21493;0;T;True;1
1621266147000;14220798;1.2149;1.21496;1.21493;0;T;True;1
1621266148000;14220799;1.2149;1.21496;1.21493;0;T;True;1
1621266149000;14220801;1.2149;1.21496;1.21493;1;T;True;1
1621266150000;14220806;1.21493;1.21499;1.21496;4;T;True;1
1621266151000;14220808;1.21494;1.215;1.21497;1;T;True;1
1621266152000;14220810;1.21494;1.215;1.21497;1;T;True;1
1621266153000;14220812;1.21494;1.215;1.21497;1;T;True;1
1621266154000;14220813;1.21494;1.215;1.21497;0;T;True;1
1621266155000;14220814;1.21494;1.215;1.21497;0;T;True;1
1621266156000;14220815;1.21494;1.215;1.21497;0;T;True;1
1621266157000;14220820;1.21492;1.21498;1.21495;4;T;True;1
1621266158000;14220824;1.21494;1.215;1.21497;3;T;True;1
1621266159000;14220825;1.21494;1.215;1.21497;0;T;True;1
1621266160000;14220828;1.21494;1.215;1.21497;2;T;True;1
1621266161000;14220830;1.21494;1.215;1.21497;1;T;True;1
1621266162000;14220833;1.21492;1.21498;1.21495;2;T;True;1
1621266163000;14220834;1.21492;1.21498;1.21495;0;T;True;1
1621266164000;14220838;1.2149;1.21496;1.21493;3;T;True;1
1621266165000;14220839;1.2149;1.21496;1.21493;0;T;True;1
1621266166000;14220840;1.2149;1.21496;1.21493;0;T;True;1
1621266167000;14220841;1.2149;1.21496;1.21493;0;T;True;1
1621266168000;14220842;1.2149;1.21496;1.21493;0;T;True;1
1621266169000;14220843;1.2149;1.21496;1.21493;0;T;True;1
1621266170000;14220844;1.2149;1.21496;1.21493;0;T;True;1
1621266171000;14220847;1.2149;1.21496;1.21493;2;T;True;1
1621266172000;14220851;1.21492;1.21498;1.21495;3;T;True;1
1621266173000;14220853;1.21494;1.215;1.21497;1;T;True;1
1621266174000;14220855;1.21494;1.215;1.21497;1;T;True;1
1621266175000;14220859;1.21494;1.215;1.21497;3;T;True;1
1621266176000;14220863;1.21494;1.215;1.21497;3;T;True;1
1621266177000;14220865;1.21495;1.21501;1.21498;1;T;True;1
1621266178000;14220869;1.21496;1.21502;1.21499;3;T;True;1
1621266179000;14220878;1.21498;1.21504;1.21501;8;T;True;1
1621266180000;14220880;1.21498;1.21504;1.21501;1;T;True;1
1621266181000;14220882;1.21498;1.21504;1.21501;1;T;True;1
1621266182000;14220887;1.21502;1.21508;1.21505;4;T;True;1
1621266183000;14220888;1.21502;1.21508;1.21505;0;T;True;1
1621266184000;14220893;1.21502;1.21508;1.21505;4;T;True;1
1621266185000;14220894;1.21502;1.21508;1.21505;0;T;True;1
1621266186000;14220897;1.21502;1.21508;1.21505;2;T;True;1
1621266187000;14220899;1.21502;1.21508;1.21505;1;T;True;1
1621266188000;14220906;1.21504;1.2151;1.21507;6;T;True;1
1621266189000;14220907;1.21504;1.2151;1.21507;0;T;True;1
1621266190000;14220908;1.21504;1.2151;1.21507;0;T;True;1
1621266191000;14220909;1.21504;1.2151;1.21507;0;T;True;1
1621266192000;14220910;1.21504;1.2151;1.21507;0;T;True;1
1621266193000;14220915;1.21504;1.2151;1.21507;4;T;True;1
1621266194000;14220920;1.21502;1.21508;1.21505;4;T;True;1
1621266195000;14220922;1.21501;1.21507;1.21504;1;T;True;1
1621266196000;14220924;1.21502;1.21508;1.21505;1;T;True;1
1621266197000;14220929;1.21498;1.21504;1.21501;4;T;True;1
1621266198000;14220932;1.21497;1.21503;1.215;2;T;True;1
1621266199000;14220936;1.21496;1.21502;1.21499;3;T;True;1
1621266200000;14220939;1.21494;1.215;1.21497;2;T;True;1
1621266201000;14220941;1.21494;1.215;1.21497;1;T;True;1
1621266202000;14220944;1.21494;1.215;1.21497;2;T;True;1
1621266203000;14220946;1.21492;1.21498;1.21495;1;T;True;1
1621266204000;14220948;1.21492;1.21498;1.21495;1;T;True;1
1621266205000;14220949;1.21492;1.21498;1.21495;0;T;True;1
1621266206000;14220950;1.21492;1.21498;1.21495;0;T;True;1
1621266207000;14220951;1.21492;1.21498;1.21495;0;T;True;1
1621266208000;14220954;1.21494;1.215;1.21497;2;T;True;1
1621266209000;14220957;1.21495;1.21501;1.21498;2;T;True;1
1621266210000;14220962;1.21495;1.21501;1.21498;4;T;True;1
1621266211000;14220963;1.21495;1.21501;1.21498;0;T;True;1
1621266212000;14220964;1.21495;1.21501;1.21498;0;T;True;1
1621266213000;14220967;1.215;1.21506;1.21503;2;T;True;1
1621266214000;14220969;1.215;1.21506;1.21503;1;T;True;1
1621266215000;14220970;1.215;1.21506;1.21503;0;T;True;1
1621266216000;14220971;1.215;1.21506;1.21503;0;T;True;1
1621266217000;14220972;1.215;1.21506;1.21503;0;T;True;1
1621266218000;14220973;1.215;1.21506;1.21503;0;T;True;1
1621266219000;14220974;1.215;1.21506;1.21503;0;T;True;1
1621266220000;14220975;1.215;1.21506;1.21503;0;T;True;1
1621266221000;14220976;1.215;1.21506;1.21503;0;T;True;1
1621266222000;14220978;1.215;1.21506;1.21503;1;T;True;1
1621266223000;14220979;1.215;1.21506;1.21503;0;T;True;1
1621266224000;14220981;1.215;1.21506;1.21503;1;T;True;1
1621266225000;14220985;1.215;1.21506;1.21503;3;T;True;1
1621266226000;14220987;1.215;1.21506;1.21503;1;T;True;1
1621266227000;14220990;1.21504;1.2151;1.21507;2;T;True;1
1621266228000;14220992;1.21504;1.2151;1.21507;1;T;True;1
1621266229000;14220994;1.21504;1.2151;1.21507;1;T;True;1
1621266230000;14220998;1.21502;1.21508;1.21505;3;T;True;1
1621266231000;14221003;1.21503;1.21509;1.21506;4;T;True;1
1621266232000;14221006;1.21503;1.21509;1.21506;2;T;True;1
1621266233000;14221009;1.21501;1.21507;1.21504;2;T;True;1
1621266234000;14221010;1.21501;1.21507;1.21504;0;T;True;1
1621266235000;14221011;1.21501;1.21507;1.21504;0;T;True;1
1621266236000;14221012;1.21501;1.21507;1.21504;0;T;True;1
1621266237000;14221013;1.21501;1.21507;1.21504;0;T;True;1
1621266238000;14221014;1.21501;1.21507;1.21504;0;T;True;1
1621266239000;14221015;1.21501;1.21507;1.21504;0;T;True;1
1621266240000;14221017;1.21501;1.21507;1.21504;1;T;True;1
1621266241000;14221022;1.21504;1.2151;1.21507;4;T;True;1
1621266242000;14221025;1.21506;1.21512;1.21509;2;T;True;1
1621266243000;14221026;1.21506;1.21512;1.21509;0;T;True;1
1621266244000;14221027;1.21506;1.21512;1.21509;0;T;True;1
1621266245000;14221030;1.21504;1.2151;1.21507;2;T;True;1
1621266246000;14221032;1.21504;1.2151;1.21507;1;T;True;1
1621266247000;14221036;1.21508;1.21514;1.21511;3;T;True;1
1621266248000;14221038;1.21508;1.21514;1.21511;1;T;True;1
1621266249000;14221039;1.21508;1.21514;1.21511;0;T;True;1
1621266250000;14221041;1.21508;1.21514;1.21511;1;T;True;1
1621266251000;14221045;1.21507;1.21513;1.2151;3;T;True;1
1621266252000;14221047;1.21506;1.21512;1.21509;1;T;True;1
1621266253000;14221052;1.21507;1.21513;1.2151;4;T;True;1
1621266254000;14221054;1.21507;1.21513;1.2151;1;T;True;1
1621266255000;14221055;1.21507;1.21513;1.2151;0;T;True;1
1621266256000;14221058;1.21508;1.21514;1.21511;2;T;True;1
1621266257000;14221059;1.21508;1.21514;1.21511;0;T;True;1
1621266258000;14221061;1.21508;1.21514;1.21511;1;T;True;1
1621266259000;14221063;1.21509;1.21515;1.21512;1;T;True;1
1621266260000;14221066;1.21509;1.21515;1.21512;2;T;True;1
1621266261000;14221070;1.21511;1.21517;1.21514;3;T;True;1
1621266262000;14221071;1.21511;1.21517;1.21514;0;T;True;1
1621266263000;14221072;1.21511;1.21517;1.21514;0;T;True;1
1621266264000;14221075;1.21511;1.21517;1.21514;2;T;True;1
1621266265000;14221076;1.21511;1.21517;1.21514;0;T;True;1
1621266266000;14221079;1.21512;1.21518;1.21515;2;T;True;1
1621266267000;14221080;1.21512;1.21518;1.21515;0;T;True;1
1621266268000;14221081;1.21512;1.21518;1.21515;0;T;True;1
1621266269000;14221083;1.21512;1.21518;1.21515;1;T;True;1
1621266270000;14221086;1.2151;1.21516;1.21513;2;T;True;1
1621266271000;14221087;1.2151;1.21516;1.21513;0;T;True;1
1621266272000;14221089;1.2151;1.21516;1.21513;1;T;True;1
1621266273000;14221093;1.21511;1.21517;1.21514;3;T;True;1
1621266274000;14221098;1.21512;1.21518;1.21515;4;T;True;1
1621266275000;14221105;1.2152;1.21526;1.21523;6;T;True;1
1621266276000;14221108;1.21518;1.21524;1.21521;2;T;True;1
1621266277000;14221113;1.21514;1.2152;1.21517;4;T;True;1
1621266278000;14221115;1.21515;1.21521;1.21518;1;T;True;1
1621266279000;14221120;1.21512;1.21518;1.21515;4;T;True;1
1621266280000;14221123;1.21512;1.21518;1.21515;2;T;True;1
1621266281000;14221124;1.21512;1.21518;1.21515;0;T;True;1
1621266282000;14221128;1.21512;1.21518;1.21515;3;T;True;1
1621266283000;14221132;1.2151;1.21516;1.21513;3;T;True;1
1621266284000;14221135;1.21512;1.21518;1.21515;2;T;True;1
1621266285000;14221139;1.21511;1.21517;1.21514;3;T;True;1
1621266286000;14221143;1.21507;1.21513;1.2151;3;T;True;1
1621266287000;14221145;1.21508;1.21514;1.21511;1;T;True;1
1621266288000;14221149;1.21506;1.21512;1.21509;3;T;True;1
1621266289000;14221152;1.21507;1.21513;1.2151;2;T;True;1
1621266290000;14221156;1.21508;1.21514;1.21511;3;T;True;1
1621266291000;14221159;1.21508;1.21514;1.21511;2;T;True;1
1621266292000;14221160;1.21508;1.21514;1.21511;0;T;True;1
1621266293000;14221161;1.21508;1.21514;1.21511;0;T;True;1
1621266294000;14221163;1.21508;1.21514;1.21511;1;T;True;1
1621266295000;14221164;1.21508;1.21514;1.21511;0;T;True;1
1621266296000;14221165;1.21508;1.21514;1.21511;0;T;True;1
1621266297000;14221166;1.21508;1.21514;1.21511;0;T;True;1
1621266298000;14221167;1.21508;1.21514;1.21511;0;T;True;1
1621266299000;14221169;1.21507;1.21513;1.2151;1;T;True;1
1621266300000;14221172;1.21506;1.21512;1.21509;2;T;True;1
1621266301000;14221173;1.21506;1.21512;1.21509;0;T;True;1
1621266302000;14221179;1.215;1.21506;1.21503;5;T;True;1
1621266303000;14221181;1.21501;1.21507;1.21504;1;T;True;1
1621266304000;14221183;1.21502;1.21508;1.21505;1;T;True;1
1621266305000;14221191;1.21504;1.2151;1.21507;7;T;True;1
1621266306000;14221195;1.21502;1.21508;1.21505;3;T;True;1
1621266307000;14221198;1.215;1.21506;1.21503;2;T;True;1
1621266308000;14221207;1.21496;1.21502;1.21499;8;T;True;1
1621266309000;14221209;1.21496;1.21502;1.21499;1;T;True;1
1621266310000;14221210;1.21496;1.21502;1.21499;0;T;True;1
1621266311000;14221211;1.21496;1.21502;1.21499;0;T;True;1
1621266312000;14221212;1.21496;1.21502;1.21499;0;T;True;1
1621266313000;14221214;1.21496;1.21502;1.21499;1;T;True;1
1621266314000;14221216;1.21496;1.21502;1.21499;1;T;True;1
1621266315000;14221217;1.21496;1.21502;1.21499;0;T;True;1
1621266316000;14221218;1.21496;1.21502;1.21499;0;T;True;1
1621266317000;14221219;1.21496;1.21502;1.21499;0;T;True;1
1621266318000;14221227;1.21495;1.21501;1.21498;7;T;True;1
1621266319000;14221229;1.21495;1.21501;1.21498;1;T;True;1
1621266320000;14221230;1.21495;1.21501;1.21498;0;T;True;1
1621266321000;14221231;1.21495;1.21501;1.21498;0;T;True;1
1621266322000;14221236;1.21498;1.21504;1.21501;4;T;True;1
1621266323000;14221237;1.21498;1.21504;1.21501;0;T;True;1
1621266324000;14221244;1.21497;1.21503;1.215;6;T;True;1
1621266325000;14221247;1.21496;1.21502;1.21499;2;T;True;1
1621266326000;14221251;1.21498;1.21504;1.21501;3;T;True;1
1621266327000;14221255;1.215;1.21506;1.21503;3;T;True;1
1621266328000;14221257;1.215;1.21506;1.21503;1;T;True;1
1621266329000;14221259;1.215;1.21506;1.21503;1;T;True;1
1621266330000;14221267;1.21502;1.21508;1.21505;7;T;True;1
1621266331000;14221268;1.21502;1.21508;1.21505;0;T;True;1
1621266332000;14221270;1.21504;1.2151;1.21507;1;T;True;1
1621266333000;14221273;1.21503;1.21509;1.21506;2;T;True;1
1621266334000;14221274;1.21503;1.21509;1.21506;0;T;True;1
1621266335000;14221275;1.21503;1.21509;1.21506;0;T;True;1
1621266336000;14221276;1.21503;1.21509;1.21506;0;T;True;1
1621266337000;14221277;1.21503;1.21509;1.21506;0;T;True;1
1621266338000;14221280;1.21503;1.21509;1.21506;2;T;True;1
1621266339000;14221283;1.21505;1.21511;1.21508;2;T;True;1
1621266340000;14221287;1.21502;1.21508;1.21505;3;T;True;1
1621266341000;14221288;1.21502;1.21508;1.21505;0;T;True;1
1621266342000;14221290;1.21502;1.21508;1.21505;1;T;True;1
1621266343000;14221292;1.21502;1.21508;1.21505;1;T;True;1
1621266344000;14221293;1.21502;1.21508;1.21505;0;T;True;1
1621266345000;14221294;1.21502;1.21508;1.21505;0;T;True;1
1621266346000;14221295;1.21502;1.21508;1.21505;0;T;True;1
1621266347000;14221297;1.21502;1.21508;1.21505;1;T;True;1
1621266348000;14221298;1.21502;1.21508;1.21505;0;T;True;1
1621266349000;14221300;1.21503;1.21509;1.21506;1;T;True;1
1621266350000;14221301;1.21503;1.21509;1.21506;0;T;True;1
1621266351000;14221303;1.21502;1.21508;1.21505;1;T;True;1
1621266352000;14221305;1.21502;1.21508;1.21505;1;T;True;1
1621266353000;14221306;1.21502;1.21508;1.21505;0;T;True;1
1621266354000;14221309;1.21504;1.2151;1.21507;2;T;True;1
1621266355000;14221310;1.21504;1.2151;1.21507;0;T;True;1
1621266356000;14221311;1.21504;1.2151;1.21507;0;T;True;1
1621266357000;14221312;1.21504;1.2151;1.21507;0;T;True;1
1621266358000;14221316;1.21502;1.21508;1.21505;3;T;True;1
1621266359000;14221320;1.21502;1.21508;1.21505;3;T;True;1
1621266360000;14221324;1.21504;1.2151;1.21507;3;T;True;1
1621266361000;14221328;1.21506;1.21512;1.21509;3;T;True;1
1621266362000;14221333;1.21508;1.21514;1.21511;4;T;True;1
1621266363000;14221335;1.21508;1.21514;1.21511;1;T;True;1
1621266364000;14221338;1.2151;1.21516;1.21513;2;T;True;1
1621266365000;14221339;1.2151;1.21516;1.21513;0;T;True;1
1621266366000;14221343;1.2151;1.21516;1.21513;3;T;True;1
1621266367000;14221344;1.2151;1.21516;1.21513;0;T;True;1
1621266368000;14221346;1.2151;1.21516;1.21513;1;T;True;1
1621266369000;14221347;1.2151;1.21516;1.21513;0;T;True;1
1621266370000;14221348;1.2151;1.21516;1.21513;0;T;True;1
1621266371000;14221349;1.2151;1.21516;1.21513;0;T;True;1
1621266372000;14221350;1.2151;1.21516;1.21513;0;T;True;1
1621266373000;14221352;1.2151;1.21516;1.21513;1;T;True;1
1621266374000;14221353;1.2151;1.21516;1.21513;0;T;True;1
1621266375000;14221358;1.21512;1.21518;1.21515;4;T;True;1
1621266376000;14221362;1.21514;1.2152;1.21517;3;T;True;1
1621266377000;14221364;1.21513;1.21519;1.21516;1;T;True;1
1621266378000;14221365;1.21513;1.21519;1.21516;0;T;True;1
1621266379000;14221366;1.21513;1.21519;1.21516;0;T;True;1
1621266380000;14221369;1.21516;1.21522;1.21519;2;T;True;1
1621266381000;14221370;1.21516;1.21522;1.21519;0;T;True;1
1621266382000;14221372;1.21516;1.21522;1.21519;1;T;True;1
1621266383000;14221374;1.21516;1.21522;1.21519;1;T;True;1
1621266384000;14221375;1.21516;1.21522;1.21519;0;T;True;1
1621266385000;14221376;1.21516;1.21522;1.21519;0;T;True;1
1621266386000;14221377;1.21516;1.21522;1.21519;0;T;True;1
1621266387000;14221378;1.21516;1.21522;1.21519;0;T;True;1
1621266388000;14221379;1.21516;1.21522;1.21519;0;T;True;1
1621266389000;14221380;1.21516;1.21522;1.21519;0;T;True;1
1621266390000;14221381;1.21516;1.21522;1.21519;0;T;True;1
1621266391000;14221382;1.21516;1.21522;1.21519;0;T;True;1
1621266392000;14221383;1.21516;1.21522;1.21519;0;T;True;1
1621266393000;14221384;1.21516;1.21522;1.21519;0;T;True;1
1621266394000;14221387;1.21517;1.21523;1.2152;2;T;True;1
1621266395000;14221389;1.21517;1.21523;1.2152;1;T;True;1
1621266396000;14221390;1.21517;1.21523;1.2152;0;T;True;1
1621266397000;14221391;1.21517;1.21523;1.2152;0;T;True;1
1621266398000;14221393;1.21518;1.21524;1.21521;1;T;True;1
1621266399000;14221396;1.21516;1.21522;1.21519;2;T;True;1
1621266400000;14221397;1.21516;1.21522;1.21519;0;T;True;1
1621266401000;14221398;1.21516;1.21522;1.21519;0;T;True;1
1621266402000;14221399;1.21516;1.21522;1.21519;0;T;True;1
1621266403000;14221400;1.21516;1.21522;1.21519;0;T;True;1
1621266404000;14221402;1.21516;1.21522;1.21519;1;T;True;1
1621266405000;14221403;1.21516;1.21522;1.21519;0;T;True;1
1621266406000;14221407;1.21518;1.21524;1.21521;3;T;True;1
1621266407000;14221414;1.21517;1.21523;1.2152;6;T;True;1
1621266408000;14221421;1.2152;1.21526;1.21523;6;T;True;1
1621266409000;14221428;1.2152;1.21526;1.21523;6;T;True;1
1621266410000;14221431;1.2152;1.21526;1.21523;2;T;True;1
1621266411000;14221434;1.2152;1.21526;1.21523;2;T;True;1
1621266412000;14221439;1.2152;1.21526;1.21523;4;T;True;1
1621266413000;14221443;1.2152;1.21526;1.21523;3;T;True;1
1621266414000;14221444;1.2152;1.21526;1.21523;0;T;True;1
1621266415000;14221445;1.2152;1.21526;1.21523;0;T;True;1
1621266416000;14221451;1.21516;1.21522;1.21519;5;T;True;1
1621266417000;14221453;1.21516;1.21522;1.21519;1;T;True;1
1621266418000;14221455;1.21516;1.21522;1.21519;1;T;True;1
1621266419000;14221457;1.21516;1.21522;1.21519;1;T;True;1
1621266420000;14221463;1.21512;1.21518;1.21515;5;T;True;1
1621266421000;14221473;1.21513;1.21519;1.21516;9;T;True;1
1621266422000;14221474;1.21513;1.21519;1.21516;0;T;True;1
1621266423000;14221476;1.21513;1.21519;1.21516;1;T;True;1
1621266424000;14221479;1.21512;1.21518;1.21515;2;T;True;1
1621266425000;14221482;1.21512;1.21518;1.21515;2;T;True;1
1621266426000;14221483;1.21512;1.21518;1.21515;0;T;True;1
1621266427000;14221484;1.21512;1.21518;1.21515;0;T;True;1
1621266428000;14221485;1.21512;1.21518;1.21515;0;T;True;1
1621266429000;14221486;1.21512;1.21518;1.21515;0;T;True;1
1621266430000;14221487;1.21512;1.21518;1.21515;0;T;True;1
1621266431000;14221488;1.21512;1.21518;1.21515;0;T;True;1
1621266432000;14221489;1.21512;1.21518;1.21515;0;T;True;1
1621266433000;14221490;1.21512;1.21518;1.21515;0;T;True;1
1621266434000;14221491;1.21512;1.21518;1.21515;0;T;True;1
1621266435000;14221493;1.21512;1.21518;1.21515;1;T;True;1
1621266436000;14221494;1.21512;1.21518;1.21515;0;T;True;1
1621266437000;14221496;1.21512;1.21518;1.21515;1;T;True;1
1621266438000;14221498;1.21512;1.21518;1.21515;1;T;True;1
1621266439000;14221499;1.21512;1.21518;1.21515;0;T;True;1
1621266440000;14221509;1.21515;1.21521;1.21518;9;T;True;1
1621266441000;14221513;1.21514;1.2152;1.21517;3;T;True;1
1621266442000;14221518;1.21512;1.21518;1.21515;4;T;True;1
1621266443000;14221520;1.21512;1.21518;1.21515;1;T;True;1
1621266444000;14221521;1.21512;1.21518;1.21515;0;T;True;1
1621266445000;14221522;1.21512;1.21518;1.21515;0;T;True;1
1621266446000;14221523;1.21512;1.21518;1.21515;0;T;True;1
1621266447000;14221526;1.21512;1.21518;1.21515;2;T;True;1
1621266448000;14221531;1.21514;1.2152;1.21517;4;T;True;1
1621266449000;14221535;1.21514;1.2152;1.21517;3;T;True;1
1621266450000;14221536;1.21514;1.2152;1.21517;0;T;True;1
1621266451000;14221546;1.21518;1.21524;1.21521;9;T;True;1
1621266452000;14221553;1.21518;1.21524;1.21521;6;T;True;1
1621266453000;14221556;1.21518;1.21524;1.21521;2;T;True;1
1621266454000;14221560;1.2152;1.21526;1.21523;3;T;True;1
1621266455000;14221567;1.21512;1.21518;1.21515;6;T;True;1
1621266456000;14221571;1.21512;1.21518;1.21515;3;T;True;1
1621266457000;14221574;1.21512;1.21518;1.21515;2;T;True;1
1621266458000;14221577;1.21511;1.21517;1.21514;2;T;True;1
1621266459000;14221580;1.21512;1.21518;1.21515;2;T;True;1
1621266460000;14221584;1.21512;1.21518;1.21515;3;T;True;1
1621266461000;14221589;1.21512;1.21518;1.21515;4;T;True;1
1621266462000;14221590;1.21512;1.21518;1.21515;0;T;True;1
1621266463000;14221592;1.21511;1.21517;1.21514;1;T;True;1
1621266464000;14221596;1.21511;1.21517;1.21514;3;T;True;1
1621266465000;14221602;1.21514;1.2152;1.21517;5;T;True;1
1621266466000;14221606;1.21514;1.2152;1.21517;3;T;True;1
1621266467000;14221607;1.21514;1.2152;1.21517;0;T;True;1
1621266468000;14221608;1.21514;1.2152;1.21517;0;T;True;1
1621266469000;14221614;1.21512;1.21518;1.21515;5;T;True;1
1621266470000;14221617;1.21512;1.21518;1.21515;2;T;True;1
1621266471000;14221621;1.21514;1.2152;1.21517;3;T;True;1
1621266472000;14221626;1.21512;1.21518;1.21515;4;T;True;1
1621266473000;14221627;1.21512;1.21518;1.21515;0;T;True;1
1621266474000;14221628;1.21512;1.21518;1.21515;0;T;True;1
1621266475000;14221631;1.21512;1.21518;1.21515;2;T;True;1
1621266476000;14221636;1.21513;1.21519;1.21516;4;T;True;1
1621266477000;14221640;1.21512;1.21518;1.21515;3;T;True;1
1621266478000;14221642;1.21512;1.21518;1.21515;1;T;True;1
1621266479000;14221643;1.21512;1.21518;1.21515;0;T;True;1
1621266480000;14221644;1.21512;1.21518;1.21515;0;T;True;1
1621266481000;14221646;1.21512;1.21518;1.21515;1;T;True;1
1621266482000;14221647;1.21512;1.21518;1.21515;0;T;True;1
1621266483000;14221648;1.21512;1.21518;1.21515;0;T;True;1
1621266484000;14221651;1.21514;1.2152;1.21517;2;T;True;1
1621266485000;14221655;1.21511;1.21517;1.21514;3;T;True;1
1621266486000;14221657;1.21511;1.21517;1.21514;1;T;True;1
1621266487000;14221658;1.21511;1.21517;1.21514;0;T;True;1
1621266488000;14221659;1.21511;1.21517;1.21514;0;T;True;1
1621266489000;14221660;1.21511;1.21517;1.21514;0;T;True;1
1621266490000;14221664;1.21508;1.21514;1.21511;3;T;True;1
1621266491000;14221672;1.21506;1.21512;1.21509;7;T;True;1
1621266492000;14221675;1.21506;1.21512;1.21509;2;T;True;1
1621266493000;14221679;1.21506;1.21512;1.21509;3;T;True;1
1621266494000;14221683;1.21506;1.21512;1.21509;3;T;True;1
1621266495000;14221686;1.21507;1.21513;1.2151;2;T;True;1
1621266496000;14221687;1.21507;1.21513;1.2151;0;T;True;1
1621266497000;14221694;1.2151;1.21516;1.21513;6;T;True;1
1621266498000;14221695;1.2151;1.21516;1.21513;0;T;True;1
1621266499000;14221700;1.21508;1.21514;1.21511;4;T;True;1
1621266500000;14221701;1.21508;1.21514;1.21511;0;T;True;1
1621266501000;14221703;1.21508;1.21514;1.21511;1;T;True;1
1621266502000;14221704;1.21508;1.21514;1.21511;0;T;True;1
1621266503000;14221705;1.21508;1.21514;1.21511;0;T;True;1
1621266504000;14221706;1.21508;1.21514;1.21511;0;T;True;1
1621266505000;14221714;1.21511;1.21517;1.21514;7;T;True;1
1621266506000;14221717;1.21513;1.21519;1.21516;2;T;True;1
1621266507000;14221718;1.21513;1.21519;1.21516;0;T;True;1
1621266508000;14221720;1.21512;1.21518;1.21515;1;T;True;1
1621266509000;14221723;1.21512;1.21518;1.21515;2;T;True;1
1621266510000;14221724;1.21512;1.21518;1.21515;0;T;True;1
1621266511000;14221725;1.21512;1.21518;1.21515;0;T;True;1
1621266512000;14221732;1.21519;1.21525;1.21522;6;T;True;1
1621266513000;14221734;1.2152;1.21526;1.21523;1;T;True;1
1621266514000;14221735;1.2152;1.21526;1.21523;0;T;True;1
1621266515000;14221736;1.2152;1.21526;1.21523;0;T;True;1
1621266516000;14221740;1.21516;1.21522;1.21519;3;T;True;1
1621266517000;14221742;1.21516;1.21522;1.21519;1;T;True;1
1621266518000;14221744;1.21515;1.21521;1.21518;1;T;True;1
1621266519000;14221747;1.21515;1.21521;1.21518;2;T;True;1
1621266520000;14221752;1.21512;1.21518;1.21515;4;T;True;1
1621266521000;14221755;1.21512;1.21518;1.21515;2;T;True;1
1621266522000;14221763;1.21512;1.21518;1.21515;7;T;True;1
1621266523000;14221768;1.21512;1.21518;1.21515;4;T;True;1
1621266524000;14221772;1.21512;1.21518;1.21515;3;T;True;1
1621266525000;14221774;1.21512;1.21518;1.21515;1;T;True;1
1621266526000;14221775;1.21512;1.21518;1.21515;0;T;True;1
1621266527000;14221777;1.21512;1.21518;1.21515;1;T;True;1
1621266528000;14221778;1.21512;1.21518;1.21515;0;T;True;1
1621266529000;14221796;1.21512;1.21518;1.21515;17;T;True;1
1621266530000;14221799;1.21512;1.21518;1.21515;2;T;True;1
1621266531000;14221802;1.21512;1.21518;1.21515;2;T;True;1
1621266532000;14221809;1.21514;1.2152;1.21517;6;T;True;1
1621266533000;14221811;1.21514;1.2152;1.21517;1;T;True;1
1621266534000;14221819;1.21514;1.2152;1.21517;7;T;True;1
1621266535000;14221820;1.21514;1.2152;1.21517;0;T;True;1
1621266536000;14221822;1.21513;1.21519;1.21516;1;T;True;1
1621266537000;14221824;1.21513;1.21519;1.21516;1;T;True;1
1621266538000;14221827;1.21514;1.2152;1.21517;2;T;True;1
1621266539000;14221829;1.21516;1.21522;1.21519;1;T;True;1
1621266540000;14221830;1.21516;1.21522;1.21519;0;T;True;1
1621266541000;14221831;1.21516;1.21522;1.21519;0;T;True;1
1621266542000;14221834;1.21516;1.21522;1.21519;2;T;True;1
1621266543000;14221838;1.21514;1.2152;1.21517;3;T;True;1
1621266544000;14221843;1.21516;1.21522;1.21519;4;T;True;1
1621266545000;14221844;1.21516;1.21522;1.21519;0;T;True;1
1621266546000;14221846;1.21516;1.21522;1.21519;1;T;True;1
1621266547000;14221847;1.21516;1.21522;1.21519;0;T;True;1
1621266548000;14221848;1.21516;1.21522;1.21519;0;T;True;1
1621266549000;14221849;1.21516;1.21522;1.21519;0;T;True;1
1621266550000;14221851;1.21516;1.21522;1.21519;1;T;True;1
1621266551000;14221853;1.21516;1.21522;1.21519;1;T;True;1
1621266552000;14221856;1.21518;1.21524;1.21521;2;T;True;1
1621266553000;14221862;1.21516;1.21522;1.21519;5;T;True;1
1621266554000;14221868;1.21518;1.21524;1.21521;5;T;True;1
1621266555000;14221872;1.2152;1.21526;1.21523;3;T;True;1
1621266556000;14221876;1.21524;1.2153;1.21527;3;T;True;1
1621266557000;14221880;1.21523;1.21529;1.21526;3;T;True;1
1621266558000;14221881;1.21523;1.21529;1.21526;0;T;True;1
1621266559000;14221883;1.21522;1.21528;1.21525;1;T;True;1
1621266560000;14221892;1.21524;1.2153;1.21527;8;T;True;1
1621266561000;14221894;1.21524;1.2153;1.21527;1;T;True;1
1621266562000;14221900;1.21522;1.21528;1.21525;5;T;True;1
1621266563000;14221901;1.21522;1.21528;1.21525;0;T;True;1
1621266564000;14221903;1.21523;1.21529;1.21526;1;T;True;1
1621266565000;14221917;1.21535;1.21541;1.21538;13;T;True;1
1621266566000;14221923;1.21532;1.21538;1.21535;5;T;True;1
1621266567000;14221926;1.21532;1.21538;1.21535;2;T;True;1
1621266568000;14221928;1.21532;1.21538;1.21535;1;T;True;1
1621266569000;14221930;1.21532;1.21538;1.21535;1;T;True;1
1621266570000;14221935;1.21532;1.21538;1.21535;4;T;True;1
1621266571000;14221936;1.21532;1.21538;1.21535;0;T;True;1
1621266572000;14221939;1.21532;1.21538;1.21535;2;T;True;1
1621266573000;14221943;1.2153;1.21536;1.21533;3;T;True;1
1621266574000;14221945;1.2153;1.21536;1.21533;1;T;True;1
1621266575000;14221949;1.2153;1.21536;1.21533;3;T;True;1
1621266576000;14221954;1.21527;1.21533;1.2153;4;T;True;1
1621266577000;14221957;1.21525;1.21531;1.21528;2;T;True;1
1621266578000;14221961;1.21523;1.21529;1.21526;3;T;True;1
1621266579000;14221966;1.21525;1.21531;1.21528;4;T;True;1
1621266580000;14221969;1.21525;1.21531;1.21528;2;T;True;1
1621266581000;14221972;1.21525;1.21531;1.21528;2;T;True;1
1621266582000;14221975;1.21525;1.21531;1.21528;2;T;True;1
1621266583000;14221977;1.21525;1.21531;1.21528;1;T;True;1
1621266584000;14221983;1.21526;1.21532;1.21529;5;T;True;1
1621266585000;14221987;1.21526;1.21532;1.21529;3;T;True;1
1621266586000;14221995;1.21528;1.21534;1.21531;7;T;True;1
1621266587000;14221999;1.21527;1.21533;1.2153;3;T;True;1
1621266588000;14222004;1.21527;1.21533;1.2153;4;T;True;1
1621266589000;14222018;1.2153;1.21536;1.21533;13;T;True;1
1621266590000;14222024;1.21532;1.21538;1.21535;5;T;True;1
1621266591000;14222028;1.21532;1.21538;1.21535;3;T;True;1
1621266592000;14222031;1.21532;1.21538;1.21535;2;T;True;1
1621266593000;14222035;1.21531;1.21537;1.21534;3;T;True;1
1621266594000;14222036;1.21531;1.21537;1.21534;0;T;True;1
1621266595000;14222038;1.21532;1.21538;1.21535;1;T;True;1
1621266596000;14222043;1.2153;1.21536;1.21533;4;T;True;1
1621266597000;14222044;1.2153;1.21536;1.21533;0;T;True;1
1621266598000;14222046;1.2153;1.21536;1.21533;1;T;True;1
1621266599000;14222049;1.21529;1.21535;1.21532;2;T;True;1
1621266600000;14222052;1.21529;1.21535;1.21532;2;T;True;1
1621266601000;14222057;1.21526;1.21532;1.21529;4;T;True;1
1621266602000;14222062;1.21526;1.21532;1.21529;4;T;True;1
1621266603000;14222065;1.21526;1.21532;1.21529;2;T;True;1
1621266604000;14222077;1.21533;1.21539;1.21536;11;T;True;1
1621266605000;14222081;1.21532;1.21538;1.21535;3;T;True;1
1621266606000;14222087;1.21536;1.21542;1.21539;5;T;True;1
1621266607000;14222092;1.2154;1.21546;1.21543;4;T;True;1
1621266608000;14222096;1.21541;1.21547;1.21544;3;T;True;1
1621266609000;14222101;1.21543;1.21549;1.21546;4;T;True;1
1621266610000;14222106;1.2154;1.21546;1.21543;4;T;True;1
1621266611000;14222119;1.21534;1.2154;1.21537;12;T;True;1
1621266612000;14222124;1.21535;1.21541;1.21538;4;T;True;1
1621266613000;14222126;1.21535;1.21541;1.21538;1;T;True;1
1621266614000;14222127;1.21535;1.21541;1.21538;0;T;True;1
1621266615000;14222132;1.2154;1.21546;1.21543;4;T;True;1
1621266616000;14222133;1.2154;1.21546;1.21543;0;T;True;1
1621266617000;14222134;1.2154;1.21546;1.21543;0;T;True;1
1621266618000;14222137;1.2154;1.21546;1.21543;2;T;True;1
1621266619000;14222141;1.2154;1.21546;1.21543;3;T;True;1
1621266620000;14222145;1.2154;1.21546;1.21543;3;T;True;1
1621266621000;14222148;1.2154;1.21546;1.21543;2;T;True;1
1621266622000;14222153;1.21543;1.21549;1.21546;4;T;True;1
1621266623000;14222159;1.2154;1.21546;1.21543;5;T;True;1
1621266624000;14222163;1.21537;1.21543;1.2154;3;T;True;1
1621266625000;14222166;1.21536;1.21542;1.21539;2;T;True;1
1621266626000;14222169;1.21536;1.21542;1.21539;2;T;True;1
1621266627000;14222174;1.21536;1.21542;1.21539;4;T;True;1
1621266628000;14222175;1.21536;1.21542;1.21539;0;T;True;1
1621266629000;14222176;1.21536;1.21542;1.21539;0;T;True;1
1621266630000;14222177;1.21536;1.21542;1.21539;0;T;True;1
1621266631000;14222180;1.21536;1.21542;1.21539;2;T;True;1
1621266632000;14222182;1.21536;1.21542;1.21539;1;T;True;1
1621266633000;14222198;1.21536;1.21542;1.21539;15;T;True;1
1621266634000;14222202;1.21536;1.21542;1.21539;3;T;True;1
1621266635000;14222206;1.21536;1.21542;1.21539;3;T;True;1
1621266636000;14222208;1.21536;1.21542;1.21539;1;T;True;1
1621266637000;14222211;1.21536;1.21542;1.21539;2;T;True;1
1621266638000;14222215;1.21536;1.21542;1.21539;3;T;True;1
1621266639000;14222220;1.21536;1.21542;1.21539;4;T;True;1
1621266640000;14222227;1.21536;1.21542;1.21539;6;T;True;1
1621266641000;14222238;1.21538;1.21544;1.21541;10;T;True;1
1621266642000;14222245;1.2154;1.21546;1.21543;6;T;True;1
1621266643000;14222249;1.2154;1.21546;1.21543;3;T;True;1
1621266644000;14222252;1.2154;1.21546;1.21543;2;T;True;1
1621266645000;14222256;1.2154;1.21546;1.21543;3;T;True;1
1621266646000;14222257;1.2154;1.21546;1.21543;0;T;True;1
1621266647000;14222261;1.21539;1.21545;1.21542;3;T;True;1
1621266648000;14222263;1.21538;1.21544;1.21541;1;T;True;1
1621266649000;14222271;1.2154;1.21546;1.21543;7;T;True;1
1621266650000;14222273;1.2154;1.21546;1.21543;1;T;True;1
1621266651000;14222280;1.21554;1.2156;1.21557;6;T;True;1
1621266652000;14222295;1.21552;1.21558;1.21555;14;T;True;1
1621266653000;14222301;1.21552;1.21558;1.21555;5;T;True;1
1621266654000;14222304;1.2155;1.21556;1.21553;2;T;True;1
1621266655000;14222305;1.2155;1.21556;1.21553;0;T;True;1
1621266656000;14222312;1.21548;1.21554;1.21551;6;T;True;1
1621266657000;14222315;1.21548;1.21554;1.21551;2;T;True;1
1621266658000;14222323;1.21556;1.21562;1.21559;7;T;True;1
1621266659000;14222324;1.21556;1.21562;1.21559;0;T;True;1
1621266660000;14222325;1.21556;1.21562;1.21559;0;T;True;1
1621266661000;14222331;1.21552;1.21558;1.21555;5;T;True;1
1621266662000;14222335;1.21552;1.21558;1.21555;3;T;True;1
1621266663000;14222336;1.21552;1.21558;1.21555;0;T;True;1
1621266664000;14222340;1.21555;1.21561;1.21558;3;T;True;1
1621266665000;14222345;1.21557;1.21563;1.2156;4;T;True;1
1621266666000;14222350;1.21556;1.21562;1.21559;4;T;True;1
1621266667000;14222359;1.21562;1.21568;1.21565;8;T;True;1
1621266668000;14222366;1.21558;1.21564;1.21561;6;T;True;1
1621266669000;14222373;1.2156;1.21566;1.21563;6;T;True;1
1621266670000;14222379;1.21562;1.21568;1.21565;5;T;True;1
1621266671000;14222381;1.21562;1.21568;1.21565;1;T;True;1
1621266672000;14222383;1.21561;1.21567;1.21564;1;T;True;1
1621266673000;14222395;1.21563;1.21569;1.21566;11;T;True;1
1621266674000;14222396;1.21563;1.21569;1.21566;0;T;True;1
1621266675000;14222403;1.21558;1.21564;1.21561;6;T;True;1
1621266676000;14222410;1.21554;1.2156;1.21557;6;T;True;1
1621266677000;14222419;1.21552;1.21558;1.21555;8;T;True;1
1621266678000;14222428;1.21545;1.21551;1.21548;8;T;True;1
1621266679000;14222430;1.21545;1.21551;1.21548;1;T;True;1
1621266680000;14222434;1.21544;1.2155;1.21547;3;T;True;1
1621266681000;14222442;1.21548;1.21554;1.21551;7;T;True;1
1621266682000;14222449;1.21545;1.21551;1.21548;6;T;True;1
1621266683000;14222452;1.21546;1.21552;1.21549;2;T;True;1
1621266684000;14222453;1.21546;1.21552;1.21549;0;T;True;1
1621266685000;14222454;1.21546;1.21552;1.21549;0;T;True;1
1621266686000;14222458;1.21547;1.21553;1.2155;3;T;True;1
1621266687000;14222460;1.21547;1.21553;1.2155;1;T;True;1
1621266688000;14222465;1.21548;1.21554;1.21551;4;T;True;1
1621266689000;14222473;1.21549;1.21555;1.21552;7;T;True;1
1621266690000;14222476;1.2155;1.21556;1.21553;2;T;True;1
1621266691000;14222482;1.21544;1.2155;1.21547;5;T;True;1
1621266692000;14222489;1.21545;1.21551;1.21548;6;T;True;1
1621266693000;14222496;1.21545;1.21551;1.21548;6;T;True;1
1621266694000;14222499;1.21545;1.21551;1.21548;2;T;True;1
1621266695000;14222501;1.21545;1.21551;1.21548;1;T;True;1
1621266696000;14222502;1.21545;1.21551;1.21548;0;T;True;1
1621266697000;14222514;1.21548;1.21554;1.21551;11;T;True;1
1621266698000;14222529;1.21554;1.2156;1.21557;14;T;True;1
1621266699000;14222534;1.21554;1.2156;1.21557;4;T;True;1
1621266700000;14222541;1.21552;1.21558;1.21555;6;T;True;1
1621266701000;14222546;1.21551;1.21557;1.21554;4;T;True;1
1621266702000;14222547;1.21551;1.21557;1.21554;0;T;True;1
1621266703000;14222551;1.2155;1.21556;1.21553;3;T;True;1
1621266704000;14222557;1.2155;1.21556;1.21553;5;T;True;1
1621266705000;14222560;1.21551;1.21557;1.21554;2;T;True;1
1621266706000;14222563;1.21551;1.21557;1.21554;2;T;True;1
1621266707000;14222566;1.2155;1.21556;1.21553;2;T;True;1
1621266708000;14222571;1.2155;1.21556;1.21553;4;T;True;1
1621266709000;14222572;1.2155;1.21556;1.21553;0;T;True;1
1621266710000;14222577;1.21548;1.21554;1.21551;4;T;True;1
1621266711000;14222580;1.21548;1.21554;1.21551;2;T;True;1
1621266712000;14222582;1.21549;1.21555;1.21552;1;T;True;1
1621266713000;14222587;1.21548;1.21554;1.21551;4;T;True;1
1621266714000;14222596;1.21547;1.21553;1.2155;8;T;True;1
1621266715000;14222598;1.21546;1.21552;1.21549;1;T;True;1
1621266716000;14222603;1.21548;1.21554;1.21551;4;T;True;1
1621266717000;14222604;1.21548;1.21554;1.21551;0;T;True;1
1621266718000;14222605;1.21548;1.21554;1.21551;0;T;True;1
1621266719000;14222606;1.21548;1.21554;1.21551;0;T;True;1
1621266720000;14222607;1.21548;1.21554;1.21551;0;T;True;1
1621266721000;14222608;1.21548;1.21554;1.21551;0;T;True;1
1621266722000;14222618;1.21545;1.21551;1.21548;9;T;True;1
1621266723000;14222624;1.21546;1.21552;1.21549;5;T;True;1
1621266724000;14222625;1.21546;1.21552;1.21549;0;T;True;1
1621266725000;14222626;1.21546;1.21552;1.21549;0;T;True;1
1621266726000;14222627;1.21546;1.21552;1.21549;0;T;True;1
1621266727000;14222631;1.21546;1.21552;1.21549;3;T;True;1
1621266728000;14222633;1.21546;1.21552;1.21549;1;T;True;1
1621266729000;14222634;1.21546;1.21552;1.21549;0;T;True;1
1621266730000;14222635;1.21546;1.21552;1.21549;0;T;True;1
1621266731000;14222636;1.21546;1.21552;1.21549;0;T;True;1
1621266732000;14222637;1.21546;1.21552;1.21549;0;T;True;1
1621266733000;14222638;1.21546;1.21552;1.21549;0;T;True;1
1621266734000;14222641;1.21546;1.21552;1.21549;2;T;True;1
1621266735000;14222644;1.21547;1.21553;1.2155;2;T;True;1
1621266736000;14222645;1.21547;1.21553;1.2155;0;T;True;1
1621266737000;14222648;1.2155;1.21556;1.21553;2;T;True;1
1621266738000;14222649;1.2155;1.21556;1.21553;0;T;True;1
1621266739000;14222650;1.2155;1.21556;1.21553;0;T;True;1
1621266740000;14222651;1.2155;1.21556;1.21553;0;T;True;1
1621266741000;14222654;1.21548;1.21554;1.21551;2;T;True;1
1621266742000;14222658;1.2155;1.21556;1.21553;3;T;True;1
1621266743000;14222662;1.2155;1.21556;1.21553;3;T;True;1
1621266744000;14222665;1.2155;1.21556;1.21553;2;T;True;1
1621266745000;14222667;1.2155;1.21556;1.21553;1;T;True;1
1621266746000;14222673;1.21551;1.21557;1.21554;5;T;True;1
1621266747000;14222677;1.2155;1.21556;1.21553;3;T;True;1
1621266748000;14222680;1.21552;1.21558;1.21555;2;T;True;1
1621266749000;14222681;1.21552;1.21558;1.21555;0;T;True;1
1621266750000;14222683;1.21552;1.21558;1.21555;1;T;True;1
1621266751000;14222686;1.21551;1.21557;1.21554;2;T;True;1
1621266752000;14222688;1.2155;1.21556;1.21553;1;T;True;1
1621266753000;14222689;1.2155;1.21556;1.21553;0;T;True;1
1621266754000;14222693;1.21546;1.21552;1.21549;3;T;True;1
1621266755000;14222695;1.21546;1.21552;1.21549;1;T;True;1
1621266756000;14222699;1.21546;1.21552;1.21549;3;T;True;1
1621266757000;14222700;1.21546;1.21552;1.21549;0;T;True;1
1621266758000;14222701;1.21546;1.21552;1.21549;0;T;True;1
1621266759000;14222702;1.21546;1.21552;1.21549;0;T;True;1
1621266760000;14222704;1.21546;1.21552;1.21549;1;T;True;1
1621266761000;14222711;1.21542;1.21548;1.21545;6;T;True;1
1621266762000;14222713;1.21542;1.21548;1.21545;1;T;True;1
1621266763000;14222720;1.21544;1.2155;1.21547;6;T;True;1
1621266764000;14222723;1.21544;1.2155;1.21547;2;T;True;1
1621266765000;14222727;1.21544;1.2155;1.21547;3;T;True;1
1621266766000;14222729;1.21544;1.2155;1.21547;1;T;True;1
1621266767000;14222734;1.21545;1.21551;1.21548;4;T;True;1
1621266768000;14222738;1.21543;1.21549;1.21546;3;T;True;1
1621266769000;14222747;1.21542;1.21548;1.21545;8;T;True;1
1621266770000;14222749;1.21543;1.21549;1.21546;1;T;True;1
1621266771000;14222750;1.21543;1.21549;1.21546;0;T;True;1
1621266772000;14222754;1.21544;1.2155;1.21547;3;T;True;1
1621266773000;14222764;1.2154;1.21546;1.21543;9;T;True;1
1621266774000;14222767;1.21541;1.21547;1.21544;2;T;True;1
1621266775000;14222769;1.21542;1.21548;1.21545;1;T;True;1
1621266776000;14222774;1.21544;1.2155;1.21547;4;T;True;1
1621266777000;14222783;1.21549;1.21555;1.21552;8;T;True;1
1621266778000;14222790;1.21549;1.21555;1.21552;6;T;True;1
1621266779000;14222801;1.21547;1.21553;1.2155;10;T;True;1
1621266780000;14222803;1.21547;1.21553;1.2155;1;T;True;1
1621266781000;14222817;1.21548;1.21554;1.21551;13;T;True;1
1621266782000;14222821;1.21548;1.21554;1.21551;3;T;True;1
1621266783000;14222822;1.21548;1.21554;1.21551;0;T;True;1
1621266784000;14222827;1.2155;1.21556;1.21553;4;T;True;1
1621266785000;14222829;1.21549;1.21555;1.21552;1;T;True;1
1621266786000;14222832;1.21548;1.21554;1.21551;2;T;True;1
1621266787000;14222834;1.21548;1.21554;1.21551;1;T;True;1
1621266788000;14222841;1.2155;1.21556;1.21553;6;T;True;1
1621266789000;14222842;1.2155;1.21556;1.21553;0;T;True;1
1621266790000;14222844;1.2155;1.21556;1.21553;1;T;True;1
1621266791000;14222845;1.2155;1.21556;1.21553;0;T;True;1
1621266792000;14222848;1.21548;1.21554;1.21551;2;T;True;1
1621266793000;14222852;1.21548;1.21554;1.21551;3;T;True;1
1621266794000;14222856;1.21549;1.21555;1.21552;3;T;True;1
1621266795000;14222857;1.21549;1.21555;1.21552;0;T;True;1
1621266796000;14222858;1.21549;1.21555;1.21552;0;T;True;1
1621266797000;14222860;1.21549;1.21555;1.21552;1;T;True;1
1621266798000;14222863;1.21548;1.21554;1.21551;2;T;True;1
1621266799000;14222868;1.21544;1.2155;1.21547;4;T;True;1
1621266800000;14222874;1.2154;1.21546;1.21543;5;T;True;1
1621266801000;14222875;1.2154;1.21546;1.21543;0;T;True;1
1621266802000;14222876;1.2154;1.21546;1.21543;0;T;True;1
1621266803000;14222885;1.21544;1.2155;1.21547;8;T;True;1
1621266804000;14222895;1.21544;1.2155;1.21547;9;T;True;1
1621266805000;14222896;1.21544;1.2155;1.21547;0;T;True;1
1621266806000;14222897;1.21544;1.2155;1.21547;0;T;True;1
1621266807000;14222903;1.21542;1.21548;1.21545;5;T;True;1
1621266808000;14222906;1.21542;1.21548;1.21545;2;T;True;1
1621266809000;14222907;1.21542;1.21548;1.21545;0;T;True;1
1621266810000;14222908;1.21542;1.21548;1.21545;0;T;True;1
1621266811000;14222914;1.2154;1.21546;1.21543;5;T;True;1
1621266812000;14222916;1.2154;1.21546;1.21543;1;T;True;1
1621266813000;14222917;1.2154;1.21546;1.21543;0;T;True;1
1621266814000;14222919;1.2154;1.21546;1.21543;1;T;True;1
1621266815000;14222920;1.2154;1.21546;1.21543;0;T;True;1
1621266816000;14222922;1.2154;1.21546;1.21543;1;T;True;1
1621266817000;14222923;1.2154;1.21546;1.21543;0;T;True;1
1621266818000;14222924;1.2154;1.21546;1.21543;0;T;True;1
1621266819000;14222925;1.2154;1.21546;1.21543;0;T;True;1
1621266820000;14222927;1.2154;1.21546;1.21543;1;T;True;1
1621266821000;14222932;1.21541;1.21547;1.21544;4;T;True;1
1621266822000;14222934;1.21541;1.21547;1.21544;1;T;True;1
1621266823000;14222936;1.21541;1.21547;1.21544;1;T;True;1
1621266824000;14222943;1.21544;1.2155;1.21547;6;T;True;1
1621266825000;14222945;1.21544;1.2155;1.21547;1;T;True;1
1621266826000;14222946;1.21544;1.2155;1.21547;0;T;True;1
1621266827000;14222947;1.21544;1.2155;1.21547;0;T;True;1
1621266828000;14222948;1.21544;1.2155;1.21547;0;T;True;1
1621266829000;14222949;1.21544;1.2155;1.21547;0;T;True;1
1621266830000;14222952;1.21544;1.2155;1.21547;2;T;True;1
1621266831000;14222955;1.21544;1.2155;1.21547;2;T;True;1
1621266832000;14222956;1.21544;1.2155;1.21547;0;T;True;1
1621266833000;14222957;1.21544;1.2155;1.21547;0;T;True;1
1621266834000;14222958;1.21544;1.2155;1.21547;0;T;True;1
1621266835000;14222961;1.21544;1.2155;1.21547;2;T;True;1
1621266836000;14222962;1.21544;1.2155;1.21547;0;T;True;1
1621266837000;14222964;1.21544;1.2155;1.21547;1;T;True;1
1621266838000;14222966;1.21544;1.2155;1.21547;1;T;True;1
1621266839000;14222968;1.21544;1.2155;1.21547;1;T;True;1
1621266840000;14222970;1.21544;1.2155;1.21547;1;T;True;1
1621266841000;14222971;1.21544;1.2155;1.21547;0;T;True;1
1621266842000;14222974;1.21543;1.21549;1.21546;2;T;True;1
1621266843000;14222978;1.21543;1.21549;1.21546;3;T;True;1
1621266844000;14222981;1.21544;1.2155;1.21547;2;T;True;1
1621266845000;14222982;1.21544;1.2155;1.21547;0;T;True;1
1621266846000;14222983;1.21544;1.2155;1.21547;0;T;True;1
1621266847000;14222984;1.21544;1.2155;1.21547;0;T;True;1
1621266848000;14222985;1.21544;1.2155;1.21547;0;T;True;1
1621266849000;14222988;1.21544;1.2155;1.21547;2;T;True;1
1621266850000;14222992;1.21544;1.2155;1.21547;3;T;True;1
1621266851000;14222994;1.21544;1.2155;1.21547;1;T;True;1
1621266852000;14222998;1.21544;1.2155;1.21547;3;T;True;1
1621266853000;14222999;1.21544;1.2155;1.21547;0;T;True;1
1621266854000;14223001;1.21544;1.2155;1.21547;1;T;True;1
1621266855000;14223002;1.21544;1.2155;1.21547;0;T;True;1
1621266856000;14223003;1.21544;1.2155;1.21547;0;T;True;1
1621266857000;14223008;1.21544;1.2155;1.21547;4;T;True;1
1621266858000;14223009;1.21544;1.2155;1.21547;0;T;True;1
1621266859000;14223010;1.21544;1.2155;1.21547;0;T;True;1
1621266860000;14223011;1.21544;1.2155;1.21547;0;T;True;1
1621266861000;14223012;1.21544;1.2155;1.21547;0;T;True;1
1621266862000;14223013;1.21544;1.2155;1.21547;0;T;True;1
1621266863000;14223014;1.21544;1.2155;1.21547;0;T;True;1
1621266864000;14223015;1.21544;1.2155;1.21547;0;T;True;1
1621266865000;14223018;1.21544;1.2155;1.21547;2;T;True;1
1621266866000;14223020;1.21544;1.2155;1.21547;1;T;True;1
1621266867000;14223021;1.21544;1.2155;1.21547;0;T;True;1
1621266868000;14223023;1.21544;1.2155;1.21547;1;T;True;1
1621266869000;14223024;1.21544;1.2155;1.21547;0;T;True;1
1621266870000;14223025;1.21544;1.2155;1.21547;0;T;True;1
1621266871000;14223026;1.21544;1.2155;1.21547;0;T;True;1
1621266872000;14223032;1.2154;1.21546;1.21543;5;T;True;1
1621266873000;14223033;1.2154;1.21546;1.21543;0;T;True;1
1621266874000;14223038;1.21543;1.21549;1.21546;4;T;True;1
1621266875000;14223039;1.21543;1.21549;1.21546;0;T;True;1
1621266876000;14223044;1.21543;1.21549;1.21546;4;T;True;1
1621266877000;14223045;1.21543;1.21549;1.21546;0;T;True;1
1621266878000;14223046;1.21543;1.21549;1.21546;0;T;True;1
1621266879000;14223047;1.21543;1.21549;1.21546;0;T;True;1
1621266880000;14223048;1.21543;1.21549;1.21546;0;T;True;1
1621266881000;14223049;1.21543;1.21549;1.21546;0;T;True;1
1621266882000;14223050;1.21543;1.21549;1.21546;0;T;True;1
1621266883000;14223051;1.21543;1.21549;1.21546;0;T;True;1
1621266884000;14223052;1.21543;1.21549;1.21546;0;T;True;1
1621266885000;14223053;1.21543;1.21549;1.21546;0;T;True;1
1621266886000;14223054;1.21543;1.21549;1.21546;0;T;True;1
1621266887000;14223055;1.21543;1.21549;1.21546;0;T;True;1
1621266888000;14223056;1.21543;1.21549;1.21546;0;T;True;1
1621266889000;14223057;1.21543;1.21549;1.21546;0;T;True;1
1621266890000;14223058;1.21543;1.21549;1.21546;0;T;True;1
1621266891000;14223060;1.21544;1.2155;1.21547;1;T;True;1
1621266892000;14223061;1.21544;1.2155;1.21547;0;T;True;1
1621266893000;14223062;1.21544;1.2155;1.21547;0;T;True;1
1621266894000;14223063;1.21544;1.2155;1.21547;0;T;True;1
1621266895000;14223064;1.21544;1.2155;1.21547;0;T;True;1
1621266896000;14223065;1.21544;1.2155;1.21547;0;T;True;1
1621266897000;14223066;1.21544;1.2155;1.21547;0;T;True;1
1621266898000;14223067;1.21544;1.2155;1.21547;0;T;True;1
1621266899000;14223068;1.21544;1.2155;1.21547;0;T;True;1
1621266900000;14223069;1.21544;1.2155;1.21547;0;T;True;1
1621266901000;14223073;1.21542;1.21548;1.21545;3;T;True;1
1621266902000;14223081;1.21543;1.21549;1.21546;7;T;True;1
1621266903000;14223083;1.21543;1.21549;1.21546;1;T;True;1
1621266904000;14223084;1.21543;1.21549;1.21546;0;T;True;1
1621266905000;14223085;1.21543;1.21549;1.21546;0;T;True;1
1621266906000;14223086;1.21543;1.21549;1.21546;0;T;True;1
1621266907000;14223089;1.21543;1.21549;1.21546;2;T;True;1
1621266908000;14223095;1.2154;1.21546;1.21543;5;T;True;1
1621266909000;14223098;1.2154;1.21546;1.21543;2;T;True;1
1621266910000;14223101;1.21539;1.21545;1.21542;2;T;True;1
1621266911000;14223103;1.21538;1.21544;1.21541;1;T;True;1
1621266912000;14223105;1.21538;1.21544;1.21541;1;T;True;1
1621266913000;14223109;1.21538;1.21544;1.21541;3;T;True;1
1621266914000;14223110;1.21538;1.21544;1.21541;0;T;True;1
1621266915000;14223111;1.21538;1.21544;1.21541;0;T;True;1
1621266916000;14223115;1.21539;1.21545;1.21542;3;T;True;1
1621266917000;14223117;1.21539;1.21545;1.21542;1;T;True;1
1621266918000;14223120;1.2154;1.21546;1.21543;2;T;True;1
1621266919000;14223121;1.2154;1.21546;1.21543;0;T;True;1
1621266920000;14223124;1.2154;1.21546;1.21543;2;T;True;1
1621266921000;14223125;1.2154;1.21546;1.21543;0;T;True;1
1621266922000;14223128;1.21539;1.21545;1.21542;2;T;True;1
1621266923000;14223130;1.21539;1.21545;1.21542;1;T;True;1
1621266924000;14223133;1.21538;1.21544;1.21541;2;T;True;1
1621266925000;14223134;1.21538;1.21544;1.21541;0;T;True;1
1621266926000;14223139;1.21537;1.21543;1.2154;4;T;True;1
1621266927000;14223141;1.21536;1.21542;1.21539;1;T;True;1
1621266928000;14223142;1.21536;1.21542;1.21539;0;T;True;1
1621266929000;14223143;1.21536;1.21542;1.21539;0;T;True;1
1621266930000;14223144;1.21536;1.21542;1.21539;0;T;True;1
1621266931000;14223145;1.21536;1.21542;1.21539;0;T;True;1
1621266932000;14223146;1.21536;1.21542;1.21539;0;T;True;1
1621266933000;14223147;1.21536;1.21542;1.21539;0;T;True;1
1621266934000;14223148;1.21536;1.21542;1.21539;0;T;True;1
1621266935000;14223149;1.21536;1.21542;1.21539;0;T;True;1
1621266936000;14223150;1.21536;1.21542;1.21539;0;T;True;1
1621266937000;14223151;1.21536;1.21542;1.21539;0;T;True;1
1621266938000;14223157;1.21536;1.21542;1.21539;5;T;True;1
1621266939000;14223159;1.21536;1.21542;1.21539;1;T;True;1
1621266940000;14223160;1.21536;1.21542;1.21539;0;T;True;1
1621266941000;14223161;1.21536;1.21542;1.21539;0;T;True;1
1621266942000;14223164;1.21534;1.2154;1.21537;2;T;True;1
1621266943000;14223165;1.21534;1.2154;1.21537;0;T;True;1
1621266944000;14223166;1.21534;1.2154;1.21537;0;T;True;1
1621266945000;14223167;1.21534;1.2154;1.21537;0;T;True;1
1621266946000;14223168;1.21534;1.2154;1.21537;0;T;True;1
1621266947000;14223170;1.21535;1.21541;1.21538;1;T;True;1
1621266948000;14223171;1.21535;1.21541;1.21538;0;T;True;1
1621266949000;14223172;1.21535;1.21541;1.21538;0;T;True;1
1621266950000;14223173;1.21535;1.21541;1.21538;0;T;True;1
1621266951000;14223174;1.21535;1.21541;1.21538;0;T;True;1
1621266952000;14223175;1.21535;1.21541;1.21538;0;T;True;1
1621266953000;14223177;1.21534;1.2154;1.21537;1;T;True;1
1621266954000;14223178;1.21534;1.2154;1.21537;0;T;True;1
1621266955000;14223180;1.21534;1.2154;1.21537;1;T;True;1
1621266956000;14223183;1.21536;1.21542;1.21539;2;T;True;1
1621266957000;14223184;1.21536;1.21542;1.21539;0;T;True;1
1621266958000;14223186;1.21535;1.21541;1.21538;1;T;True;1
1621266959000;14223187;1.21535;1.21541;1.21538;0;T;True;1
1621266960000;14223189;1.21535;1.21541;1.21538;1;T;True;1
1621266961000;14223192;1.21536;1.21542;1.21539;2;T;True;1
1621266962000;14223196;1.21535;1.21541;1.21538;3;T;True;1
1621266963000;14223208;1.21542;1.21548;1.21545;11;T;True;1
1621266964000;14223209;1.21542;1.21548;1.21545;0;T;True;1
1621266965000;14223210;1.21542;1.21548;1.21545;0;T;True;1
1621266966000;14223211;1.21542;1.21548;1.21545;0;T;True;1
1621266967000;14223214;1.21541;1.21547;1.21544;2;T;True;1
1621266968000;14223215;1.21541;1.21547;1.21544;0;T;True;1
1621266969000;14223216;1.21541;1.21547;1.21544;0;T;True;1
1621266970000;14223217;1.21541;1.21547;1.21544;0;T;True;1
1621266971000;14223219;1.2154;1.21546;1.21543;1;T;True;1
1621266972000;14223221;1.2154;1.21546;1.21543;1;T;True;1
1621266973000;14223225;1.21538;1.21544;1.21541;3;T;True;1
1621266974000;14223226;1.21538;1.21544;1.21541;0;T;True;1
1621266975000;14223231;1.21538;1.21544;1.21541;4;T;True;1
1621266976000;14223236;1.21538;1.21544;1.21541;4;T;True;1
1621266977000;14223237;1.21538;1.21544;1.21541;0;T;True;1
1621266978000;14223242;1.21536;1.21542;1.21539;4;T;True;1
1621266979000;14223243;1.21536;1.21542;1.21539;0;T;True;1
1621266980000;14223244;1.21536;1.21542;1.21539;0;T;True;1
1621266981000;14223246;1.21535;1.21541;1.21538;1;T;True;1
1621266982000;14223249;1.21535;1.21541;1.21538;2;T;True;1
1621266983000;14223251;1.21535;1.21541;1.21538;1;T;True;1
1621266984000;14223258;1.2153;1.21536;1.21533;6;T;True;1
1621266985000;14223260;1.2153;1.21536;1.21533;1;T;True;1
1621266986000;14223261;1.2153;1.21536;1.21533;0;T;True;1
1621266987000;14223262;1.2153;1.21536;1.21533;0;T;True;1
1621266988000;14223263;1.2153;1.21536;1.21533;0;T;True;1
1621266989000;14223264;1.2153;1.21536;1.21533;0;T;True;1
1621266990000;14223265;1.2153;1.21536;1.21533;0;T;True;1
1621266991000;14223270;1.21528;1.21534;1.21531;4;T;True;1
1621266992000;14223272;1.21529;1.21535;1.21532;1;T;True;1
1621266993000;14223275;1.21529;1.21535;1.21532;2;T;True;1
1621266994000;14223278;1.2153;1.21536;1.21533;2;T;True;1
1621266995000;14223280;1.2153;1.21536;1.21533;1;T;True;1
1621266996000;14223281;1.2153;1.21536;1.21533;0;T;True;1
