ts;n;bid;ask;value;volume;phase;round;active_id
1621220262000;14101085;1.21342;1.21348;1.21345;0;T;True;1
1621220263000;14101086;1.21342;1.21348;1.21345;0;T;True;1
1621220264000;14101087;1.21342;1.21348;1.21345;0;T;True;1
1621220265000;14101088;1.21342;1.21348;1.21345;0;T;True;1
1621220266000;14101094;1.21342;1.21348;1.21345;5;T;True;1
1621220267000;14101096;1.21342;1.21348;1.21345;1;T;True;1
1621220268000;14101097;1.21342;1.21348;1.21345;0;T;True;1
1621220269000;14101101;1.2134;1.21346;1.21343;3;T;True;1
1621220270000;14101102;1.2134;1.21346;1.21343;0;T;True;1
1621220271000;14101103;1.2134;1.21346;1.21343;0;T;True;1
1621220272000;14101105;1.2134;1.21346;1.21343;1;T;True;1
1621220273000;14101106;1.2134;1.21346;1.21343;0;T;True;1
1621220274000;14101111;1.21338;1.21344;1.21341;4;T;True;1
1621220275000;14101112;1.21338;1.21344;1.21341;0;T;True;1
1621220276000;14101113;1.21338;1.21344;1.21341;0;T;True;1
1621220277000;14101114;1.21338;1.21344;1.21341;0;T;True;1
1621220278000;14101115;1.21338;1.21344;1.21341;0;T;True;1
1621220279000;14101116;1.21338;1.21344;1.21341;0;T;True;1
1621220280000;14101117;1.21338;1.21344;1.21341;0;T;True;1
1621220281000;14101118;1.21338;1.21344;1.21341;0;T;True;1
1621220282000;14101119;1.21338;1.21344;1.21341;0;T;True;1
1621220283000;14101120;1.21338;1.21344;1.21341;0;T;True;1
1621220284000;14101121;1.21338;1.21344;1.21341;0;T;True;1
1621220285000;14101122;1.21338;1.21344;1.21341;0;T;True;1
1621220286000;14101124;1.21339;1.21345;1.21342;1;T;True;1
1621220287000;14101126;1.21339;1.21345;1.21342;1;T;True;1
1621220288000;14101127;1.21339;1.21345;1.21342;0;T;True;1
1621220289000;14101128;1.21339;1.21345;1.21342;0;T;True;1
1621220290000;14101129;1.21339;1.21345;1.21342;0;T;True;1
1621220291000;14101130;1.21339;1.21345;1.21342;0;T;True;1
1621220292000;14101131;1.21339;1.21345;1.21342;0;T;True;1
1621220293000;14101132;1.21339;1.21345;1.21342;0;T;True;1
1621220294000;14101134;1.21339;1.21345;1.21342;1;T;True;1
1621220295000;14101135;1.21339;1.21345;1.21342;0;T;True;1
1621220296000;14101136;1.21339;1.21345;1.21342;0;T;True;1
1621220297000;14101137;1.21339;1.21345;1.21342;0;T;True;1
1621220298000;14101138;1.21339;1.21345;1.21342;0;T;True;1
1621220299000;14101141;1.21339;1.21345;1.21342;2;T;True;1
1621220300000;14101142;1.21339;1.21345;1.21342;0;T;True;1
1621220301000;14101143;1.21339;1.21345;1.21342;0;T;True;1
1621220302000;14101144;1.21339;1.21345;1.21342;0;T;True;1
1621220303000;14101145;1.21339;1.21345;1.21342;0;T;True;1
1621220304000;14101146;1.21339;1.21345;1.21342;0;T;True;1
1621220305000;14101147;1.21339;1.21345;1.21342;0;T;True;1
1621220306000;14101148;1.21339;1.21345;1.21342;0;T;True;1
1621220307000;14101151;1.21338;1.21344;1.21341;2;T;True;1
1621220308000;14101152;1.21338;1.21344;1.21341;0;T;True;1
1621220309000;14101153;1.21338;1.21344;1.21341;0;T;True;1
1621220310000;14101154;1.21338;1.21344;1.21341;0;T;True;1
1621220311000;14101156;1.21339;1.21345;1.21342;1;T;True;1
1621220312000;14101160;1.21342;1.21348;1.21345;3;T;True;1
1621220313000;14101161;1.21342;1.21348;1.21345;0;T;True;1
1621220314000;14101162;1.21342;1.21348;1.21345;0;T;True;1
1621220315000;14101163;1.21342;1.21348;1.21345;0;T;True;1
1621220316000;14101165;1.21342;1.21348;1.21345;1;T;True;1
1621220317000;14101170;1.21344;1.2135;1.21347;4;T;True;1
1621220318000;14101172;1.21344;1.2135;1.21347;1;T;True;1
1621220319000;14101174;1.21344;1.2135;1.21347;1;T;True;1
1621220320000;14101175;1.21344;1.2135;1.21347;0;T;True;1
1621220321000;14101177;1.21345;1.21351;1.21348;1;T;True;1
1621220322000;14101179;1.21346;1.21352;1.21349;1;T;True;1
1621220323000;14101180;1.21346;1.21352;1.21349;0;T;True;1
1621220324000;14101181;1.21346;1.21352;1.21349;0;T;True;1
1621220325000;14101184;1.21345;1.21351;1.21348;2;T;True;1
1621220326000;14101185;1.21345;1.21351;1.21348;0;T;True;1
1621220327000;14101189;1.21346;1.21352;1.21349;3;T;True;1
1621220328000;14101195;1.21346;1.21352;1.21349;5;T;True;1
1621220329000;14101197;1.21345;1.21351;1.21348;1;T;True;1
1621220330000;14101198;1.21345;1.21351;1.21348;0;T;True;1
1621220331000;14101199;1.21345;1.21351;1.21348;0;T;True;1
1621220332000;14101201;1.21345;1.21351;1.21348;1;T;True;1
1621220333000;14101204;1.21346;1.21352;1.21349;2;T;True;1
1621220334000;14101207;1.21346;1.21352;1.21349;2;T;True;1
1621220335000;14101210;1.21346;1.21352;1.21349;2;T;True;1
1621220336000;14101211;1.21346;1.21352;1.21349;0;T;True;1
1621220337000;14101212;1.21346;1.21352;1.21349;0;T;True;1
1621220338000;14101213;1.21346;1.21352;1.21349;0;T;True;1
1621220339000;14101217;1.21346;1.21352;1.21349;3;T;True;1
1621220340000;14101218;1.21346;1.21352;1.21349;0;T;True;1
1621220341000;14101219;1.21346;1.21352;1.21349;0;T;True;1
1621220342000;14101221;1.21346;1.21352;1.21349;1;T;True;1
1621220343000;14101222;1.21346;1.21352;1.21349;0;T;True;1
1621220344000;14101225;1.21346;1.21352;1.21349;2;T;True;1
1621220345000;14101226;1.21346;1.21352;1.21349;0;T;True;1
1621220346000;14101234;1.21346;1.21352;1.21349;7;T;True;1
1621220347000;14101236;1.21346;1.21352;1.21349;1;T;True;1
1621220348000;14101239;1.21346;1.21352;1.21349;2;T;True;1
1621220349000;14101241;1.21346;1.21352;1.21349;1;T;True;1
1621220350000;14101243;1.21346;1.21352;1.21349;1;T;True;1
1621220351000;14101244;1.21346;1.21352;1.21349;0;T;True;1
1621220352000;14101246;1.21346;1.21352;1.21349;1;T;True;1
1621220353000;14101251;1.21346;1.21352;1.21349;4;T;True;1
1621220354000;14101254;1.21346;1.21352;1.21349;2;T;True;1
1621220355000;14101258;1.21348;1.21354;1.21351;3;T;True;1
1621220356000;14101263;1.21348;1.21354;1.21351;4;T;True;1
1621220357000;14101265;1.21348;1.21354;1.21351;1;T;True;1
1621220358000;14101266;1.21348;1.21354;1.21351;0;T;True;1
1621220359000;14101267;1.21348;1.21354;1.21351;0;T;True;1
1621220360000;14101269;1.21348;1.21354;1.21351;1;T;True;1
1621220361000;14101273;1.2135;1.21356;1.21353;3;T;True;1
1621220362000;14101274;1.2135;1.21356;1.21353;0;T;True;1
1621220363000;14101275;1.2135;1.21356;1.21353;0;T;True;1
1621220364000;14101276;1.2135;1.21356;1.21353;0;T;True;1
1621220365000;14101277;1.2135;1.21356;1.21353;0;T;True;1
1621220366000;14101278;1.2135;1.21356;1.21353;0;T;True;1
1621220367000;14101279;1.2135;1.21356;1.21353;0;T;True;1
1621220368000;14101280;1.2135;1.21356;1.21353;0;T;True;1
1621220369000;14101281;1.2135;1.21356;1.21353;0;T;True;1
1621220370000;14101282;1.2135;1.21356;1.21353;0;T;True;1
1621220371000;14101283;1.2135;1.21356;1.21353;0;T;True;1
1621220372000;14101284;1.2135;1.21356;1.21353;0;T;True;1
1621220373000;14101285;1.2135;1.21356;1.21353;0;T;True;1
1621220374000;14101286;1.2135;1.21356;1.21353;0;T;True;1
1621220375000;14101287;1.2135;1.21356;1.21353;0;T;True;1
1621220376000;14101296;1.21352;1.21358;1.21355;8;T;True;1
1621220377000;14101298;1.21352;1.21358;1.21355;1;T;True;1
1621220378000;14101299;1.21352;1.21358;1.21355;0;T;True;1
1621220379000;14101300;1.21352;1.21358;1.21355;0;T;True;1
1621220380000;14101301;1.21352;1.21358;1.21355;0;T;True;1
1621220381000;14101302;1.21352;1.21358;1.21355;0;T;True;1
1621220382000;14101304;1.21352;1.21358;1.21355;1;T;True;1
1621220383000;14101310;1.2135;1.21356;1.21353;5;T;True;1
1621220384000;14101311;1.2135;1.21356;1.21353;0;T;True;1
1621220385000;14101312;1.2135;1.21356;1.21353;0;T;True;1
1621220386000;14101313;1.2135;1.21356;1.21353;0;T;True;1
1621220387000;14101314;1.2135;1.21356;1.21353;0;T;True;1
1621220388000;14101315;1.2135;1.21356;1.21353;0;T;True;1
1621220389000;14101316;1.2135;1.21356;1.21353;0;T;True;1
1621220390000;14101317;1.2135;1.21356;1.21353;0;T;True;1
1621220391000;14101318;1.2135;1.21356;1.21353;0;T;True;1
1621220392000;14101319;1.2135;1.21356;1.21353;0;T;True;1
1621220393000;14101320;1.2135;1.21356;1.21353;0;T;True;1
1621220394000;14101321;1.2135;1.21356;1.21353;0;T;True;1
1621220395000;14101322;1.2135;1.21356;1.21353;0;T;True;1
1621220396000;14101323;1.2135;1.21356;1.21353;0;T;True;1
1621220397000;14101325;1.2135;1.21356;1.21353;1;T;True;1
1621220398000;14101330;1.21347;1.21353;1.2135;4;T;True;1
1621220399000;14101331;1.21347;1.21353;1.2135;0;T;True;1
1621220400000;14101332;1.21347;1.21353;1.2135;0;T;True;1
1621220401000;14101339;1.21343;1.21349;1.21346;6;T;True;1
1621220402000;14101344;1.21342;1.21348;1.21345;4;T;True;1
1621220403000;14101346;1.21342;1.21348;1.21345;1;T;True;1
1621220404000;14101347;1.21342;1.21348;1.21345;0;T;True;1
1621220405000;14101348;1.21342;1.21348;1.21345;0;T;True;1
1621220406000;14101349;1.21342;1.21348;1.21345;0;T;True;1
1621220407000;14101350;1.21342;1.21348;1.21345;0;T;True;1
1621220408000;14101352;1.21341;1.21347;1.21344;1;T;True;1
1621220409000;14101354;1.21342;1.21348;1.21345;1;T;True;1
1621220410000;14101355;1.21342;1.21348;1.21345;0;T;True;1
1621220411000;14101356;1.21342;1.21348;1.21345;0;T;True;1
1621220412000;14101357;1.21342;1.21348;1.21345;0;T;True;1
1621220413000;14101361;1.21343;1.21349;1.21346;3;T;True;1
1621220414000;14101365;1.21342;1.21348;1.21345;3;T;True;1
1621220415000;14101372;1.21342;1.21348;1.21345;6;T;True;1
1621220416000;14101374;1.21341;1.21347;1.21344;1;T;True;1
1621220417000;14101376;1.2134;1.21346;1.21343;1;T;True;1
1621220418000;14101377;1.2134;1.21346;1.21343;0;T;True;1
1621220419000;14101379;1.2134;1.21346;1.21343;1;T;True;1
1621220420000;14101380;1.2134;1.21346;1.21343;0;T;True;1
1621220421000;14101381;1.2134;1.21346;1.21343;0;T;True;1
1621220422000;14101382;1.2134;1.21346;1.21343;0;T;True;1
1621220423000;14101383;1.2134;1.21346;1.21343;0;T;True;1
1621220424000;14101384;1.2134;1.21346;1.21343;0;T;True;1
1621220425000;14101385;1.2134;1.21346;1.21343;0;T;True;1
1621220426000;14101387;1.2134;1.21346;1.21343;1;T;True;1
1621220427000;14101388;1.2134;1.21346;1.21343;0;T;True;1
1621220428000;14101389;1.2134;1.21346;1.21343;0;T;True;1
1621220429000;14101390;1.2134;1.21346;1.21343;0;T;True;1
1621220430000;14101392;1.2134;1.21346;1.21343;1;T;True;1
1621220431000;14101393;1.2134;1.21346;1.21343;0;T;True;1
1621220432000;14101394;1.2134;1.21346;1.21343;0;T;True;1
1621220433000;14101396;1.2134;1.21346;1.21343;1;T;True;1
1621220434000;14101397;1.2134;1.21346;1.21343;0;T;True;1
1621220435000;14101398;1.2134;1.21346;1.21343;0;T;True;1
1621220436000;14101399;1.2134;1.21346;1.21343;0;T;True;1
1621220437000;14101400;1.2134;1.21346;1.21343;0;T;True;1
1621220438000;14101401;1.2134;1.21346;1.21343;0;T;True;1
1621220439000;14101402;1.2134;1.21346;1.21343;0;T;True;1
1621220440000;14101403;1.2134;1.21346;1.21343;0;T;True;1
1621220441000;14101404;1.2134;1.21346;1.21343;0;T;True;1
1621220442000;14101405;1.2134;1.21346;1.21343;0;T;True;1
1621220443000;14101406;1.2134;1.21346;1.21343;0;T;True;1
1621220444000;14101407;1.2134;1.21346;1.21343;0;T;True;1
1621220445000;14101410;1.2134;1.21346;1.21343;2;T;True;1
1621220446000;14101411;1.2134;1.21346;1.21343;0;T;True;1
1621220447000;14101412;1.2134;1.21346;1.21343;0;T;True;1
1621220448000;14101413;1.2134;1.21346;1.21343;0;T;True;1
1621220449000;14101414;1.2134;1.21346;1.21343;0;T;True;1
1621220450000;14101415;1.2134;1.21346;1.21343;0;T;True;1
1621220451000;14101416;1.2134;1.21346;1.21343;0;T;True;1
1621220452000;14101417;1.2134;1.21346;1.21343;0;T;True;1
1621220453000;14101418;1.2134;1.21346;1.21343;0;T;True;1
1621220454000;14101419;1.2134;1.21346;1.21343;0;T;True;1
1621220455000;14101420;1.2134;1.21346;1.21343;0;T;True;1
1621220456000;14101421;1.2134;1.21346;1.21343;0;T;True;1
1621220457000;14101422;1.2134;1.21346;1.21343;0;T;True;1
1621220458000;14101423;1.2134;1.21346;1.21343;0;T;True;1
1621220459000;14101424;1.2134;1.21346;1.21343;0;T;True;1
1621220460000;14101425;1.2134;1.21346;1.21343;0;T;True;1
1621220461000;14101429;1.21338;1.21344;1.21341;3;T;True;1
1621220462000;14101430;1.21338;1.21344;1.21341;0;T;True;1
1621220463000;14101431;1.21338;1.21344;1.21341;0;T;True;1
1621220464000;14101432;1.21338;1.21344;1.21341;0;T;True;1
1621220465000;14101433;1.21338;1.21344;1.21341;0;T;True;1
1621220466000;14101434;1.21338;1.21344;1.21341;0;T;True;1
1621220467000;14101435;1.21338;1.21344;1.21341;0;T;True;1
1621220468000;14101436;1.21338;1.21344;1.21341;0;T;True;1
1621220469000;14101437;1.21338;1.21344;1.21341;0;T;True;1
1621220470000;14101438;1.21338;1.21344;1.21341;0;T;True;1
1621220471000;14101439;1.21338;1.21344;1.21341;0;T;True;1
1621220472000;14101440;1.21338;1.21344;1.21341;0;T;True;1
1621220473000;14101441;1.21338;1.21344;1.21341;0;T;True;1
1621220474000;14101442;1.21338;1.21344;1.21341;0;T;True;1
1621220475000;14101443;1.21338;1.21344;1.21341;0;T;True;1
1621220476000;14101444;1.21338;1.21344;1.21341;0;T;True;1
1621220477000;14101445;1.21338;1.21344;1.21341;0;T;True;1
1621220478000;14101446;1.21338;1.21344;1.21341;0;T;True;1
1621220479000;14101447;1.21338;1.21344;1.21341;0;T;True;1
1621220480000;14101448;1.21338;1.21344;1.21341;0;T;True;1
1621220481000;14101449;1.21338;1.21344;1.21341;0;T;True;1
1621220482000;14101450;1.21338;1.21344;1.21341;0;T;True;1
1621220483000;14101451;1.21338;1.21344;1.21341;0;T;True;1
1621220484000;14101452;1.21338;1.21344;1.21341;0;T;True;1
1621220485000;14101453;1.21338;1.21344;1.21341;0;T;True;1
1621220486000;14101456;1.2134;1.21346;1.21343;2;T;True;1
1621220487000;14101460;1.21342;1.21348;1.21345;3;T;True;1
1621220488000;14101463;1.21342;1.21348;1.21345;2;T;True;1
1621220489000;14101466;1.21342;1.21348;1.21345;2;T;True;1
1621220490000;14101467;1.21342;1.21348;1.21345;0;T;True;1
1621220491000;14101468;1.21342;1.21348;1.21345;0;T;True;1
1621220492000;14101470;1.21342;1.21348;1.21345;1;T;True;1
1621220493000;14101471;1.21342;1.21348;1.21345;0;T;True;1
1621220494000;14101474;1.21342;1.21348;1.21345;2;T;True;1
1621220495000;14101476;1.21342;1.21348;1.21345;1;T;True;1
1621220496000;14101480;1.21342;1.21348;1.21345;3;T;True;1
1621220497000;14101482;1.21342;1.21348;1.21345;1;T;True;1
1621220498000;14101483;1.21342;1.21348;1.21345;0;T;True;1
1621220499000;14101484;1.21342;1.21348;1.21345;0;T;True;1
1621220500000;14101485;1.21342;1.21348;1.21345;0;T;True;1
1621220501000;14101486;1.21342;1.21348;1.21345;0;T;True;1
1621220502000;14101487;1.21342;1.21348;1.21345;0;T;True;1
1621220503000;14101488;1.21342;1.21348;1.21345;0;T;True;1
1621220504000;14101489;1.21342;1.21348;1.21345;0;T;True;1
1621220505000;14101490;1.21342;1.21348;1.21345;0;T;True;1
1621220506000;14101491;1.21342;1.21348;1.21345;0;T;True;1
1621220507000;14101492;1.21342;1.21348;1.21345;0;T;True;1
1621220508000;14101493;1.21342;1.21348;1.21345;0;T;True;1
1621220509000;14101494;1.21342;1.21348;1.21345;0;T;True;1
1621220510000;14101495;1.21342;1.21348;1.21345;0;T;True;1
1621220511000;14101496;1.21342;1.21348;1.21345;0;T;True;1
1621220512000;14101497;1.21342;1.21348;1.21345;0;T;True;1
1621220513000;14101498;1.21342;1.21348;1.21345;0;T;True;1
1621220514000;14101499;1.21342;1.21348;1.21345;0;T;True;1
1621220515000;14101500;1.21342;1.21348;1.21345;0;T;True;1
1621220516000;14101501;1.21342;1.21348;1.21345;0;T;True;1
1621220517000;14101502;1.21342;1.21348;1.21345;0;T;True;1
1621220518000;14101503;1.21342;1.21348;1.21345;0;T;True;1
1621220519000;14101504;1.21342;1.21348;1.21345;0;T;True;1
1621220520000;14101505;1.21342;1.21348;1.21345;0;T;True;1
1621220521000;14101506;1.21342;1.21348;1.21345;0;T;True;1
1621220522000;14101508;1.21342;1.21348;1.21345;1;T;True;1
1621220523000;14101511;1.2134;1.21346;1.21343;2;T;True;1
1621220524000;14101513;1.2134;1.21346;1.21343;1;T;True;1
1621220525000;14101514;1.2134;1.21346;1.21343;0;T;True;1
1621220526000;14101515;1.2134;1.21346;1.21343;0;T;True;1
1621220527000;14101518;1.21339;1.21345;1.21342;2;T;True;1
1621220528000;14101519;1.21339;1.21345;1.21342;0;T;True;1
1621220529000;14101522;1.2134;1.21346;1.21343;2;T;True;1
1621220530000;14101523;1.2134;1.21346;1.21343;0;T;True;1
1621220531000;14101524;1.2134;1.21346;1.21343;0;T;True;1
1621220532000;14101525;1.2134;1.21346;1.21343;0;T;True;1
1621220533000;14101526;1.2134;1.21346;1.21343;0;T;True;1
1621220534000;14101527;1.2134;1.21346;1.21343;0;T;True;1
1621220535000;14101528;1.2134;1.21346;1.21343;0;T;True;1
1621220536000;14101529;1.2134;1.21346;1.21343;0;T;True;1
1621220537000;14101530;1.2134;1.21346;1.21343;0;T;True;1
1621220538000;14101534;1.2134;1.21346;1.21343;3;T;True;1
1621220539000;14101536;1.2134;1.21346;1.21343;1;T;True;1
1621220540000;14101537;1.2134;1.21346;1.21343;0;T;True;1
1621220541000;14101538;1.2134;1.21346;1.21343;0;T;True;1
1621220542000;14101539;1.2134;1.21346;1.21343;0;T;True;1
1621220543000;14101541;1.2134;1.21346;1.21343;1;T;True;1
1621220544000;14101542;1.2134;1.21346;1.21343;0;T;True;1
1621220545000;14101543;1.2134;1.21346;1.21343;0;T;True;1
1621220546000;14101544;1.2134;1.21346;1.21343;0;T;True;1
1621220547000;14101545;1.2134;1.21346;1.21343;0;T;True;1
1621220548000;14101548;1.21338;1.21344;1.21341;2;T;True;1
1621220549000;14101549;1.21338;1.21344;1.21341;0;T;True;1
1621220550000;14101550;1.21338;1.21344;1.21341;0;T;True;1
1621220551000;14101555;1.21336;1.21342;1.21339;4;T;True;1
1621220552000;14101559;1.21338;1.21344;1.21341;3;T;True;1
1621220553000;14101562;1.21338;1.21344;1.21341;2;T;True;1
1621220554000;14101565;1.21337;1.21343;1.2134;2;T;True;1
1621220555000;14101566;1.21337;1.21343;1.2134;0;T;True;1
1621220556000;14101569;1.21338;1.21344;1.21341;2;T;True;1
1621220557000;14101570;1.21338;1.21344;1.21341;0;T;True;1
1621220558000;14101571;1.21338;1.21344;1.21341;0;T;True;1
1621220559000;14101572;1.21338;1.21344;1.21341;0;T;True;1
1621220560000;14101577;1.21338;1.21344;1.21341;4;T;True;1
1621220561000;14101578;1.21338;1.21344;1.21341;0;T;True;1
1621220562000;14101579;1.21338;1.21344;1.21341;0;T;True;1
1621220563000;14101580;1.21338;1.21344;1.21341;0;T;True;1
1621220564000;14101581;1.21338;1.21344;1.21341;0;T;True;1
1621220565000;14101582;1.21338;1.21344;1.21341;0;T;True;1
1621220566000;14101587;1.21338;1.21344;1.21341;4;T;True;1
1621220567000;14101588;1.21338;1.21344;1.21341;0;T;True;1
1621220568000;14101589;1.21338;1.21344;1.21341;0;T;True;1
1621220569000;14101590;1.21338;1.21344;1.21341;0;T;True;1
1621220570000;14101591;1.21338;1.21344;1.21341;0;T;True;1
1621220571000;14101592;1.21338;1.21344;1.21341;0;T;True;1
1621220572000;14101594;1.21339;1.21345;1.21342;1;T;True;1
1621220573000;14101596;1.21338;1.21344;1.21341;1;T;True;1
1621220574000;14101597;1.21338;1.21344;1.21341;0;T;True;1
1621220575000;14101598;1.21338;1.21344;1.21341;0;T;True;1
1621220576000;14101599;1.21338;1.21344;1.21341;0;T;True;1
1621220577000;14101602;1.21337;1.21343;1.2134;2;T;True;1
1621220578000;14101603;1.21337;1.21343;1.2134;0;T;True;1
1621220579000;14101604;1.21337;1.21343;1.2134;0;T;True;1
1621220580000;14101606;1.21338;1.21344;1.21341;1;T;True;1
1621220581000;14101614;1.2134;1.21346;1.21343;7;T;True;1
1621220582000;14101615;1.2134;1.21346;1.21343;0;T;True;1
1621220583000;14101618;1.2134;1.21346;1.21343;2;T;True;1
1621220584000;14101624;1.2134;1.21346;1.21343;5;T;True;1
1621220585000;14101636;1.21342;1.21348;1.21345;11;T;True;1
1621220586000;14101642;1.21342;1.21348;1.21345;5;T;True;1
1621220587000;14101643;1.21342;1.21348;1.21345;0;T;True;1
1621220588000;14101648;1.21344;1.2135;1.21347;4;T;True;1
1621220589000;14101653;1.21344;1.2135;1.21347;4;T;True;1
1621220590000;14101654;1.21344;1.2135;1.21347;0;T;True;1
1621220591000;14101655;1.21344;1.2135;1.21347;0;T;True;1
1621220592000;14101656;1.21344;1.2135;1.21347;0;T;True;1
1621220593000;14101657;1.21344;1.2135;1.21347;0;T;True;1
1621220594000;14101658;1.21344;1.2135;1.21347;0;T;True;1
1621220595000;14101664;1.21344;1.2135;1.21347;5;T;True;1
1621220596000;14101666;1.21344;1.2135;1.21347;1;T;True;1
1621220597000;14101667;1.21344;1.2135;1.21347;0;T;True;1
1621220598000;14101673;1.21344;1.2135;1.21347;5;T;True;1
1621220599000;14101679;1.21344;1.2135;1.21347;5;T;True;1
1621220600000;14101680;1.21344;1.2135;1.21347;0;T;True;1
1621220601000;14101681;1.21344;1.2135;1.21347;0;T;True;1
1621220602000;14101682;1.21344;1.2135;1.21347;0;T;True;1
1621220603000;14101683;1.21344;1.2135;1.21347;0;T;True;1
1621220604000;14101684;1.21344;1.2135;1.21347;0;T;True;1
1621220605000;14101685;1.21344;1.2135;1.21347;0;T;True;1
1621220606000;14101686;1.21344;1.2135;1.21347;0;T;True;1
1621220607000;14101689;1.21344;1.2135;1.21347;2;T;True;1
1621220608000;14101690;1.21344;1.2135;1.21347;0;T;True;1
1621220609000;14101691;1.21344;1.2135;1.21347;0;T;True;1
1621220610000;14101692;1.21344;1.2135;1.21347;0;T;True;1
1621220611000;14101693;1.21344;1.2135;1.21347;0;T;True;1
1621220612000;14101694;1.21344;1.2135;1.21347;0;T;True;1
1621220613000;14101695;1.21344;1.2135;1.21347;0;T;True;1
1621220614000;14101696;1.21344;1.2135;1.21347;0;T;True;1
1621220615000;14101698;1.21344;1.2135;1.21347;1;T;True;1
1621220616000;14101700;1.21344;1.2135;1.21347;1;T;True;1
1621220617000;14101702;1.21345;1.21351;1.21348;1;T;True;1
1621220618000;14101704;1.21344;1.2135;1.21347;1;T;True;1
1621220619000;14101706;1.21344;1.2135;1.21347;1;T;True;1
1621220620000;14101707;1.21344;1.2135;1.21347;0;T;True;1
1621220621000;14101708;1.21344;1.2135;1.21347;0;T;True;1
1621220622000;14101709;1.21344;1.2135;1.21347;0;T;True;1
1621220623000;14101710;1.21344;1.2135;1.21347;0;T;True;1
1621220624000;14101711;1.21344;1.2135;1.21347;0;T;True;1
1621220625000;14101712;1.21344;1.2135;1.21347;0;T;True;1
1621220626000;14101713;1.21344;1.2135;1.21347;0;T;True;1
1621220627000;14101714;1.21344;1.2135;1.21347;0;T;True;1
1621220628000;14101715;1.21344;1.2135;1.21347;0;T;True;1
1621220629000;14101716;1.21344;1.2135;1.21347;0;T;True;1
1621220630000;14101717;1.21344;1.2135;1.21347;0;T;True;1
1621220631000;14101718;1.21344;1.2135;1.21347;0;T;True;1
1621220632000;14101719;1.21344;1.2135;1.21347;0;T;True;1
1621220633000;14101721;1.21344;1.2135;1.21347;1;T;True;1
1621220634000;14101722;1.21344;1.2135;1.21347;0;T;True;1
1621220635000;14101725;1.21344;1.2135;1.21347;2;T;True;1
1621220636000;14101729;1.21344;1.2135;1.21347;3;T;True;1
1621220637000;14101735;1.21344;1.2135;1.21347;5;T;True;1
1621220638000;14101736;1.21344;1.2135;1.21347;0;T;True;1
1621220639000;14101738;1.21344;1.2135;1.21347;1;T;True;1
1621220640000;14101739;1.21344;1.2135;1.21347;0;T;True;1
1621220641000;14101742;1.21344;1.2135;1.21347;2;T;True;1
1621220642000;14101745;1.21344;1.2135;1.21347;2;T;True;1
1621220643000;14101748;1.21344;1.2135;1.21347;2;T;True;1
1621220644000;14101749;1.21344;1.2135;1.21347;0;T;True;1
1621220645000;14101750;1.21344;1.2135;1.21347;0;T;True;1
1621220646000;14101751;1.21344;1.2135;1.21347;0;T;True;1
1621220647000;14101757;1.21348;1.21354;1.21351;5;T;True;1
1621220648000;14101761;1.21349;1.21355;1.21352;3;T;True;1
1621220649000;14101763;1.21349;1.21355;1.21352;1;T;True;1
1621220650000;14101766;1.2135;1.21356;1.21353;2;T;True;1
1621220651000;14101768;1.2135;1.21356;1.21353;1;T;True;1
1621220652000;14101769;1.2135;1.21356;1.21353;0;T;True;1
1621220653000;14101770;1.2135;1.21356;1.21353;0;T;True;1
1621220654000;14101771;1.2135;1.21356;1.21353;0;T;True;1
1621220655000;14101774;1.21349;1.21355;1.21352;2;T;True;1
1621220656000;14101775;1.21349;1.21355;1.21352;0;T;True;1
1621220657000;14101777;1.21349;1.21355;1.21352;1;T;True;1
1621220658000;14101779;1.21349;1.21355;1.21352;1;T;True;1
1621220659000;14101780;1.21349;1.21355;1.21352;0;T;True;1
1621220660000;14101781;1.21349;1.21355;1.21352;0;T;True;1
1621220661000;14101782;1.21349;1.21355;1.21352;0;T;True;1
1621220662000;14101783;1.21349;1.21355;1.21352;0;T;True;1
1621220663000;14101785;1.21349;1.21355;1.21352;1;T;True;1
1621220664000;14101786;1.21349;1.21355;1.21352;0;T;True;1
1621220665000;14101787;1.21349;1.21355;1.21352;0;T;True;1
1621220666000;14101788;1.21349;1.21355;1.21352;0;T;True;1
1621220667000;14101790;1.21349;1.21355;1.21352;1;T;True;1
1621220668000;14101799;1.21352;1.21358;1.21355;8;T;True;1
1621220669000;14101801;1.21352;1.21358;1.21355;1;T;True;1
1621220670000;14101803;1.21352;1.21358;1.21355;1;T;True;1
1621220671000;14101804;1.21352;1.21358;1.21355;0;T;True;1
1621220672000;14101805;1.21352;1.21358;1.21355;0;T;True;1
1621220673000;14101807;1.21352;1.21358;1.21355;1;T;True;1
1621220674000;14101808;1.21352;1.21358;1.21355;0;T;True;1
1621220675000;14101809;1.21352;1.21358;1.21355;0;T;True;1
1621220676000;14101811;1.21352;1.21358;1.21355;1;T;True;1
1621220677000;14101812;1.21352;1.21358;1.21355;0;T;True;1
1621220678000;14101813;1.21352;1.21358;1.21355;0;T;True;1
1621220679000;14101814;1.21352;1.21358;1.21355;0;T;True;1
1621220680000;14101815;1.21352;1.21358;1.21355;0;T;True;1
1621220681000;14101816;1.21352;1.21358;1.21355;0;T;True;1
1621220682000;14101817;1.21352;1.21358;1.21355;0;T;True;1
1621220683000;14101818;1.21352;1.21358;1.21355;0;T;True;1
1621220684000;14101819;1.21352;1.21358;1.21355;0;T;True;1
1621220685000;14101820;1.21352;1.21358;1.21355;0;T;True;1
1621220686000;14101821;1.21352;1.21358;1.21355;0;T;True;1
1621220687000;14101823;1.21353;1.21359;1.21356;1;T;True;1
1621220688000;14101824;1.21353;1.21359;1.21356;0;T;True;1
1621220689000;14101826;1.21353;1.21359;1.21356;1;T;True;1
1621220690000;14101827;1.21353;1.21359;1.21356;0;T;True;1
1621220691000;14101828;1.21353;1.21359;1.21356;0;T;True;1
1621220692000;14101829;1.21353;1.21359;1.21356;0;T;True;1
1621220693000;14101830;1.21353;1.21359;1.21356;0;T;True;1
1621220694000;14101831;1.21353;1.21359;1.21356;0;T;True;1
1621220695000;14101833;1.21353;1.21359;1.21356;1;T;True;1
1621220696000;14101834;1.21353;1.21359;1.21356;0;T;True;1
1621220697000;14101835;1.21353;1.21359;1.21356;0;T;True;1
1621220698000;14101836;1.21353;1.21359;1.21356;0;T;True;1
1621220699000;14101837;1.21353;1.21359;1.21356;0;T;True;1
1621220700000;14101838;1.21353;1.21359;1.21356;0;T;True;1
1621220701000;14101840;1.21353;1.21359;1.21356;1;T;True;1
1621220702000;14101841;1.21353;1.21359;1.21356;0;T;True;1
1621220703000;14101843;1.21352;1.21358;1.21355;1;T;True;1
1621220704000;14101845;1.21353;1.21359;1.21356;1;T;True;1
1621220705000;14101850;1.21353;1.21359;1.21356;4;T;True;1
1621220706000;14101851;1.21353;1.21359;1.21356;0;T;True;1
1621220707000;14101852;1.21353;1.21359;1.21356;0;T;True;1
1621220708000;14101854;1.21352;1.21358;1.21355;1;T;True;1
1621220709000;14101855;1.21352;1.21358;1.21355;0;T;True;1
1621220710000;14101857;1.21353;1.21359;1.21356;1;T;True;1
1621220711000;14101859;1.21353;1.21359;1.21356;1;T;True;1
1621220712000;14101861;1.21353;1.21359;1.21356;1;T;True;1
1621220713000;14101862;1.21353;1.21359;1.21356;0;T;True;1
1621220714000;14101863;1.21353;1.21359;1.21356;0;T;True;1
1621220715000;14101865;1.21352;1.21358;1.21355;1;T;True;1
1621220716000;14101867;1.21353;1.21359;1.21356;1;T;True;1
1621220717000;14101868;1.21353;1.21359;1.21356;0;T;True;1
1621220718000;14101869;1.21353;1.21359;1.21356;0;T;True;1
1621220719000;14101870;1.21353;1.21359;1.21356;0;T;True;1
1621220720000;14101872;1.21352;1.21358;1.21355;1;T;True;1
1621220721000;14101873;1.21352;1.21358;1.21355;0;T;True;1
1621220722000;14101874;1.21352;1.21358;1.21355;0;T;True;1
1621220723000;14101880;1.2135;1.21356;1.21353;5;T;True;1
1621220724000;14101882;1.21348;1.21354;1.21351;1;T;True;1
1621220725000;14101883;1.21348;1.21354;1.21351;0;T;True;1
1621220726000;14101884;1.21348;1.21354;1.21351;0;T;True;1
1621220727000;14101885;1.21348;1.21354;1.21351;0;T;True;1
1621220728000;14101886;1.21348;1.21354;1.21351;0;T;True;1
1621220729000;14101888;1.21348;1.21354;1.21351;1;T;True;1
1621220730000;14101890;1.21348;1.21354;1.21351;1;T;True;1
1621220731000;14101892;1.21348;1.21354;1.21351;1;T;True;1
1621220732000;14101899;1.21349;1.21355;1.21352;6;T;True;1
1621220733000;14101900;1.21349;1.21355;1.21352;0;T;True;1
1621220734000;14101901;1.21349;1.21355;1.21352;0;T;True;1
1621220735000;14101902;1.21349;1.21355;1.21352;0;T;True;1
1621220736000;14101905;1.2135;1.21356;1.21353;2;T;True;1
1621220737000;14101906;1.2135;1.21356;1.21353;0;T;True;1
1621220738000;14101907;1.2135;1.21356;1.21353;0;T;True;1
1621220739000;14101909;1.2135;1.21356;1.21353;1;T;True;1
1621220740000;14101911;1.2135;1.21356;1.21353;1;T;True;1
1621220741000;14101912;1.2135;1.21356;1.21353;0;T;True;1
1621220742000;14101913;1.2135;1.21356;1.21353;0;T;True;1
1621220743000;14101914;1.2135;1.21356;1.21353;0;T;True;1
1621220744000;14101919;1.21351;1.21357;1.21354;4;T;True;1
1621220745000;14101920;1.21351;1.21357;1.21354;0;T;True;1
1621220746000;14101923;1.21351;1.21357;1.21354;2;T;True;1
1621220747000;14101925;1.21352;1.21358;1.21355;1;T;True;1
1621220748000;14101929;1.21352;1.21358;1.21355;3;T;True;1
1621220749000;14101931;1.21352;1.21358;1.21355;1;T;True;1
1621220750000;14101933;1.21352;1.21358;1.21355;1;T;True;1
1621220751000;14101934;1.21352;1.21358;1.21355;0;T;True;1
1621220752000;14101935;1.21352;1.21358;1.21355;0;T;True;1
1621220753000;14101938;1.21352;1.21358;1.21355;2;T;True;1
1621220754000;14101940;1.21352;1.21358;1.21355;1;T;True;1
1621220755000;14101943;1.21353;1.21359;1.21356;2;T;True;1
1621220756000;14101944;1.21353;1.21359;1.21356;0;T;True;1
1621220757000;14101945;1.21353;1.21359;1.21356;0;T;True;1
1621220758000;14101947;1.21352;1.21358;1.21355;1;T;True;1
1621220759000;14101948;1.21352;1.21358;1.21355;0;T;True;1
1621220760000;14101949;1.21352;1.21358;1.21355;0;T;True;1
1621220761000;14101950;1.21352;1.21358;1.21355;0;T;True;1
1621220762000;14101951;1.21352;1.21358;1.21355;0;T;True;1
1621220763000;14101952;1.21352;1.21358;1.21355;0;T;True;1
1621220764000;14101953;1.21352;1.21358;1.21355;0;T;True;1
1621220765000;14101954;1.21352;1.21358;1.21355;0;T;True;1
1621220766000;14101957;1.21353;1.21359;1.21356;2;T;True;1
1621220767000;14101958;1.21353;1.21359;1.21356;0;T;True;1
1621220768000;14101960;1.21353;1.21359;1.21356;1;T;True;1
1621220769000;14101961;1.21353;1.21359;1.21356;0;T;True;1
1621220770000;14101962;1.21353;1.21359;1.21356;0;T;True;1
1621220771000;14101963;1.21353;1.21359;1.21356;0;T;True;1
1621220772000;14101964;1.21353;1.21359;1.21356;0;T;True;1
1621220773000;14101965;1.21353;1.21359;1.21356;0;T;True;1
1621220774000;14101966;1.21353;1.21359;1.21356;0;T;True;1
1621220775000;14101967;1.21353;1.21359;1.21356;0;T;True;1
1621220776000;14101968;1.21353;1.21359;1.21356;0;T;True;1
1621220777000;14101969;1.21353;1.21359;1.21356;0;T;True;1
1621220778000;14101970;1.21353;1.21359;1.21356;0;T;True;1
1621220779000;14101971;1.21353;1.21359;1.21356;0;T;True;1
1621220780000;14101972;1.21353;1.21359;1.21356;0;T;True;1
1621220781000;14101973;1.21353;1.21359;1.21356;0;T;True;1
1621220782000;14101974;1.21353;1.21359;1.21356;0;T;True;1
1621220783000;14101975;1.21353;1.21359;1.21356;0;T;True;1
1621220784000;14101976;1.21353;1.21359;1.21356;0;T;True;1
1621220785000;14101977;1.21353;1.21359;1.21356;0;T;True;1
1621220786000;14101978;1.21353;1.21359;1.21356;0;T;True;1
1621220787000;14101979;1.21353;1.21359;1.21356;0;T;True;1
1621220788000;14101980;1.21353;1.21359;1.21356;0;T;True;1
1621220789000;14101981;1.21353;1.21359;1.21356;0;T;True;1
1621220790000;14101982;1.21353;1.21359;1.21356;0;T;True;1
1621220791000;14101983;1.21353;1.21359;1.21356;0;T;True;1
1621220792000;14101984;1.21353;1.21359;1.21356;0;T;True;1
1621220793000;14101985;1.21353;1.21359;1.21356;0;T;True;1
1621220794000;14101986;1.21353;1.21359;1.21356;0;T;True;1
1621220795000;14101987;1.21353;1.21359;1.21356;0;T;True;1
1621220796000;14101988;1.21353;1.21359;1.21356;0;T;True;1
1621220797000;14101989;1.21353;1.21359;1.21356;0;T;True;1
1621220798000;14101990;1.21353;1.21359;1.21356;0;T;True;1
1621220799000;14101991;1.21353;1.21359;1.21356;0;T;True;1
1621220800000;14101992;1.21353;1.21359;1.21356;0;T;True;1
1621220801000;14101993;1.21353;1.21359;1.21356;0;T;True;1
1621220802000;14101994;1.21353;1.21359;1.21356;0;T;True;1
1621220803000;14101995;1.21353;1.21359;1.21356;0;T;True;1
1621220804000;14101996;1.21353;1.21359;1.21356;0;T;True;1
1621220805000;14101997;1.21353;1.21359;1.21356;0;T;True;1
1621220806000;14101998;1.21353;1.21359;1.21356;0;T;True;1
1621220807000;14101999;1.21353;1.21359;1.21356;0;T;True;1
1621220808000;14102000;1.21353;1.21359;1.21356;0;T;True;1
1621220809000;14102001;1.21353;1.21359;1.21356;0;T;True;1
1621220810000;14102003;1.21353;1.21359;1.21356;1;T;True;1
1621220811000;14102004;1.21353;1.21359;1.21356;0;T;True;1
1621220812000;14102006;1.21352;1.21358;1.21355;1;T;True;1
1621220813000;14102014;1.21348;1.21354;1.21351;7;T;True;1
1621220814000;14102015;1.21348;1.21354;1.21351;0;T;True;1
1621220815000;14102018;1.21348;1.21354;1.21351;2;T;True;1
1621220816000;14102020;1.21348;1.21354;1.21351;1;T;True;1
1621220817000;14102021;1.21348;1.21354;1.21351;0;T;True;1
1621220818000;14102022;1.21348;1.21354;1.21351;0;T;True;1
1621220819000;14102023;1.21348;1.21354;1.21351;0;T;True;1
1621220820000;14102027;1.21349;1.21355;1.21352;3;T;True;1
1621220821000;14102028;1.21349;1.21355;1.21352;0;T;True;1
1621220822000;14102030;1.21349;1.21355;1.21352;1;T;True;1
1621220823000;14102032;1.2135;1.21356;1.21353;1;T;True;1
1621220824000;14102033;1.2135;1.21356;1.21353;0;T;True;1
1621220825000;14102034;1.2135;1.21356;1.21353;0;T;True;1
1621220826000;14102035;1.2135;1.21356;1.21353;0;T;True;1
1621220827000;14102036;1.2135;1.21356;1.21353;0;T;True;1
1621220828000;14102037;1.2135;1.21356;1.21353;0;T;True;1
1621220829000;14102043;1.2135;1.21356;1.21353;5;T;True;1
1621220830000;14102044;1.2135;1.21356;1.21353;0;T;True;1
1621220831000;14102045;1.2135;1.21356;1.21353;0;T;True;1
1621220832000;14102046;1.2135;1.21356;1.21353;0;T;True;1
1621220833000;14102047;1.2135;1.21356;1.21353;0;T;True;1
1621220834000;14102048;1.2135;1.21356;1.21353;0;T;True;1
1621220835000;14102058;1.21352;1.21358;1.21355;9;T;True;1
1621220836000;14102060;1.21352;1.21358;1.21355;1;T;True;1
1621220837000;14102062;1.21352;1.21358;1.21355;1;T;True;1
1621220838000;14102063;1.21352;1.21358;1.21355;0;T;True;1
1621220839000;14102067;1.21352;1.21358;1.21355;3;T;True;1
1621220840000;14102069;1.21352;1.21358;1.21355;1;T;True;1
1621220841000;14102072;1.21352;1.21358;1.21355;2;T;True;1
1621220842000;14102074;1.21352;1.21358;1.21355;1;T;True;1
1621220843000;14102075;1.21352;1.21358;1.21355;0;T;True;1
1621220844000;14102076;1.21352;1.21358;1.21355;0;T;True;1
1621220845000;14102077;1.21352;1.21358;1.21355;0;T;True;1
1621220846000;14102078;1.21352;1.21358;1.21355;0;T;True;1
1621220847000;14102079;1.21352;1.21358;1.21355;0;T;True;1
1621220848000;14102080;1.21352;1.21358;1.21355;0;T;True;1
1621220849000;14102081;1.21352;1.21358;1.21355;0;T;True;1
1621220850000;14102082;1.21352;1.21358;1.21355;0;T;True;1
1621220851000;14102083;1.21352;1.21358;1.21355;0;T;True;1
1621220852000;14102084;1.21352;1.21358;1.21355;0;T;True;1
1621220853000;14102089;1.21353;1.21359;1.21356;4;T;True;1
1621220854000;14102091;1.21354;1.2136;1.21357;1;T;True;1
1621220855000;14102092;1.21354;1.2136;1.21357;0;T;True;1
1621220856000;14102094;1.21354;1.2136;1.21357;1;T;True;1
1621220857000;14102095;1.21354;1.2136;1.21357;0;T;True;1
1621220858000;14102096;1.21354;1.2136;1.21357;0;T;True;1
1621220859000;14102097;1.21354;1.2136;1.21357;0;T;True;1
1621220860000;14102099;1.21354;1.2136;1.21357;1;T;True;1
1621220861000;14102102;1.21354;1.2136;1.21357;2;T;True;1
1621220862000;14102104;1.21354;1.2136;1.21357;1;T;True;1
1621220863000;14102105;1.21354;1.2136;1.21357;0;T;True;1
1621220864000;14102106;1.21354;1.2136;1.21357;0;T;True;1
1621220865000;14102107;1.21354;1.2136;1.21357;0;T;True;1
1621220866000;14102108;1.21354;1.2136;1.21357;0;T;True;1
1621220867000;14102116;1.21352;1.21358;1.21355;7;T;True;1
1621220868000;14102117;1.21352;1.21358;1.21355;0;T;True;1
1621220869000;14102120;1.21352;1.21358;1.21355;2;T;True;1
1621220870000;14102121;1.21352;1.21358;1.21355;0;T;True;1
1621220871000;14102122;1.21352;1.21358;1.21355;0;T;True;1
1621220872000;14102123;1.21352;1.21358;1.21355;0;T;True;1
1621220873000;14102124;1.21352;1.21358;1.21355;0;T;True;1
1621220874000;14102127;1.21352;1.21358;1.21355;2;T;True;1
1621220875000;14102135;1.2135;1.21356;1.21353;7;T;True;1
1621220876000;14102137;1.2135;1.21356;1.21353;1;T;True;1
1621220877000;14102138;1.2135;1.21356;1.21353;0;T;True;1
1621220878000;14102139;1.2135;1.21356;1.21353;0;T;True;1
1621220879000;14102140;1.2135;1.21356;1.21353;0;T;True;1
1621220880000;14102141;1.2135;1.21356;1.21353;0;T;True;1
1621220881000;14102145;1.21352;1.21358;1.21355;3;T;True;1
1621220882000;14102146;1.21352;1.21358;1.21355;0;T;True;1
1621220883000;14102149;1.21353;1.21359;1.21356;2;T;True;1
1621220884000;14102152;1.21354;1.2136;1.21357;2;T;True;1
1621220885000;14102162;1.21357;1.21363;1.2136;9;T;True;1
1621220886000;14102171;1.2136;1.21366;1.21363;8;T;True;1
1621220887000;14102178;1.21361;1.21367;1.21364;6;T;True;1
1621220888000;14102179;1.21361;1.21367;1.21364;0;T;True;1
1621220889000;14102185;1.21364;1.2137;1.21367;5;T;True;1
1621220890000;14102186;1.21364;1.2137;1.21367;0;T;True;1
1621220891000;14102187;1.21364;1.2137;1.21367;0;T;True;1
1621220892000;14102188;1.21364;1.2137;1.21367;0;T;True;1
1621220893000;14102189;1.21364;1.2137;1.21367;0;T;True;1
1621220894000;14102191;1.21364;1.2137;1.21367;1;T;True;1
1621220895000;14102192;1.21364;1.2137;1.21367;0;T;True;1
1621220896000;14102194;1.21364;1.2137;1.21367;1;T;True;1
1621220897000;14102195;1.21364;1.2137;1.21367;0;T;True;1
1621220898000;14102196;1.21364;1.2137;1.21367;0;T;True;1
1621220899000;14102198;1.21364;1.2137;1.21367;1;T;True;1
1621220900000;14102199;1.21364;1.2137;1.21367;0;T;True;1
1621220901000;14102200;1.21364;1.2137;1.21367;0;T;True;1
1621220902000;14102201;1.21364;1.2137;1.21367;0;T;True;1
1621220903000;14102211;1.21361;1.21367;1.21364;9;T;True;1
1621220904000;14102212;1.21361;1.21367;1.21364;0;T;True;1
1621220905000;14102217;1.21362;1.21368;1.21365;4;T;True;1
1621220906000;14102221;1.2136;1.21366;1.21363;3;T;True;1
1621220907000;14102222;1.2136;1.21366;1.21363;0;T;True;1
1621220908000;14102224;1.2136;1.21366;1.21363;1;T;True;1
1621220909000;14102225;1.2136;1.21366;1.21363;0;T;True;1
1621220910000;14102228;1.2136;1.21366;1.21363;2;T;True;1
1621220911000;14102230;1.2136;1.21366;1.21363;1;T;True;1
1621220912000;14102235;1.21359;1.21365;1.21362;4;T;True;1
1621220913000;14102244;1.21361;1.21367;1.21364;8;T;True;1
1621220914000;14102246;1.2136;1.21366;1.21363;1;T;True;1
1621220915000;14102247;1.2136;1.21366;1.21363;0;T;True;1
1621220916000;14102249;1.2136;1.21366;1.21363;1;T;True;1
1621220917000;14102253;1.2136;1.21366;1.21363;3;T;True;1
1621220918000;14102254;1.2136;1.21366;1.21363;0;T;True;1
1621220919000;14102258;1.21362;1.21368;1.21365;3;T;True;1
1621220920000;14102270;1.21365;1.21371;1.21368;11;T;True;1
1621220921000;14102275;1.21367;1.21373;1.2137;4;T;True;1
1621220922000;14102277;1.21367;1.21373;1.2137;1;T;True;1
1621220923000;14102285;1.21372;1.21378;1.21375;7;T;True;1
1621220924000;14102289;1.21372;1.21378;1.21375;3;T;True;1
1621220925000;14102290;1.21372;1.21378;1.21375;0;T;True;1
1621220926000;14102298;1.2137;1.21376;1.21373;7;T;True;1
1621220927000;14102303;1.2137;1.21376;1.21373;4;T;True;1
1621220928000;14102305;1.2137;1.21376;1.21373;1;T;True;1
1621220929000;14102306;1.2137;1.21376;1.21373;0;T;True;1
1621220930000;14102310;1.21372;1.21378;1.21375;3;T;True;1
1621220931000;14102314;1.21372;1.21378;1.21375;3;T;True;1
1621220932000;14102315;1.21372;1.21378;1.21375;0;T;True;1
1621220933000;14102316;1.21372;1.21378;1.21375;0;T;True;1
1621220934000;14102317;1.21372;1.21378;1.21375;0;T;True;1
1621220935000;14102320;1.21372;1.21378;1.21375;2;T;True;1
1621220936000;14102321;1.21372;1.21378;1.21375;0;T;True;1
1621220937000;14102323;1.21372;1.21378;1.21375;1;T;True;1
1621220938000;14102328;1.21373;1.21379;1.21376;4;T;True;1
1621220939000;14102329;1.21373;1.21379;1.21376;0;T;True;1
1621220940000;14102330;1.21373;1.21379;1.21376;0;T;True;1
1621220941000;14102332;1.21372;1.21378;1.21375;1;T;True;1
1621220942000;14102336;1.21372;1.21378;1.21375;3;T;True;1
1621220943000;14102337;1.21372;1.21378;1.21375;0;T;True;1
1621220944000;14102340;1.2137;1.21376;1.21373;2;T;True;1
1621220945000;14102341;1.2137;1.21376;1.21373;0;T;True;1
1621220946000;14102342;1.2137;1.21376;1.21373;0;T;True;1
1621220947000;14102343;1.2137;1.21376;1.21373;0;T;True;1
1621220948000;14102346;1.21371;1.21377;1.21374;2;T;True;1
1621220949000;14102350;1.21372;1.21378;1.21375;3;T;True;1
1621220950000;14102352;1.21372;1.21378;1.21375;1;T;True;1
1621220951000;14102353;1.21372;1.21378;1.21375;0;T;True;1
1621220952000;14102354;1.21372;1.21378;1.21375;0;T;True;1
1621220953000;14102355;1.21372;1.21378;1.21375;0;T;True;1
1621220954000;14102356;1.21372;1.21378;1.21375;0;T;True;1
1621220955000;14102360;1.21373;1.21379;1.21376;3;T;True;1
1621220956000;14102361;1.21373;1.21379;1.21376;0;T;True;1
1621220957000;14102363;1.21373;1.21379;1.21376;1;T;True;1
1621220958000;14102366;1.21372;1.21378;1.21375;2;T;True;1
1621220959000;14102367;1.21372;1.21378;1.21375;0;T;True;1
1621220960000;14102369;1.21372;1.21378;1.21375;1;T;True;1
1621220961000;14102370;1.21372;1.21378;1.21375;0;T;True;1
1621220962000;14102371;1.21372;1.21378;1.21375;0;T;True;1
1621220963000;14102372;1.21372;1.21378;1.21375;0;T;True;1
1621220964000;14102373;1.21372;1.21378;1.21375;0;T;True;1
1621220965000;14102374;1.21372;1.21378;1.21375;0;T;True;1
1621220966000;14102375;1.21372;1.21378;1.21375;0;T;True;1
1621220967000;14102376;1.21372;1.21378;1.21375;0;T;True;1
1621220968000;14102377;1.21372;1.21378;1.21375;0;T;True;1
1621220969000;14102378;1.21372;1.21378;1.21375;0;T;True;1
1621220970000;14102379;1.21372;1.21378;1.21375;0;T;True;1
1621220971000;14102380;1.21372;1.21378;1.21375;0;T;True;1
1621220972000;14102381;1.21372;1.21378;1.21375;0;T;True;1
1621220973000;14102382;1.21372;1.21378;1.21375;0;T;True;1
1621220974000;14102384;1.21372;1.21378;1.21375;1;T;True;1
1621220975000;14102385;1.21372;1.21378;1.21375;0;T;True;1
1621220976000;14102394;1.2137;1.21376;1.21373;8;T;True;1
1621220977000;14102397;1.2137;1.21376;1.21373;2;T;True;1
1621220978000;14102399;1.21368;1.21374;1.21371;1;T;True;1
1621220979000;14102404;1.21369;1.21375;1.21372;4;T;True;1
1621220980000;14102406;1.21369;1.21375;1.21372;1;T;True;1
1621220981000;14102417;1.21364;1.2137;1.21367;10;T;True;1
1621220982000;14102420;1.21363;1.21369;1.21366;2;T;True;1
1621220983000;14102423;1.21362;1.21368;1.21365;2;T;True;1
1621220984000;14102425;1.21363;1.21369;1.21366;1;T;True;1
1621220985000;14102427;1.21362;1.21368;1.21365;1;T;True;1
1621220986000;14102430;1.2136;1.21366;1.21363;2;T;True;1
1621220987000;14102434;1.21362;1.21368;1.21365;3;T;True;1
1621220988000;14102435;1.21362;1.21368;1.21365;0;T;True;1
1621220989000;14102439;1.21363;1.21369;1.21366;3;T;True;1
1621220990000;14102440;1.21363;1.21369;1.21366;0;T;True;1
1621220991000;14102444;1.21365;1.21371;1.21368;3;T;True;1
1621220992000;14102445;1.21365;1.21371;1.21368;0;T;True;1
1621220993000;14102446;1.21365;1.21371;1.21368;0;T;True;1
1621220994000;14102449;1.21364;1.2137;1.21367;2;T;True;1
1621220995000;14102452;1.21364;1.2137;1.21367;2;T;True;1
1621220996000;14102455;1.21364;1.2137;1.21367;2;T;True;1
1621220997000;14102456;1.21364;1.2137;1.21367;0;T;True;1
1621220998000;14102457;1.21364;1.2137;1.21367;0;T;True;1
1621220999000;14102460;1.21364;1.2137;1.21367;2;T;True;1
1621221000000;14102461;1.21364;1.2137;1.21367;0;T;True;1
1621221001000;14102463;1.21364;1.2137;1.21367;1;T;True;1
1621221002000;14102468;1.21363;1.21369;1.21366;4;T;True;1
1621221003000;14102470;1.21364;1.2137;1.21367;1;T;True;1
1621221004000;14102471;1.21364;1.2137;1.21367;0;T;True;1
1621221005000;14102477;1.21365;1.21371;1.21368;5;T;True;1
1621221006000;14102480;1.21365;1.21371;1.21368;2;T;True;1
1621221007000;14102481;1.21365;1.21371;1.21368;0;T;True;1
1621221008000;14102482;1.21365;1.21371;1.21368;0;T;True;1
1621221009000;14102483;1.21365;1.21371;1.21368;0;T;True;1
1621221010000;14102484;1.21365;1.21371;1.21368;0;T;True;1
1621221011000;14102487;1.21366;1.21372;1.21369;2;T;True;1
1621221012000;14102489;1.21366;1.21372;1.21369;1;T;True;1
1621221013000;14102490;1.21366;1.21372;1.21369;0;T;True;1
1621221014000;14102491;1.21366;1.21372;1.21369;0;T;True;1
1621221015000;14102492;1.21366;1.21372;1.21369;0;T;True;1
1621221016000;14102494;1.21366;1.21372;1.21369;1;T;True;1
1621221017000;14102498;1.21368;1.21374;1.21371;3;T;True;1
1621221018000;14102499;1.21368;1.21374;1.21371;0;T;True;1
1621221019000;14102500;1.21368;1.21374;1.21371;0;T;True;1
1621221020000;14102506;1.2137;1.21376;1.21373;5;T;True;1
1621221021000;14102507;1.2137;1.21376;1.21373;0;T;True;1
1621221022000;14102514;1.21369;1.21375;1.21372;6;T;True;1
1621221023000;14102516;1.21369;1.21375;1.21372;1;T;True;1
1621221024000;14102521;1.21368;1.21374;1.21371;4;T;True;1
1621221025000;14102526;1.2137;1.21376;1.21373;4;T;True;1
1621221026000;14102528;1.2137;1.21376;1.21373;1;T;True;1
1621221027000;14102529;1.2137;1.21376;1.21373;0;T;True;1
1621221028000;14102530;1.2137;1.21376;1.21373;0;T;True;1
1621221029000;14102533;1.21371;1.21377;1.21374;2;T;True;1
1621221030000;14102534;1.21371;1.21377;1.21374;0;T;True;1
1621221031000;14102536;1.2137;1.21376;1.21373;1;T;True;1
1621221032000;14102541;1.2137;1.21376;1.21373;4;T;True;1
1621221033000;14102543;1.2137;1.21376;1.21373;1;T;True;1
1621221034000;14102545;1.2137;1.21376;1.21373;1;T;True;1
1621221035000;14102546;1.2137;1.21376;1.21373;0;T;True;1
1621221036000;14102547;1.2137;1.21376;1.21373;0;T;True;1
1621221037000;14102548;1.2137;1.21376;1.21373;0;T;True;1
1621221038000;14102549;1.2137;1.21376;1.21373;0;T;True;1
1621221039000;14102552;1.21371;1.21377;1.21374;2;T;True;1
1621221040000;14102554;1.21371;1.21377;1.21374;1;T;True;1
1621221041000;14102561;1.21374;1.2138;1.21377;6;T;True;1
1621221042000;14102563;1.21372;1.21378;1.21375;1;T;True;1
1621221043000;14102565;1.21372;1.21378;1.21375;1;T;True;1
1621221044000;14102569;1.21374;1.2138;1.21377;3;T;True;1
1621221045000;14102570;1.21374;1.2138;1.21377;0;T;True;1
1621221046000;14102571;1.21374;1.2138;1.21377;0;T;True;1
1621221047000;14102572;1.21374;1.2138;1.21377;0;T;True;1
1621221048000;14102573;1.21374;1.2138;1.21377;0;T;True;1
1621221049000;14102574;1.21374;1.2138;1.21377;0;T;True;1
1621221050000;14102575;1.21374;1.2138;1.21377;0;T;True;1
1621221051000;14102576;1.21374;1.2138;1.21377;0;T;True;1
1621221052000;14102577;1.21374;1.2138;1.21377;0;T;True;1
1621221053000;14102578;1.21374;1.2138;1.21377;0;T;True;1
1621221054000;14102579;1.21374;1.2138;1.21377;0;T;True;1
1621221055000;14102580;1.21374;1.2138;1.21377;0;T;True;1
1621221056000;14102581;1.21374;1.2138;1.21377;0;T;True;1
1621221057000;14102582;1.21374;1.2138;1.21377;0;T;True;1
1621221058000;14102583;1.21374;1.2138;1.21377;0;T;True;1
1621221059000;14102584;1.21374;1.2138;1.21377;0;T;True;1
1621221060000;14102586;1.21373;1.21379;1.21376;1;T;True;1
1621221061000;14102588;1.21372;1.21378;1.21375;1;T;True;1
1621221062000;14102589;1.21372;1.21378;1.21375;0;T;True;1
1621221063000;14102590;1.21372;1.21378;1.21375;0;T;True;1
1621221064000;14102594;1.21372;1.21378;1.21375;3;T;True;1
1621221065000;14102597;1.21372;1.21378;1.21375;2;T;True;1
1621221066000;14102602;1.2137;1.21376;1.21373;4;T;True;1
1621221067000;14102603;1.2137;1.21376;1.21373;0;T;True;1
1621221068000;14102607;1.21372;1.21378;1.21375;3;T;True;1
1621221069000;14102609;1.21372;1.21378;1.21375;1;T;True;1
1621221070000;14102613;1.2137;1.21376;1.21373;3;T;True;1
1621221071000;14102615;1.2137;1.21376;1.21373;1;T;True;1
1621221072000;14102617;1.2137;1.21376;1.21373;1;T;True;1
1621221073000;14102618;1.2137;1.21376;1.21373;0;T;True;1
1621221074000;14102620;1.21372;1.21378;1.21375;1;T;True;1
1621221075000;14102622;1.21371;1.21377;1.21374;1;T;True;1
1621221076000;14102625;1.21369;1.21375;1.21372;2;T;True;1
1621221077000;14102627;1.2137;1.21376;1.21373;1;T;True;1
1621221078000;14102629;1.2137;1.21376;1.21373;1;T;True;1
1621221079000;14102630;1.2137;1.21376;1.21373;0;T;True;1
1621221080000;14102631;1.2137;1.21376;1.21373;0;T;True;1
1621221081000;14102633;1.2137;1.21376;1.21373;1;T;True;1
1621221082000;14102634;1.2137;1.21376;1.21373;0;T;True;1
1621221083000;14102635;1.2137;1.21376;1.21373;0;T;True;1
1621221084000;14102636;1.2137;1.21376;1.21373;0;T;True;1
1621221085000;14102637;1.2137;1.21376;1.21373;0;T;True;1
1621221086000;14102638;1.2137;1.21376;1.21373;0;T;True;1
1621221087000;14102642;1.21372;1.21378;1.21375;3;T;True;1
1621221088000;14102643;1.21372;1.21378;1.21375;0;T;True;1
1621221089000;14102644;1.21372;1.21378;1.21375;0;T;True;1
1621221090000;14102645;1.21372;1.21378;1.21375;0;T;True;1
1621221091000;14102646;1.21372;1.21378;1.21375;0;T;True;1
1621221092000;14102647;1.21372;1.21378;1.21375;0;T;True;1
1621221093000;14102650;1.21372;1.21378;1.21375;2;T;True;1
1621221094000;14102653;1.21372;1.21378;1.21375;2;T;True;1
1621221095000;14102655;1.21374;1.2138;1.21377;1;T;True;1
1621221096000;14102656;1.21374;1.2138;1.21377;0;T;True;1
1621221097000;14102658;1.21372;1.21378;1.21375;1;T;True;1
1621221098000;14102659;1.21372;1.21378;1.21375;0;T;True;1
1621221099000;14102660;1.21372;1.21378;1.21375;0;T;True;1
1621221100000;14102661;1.21372;1.21378;1.21375;0;T;True;1
1621221101000;14102662;1.21372;1.21378;1.21375;0;T;True;1
1621221102000;14102663;1.21372;1.21378;1.21375;0;T;True;1
1621221103000;14102665;1.21372;1.21378;1.21375;1;T;True;1
1621221104000;14102666;1.21372;1.21378;1.21375;0;T;True;1
1621221105000;14102667;1.21372;1.21378;1.21375;0;T;True;1
1621221106000;14102668;1.21372;1.21378;1.21375;0;T;True;1
1621221107000;14102669;1.21372;1.21378;1.21375;0;T;True;1
1621221108000;14102670;1.21372;1.21378;1.21375;0;T;True;1
1621221109000;14102671;1.21372;1.21378;1.21375;0;T;True;1
1621221110000;14102672;1.21372;1.21378;1.21375;0;T;True;1
1621221111000;14102673;1.21372;1.21378;1.21375;0;T;True;1
1621221112000;14102675;1.21372;1.21378;1.21375;1;T;True;1
1621221113000;14102676;1.21372;1.21378;1.21375;0;T;True;1
1621221114000;14102677;1.21372;1.21378;1.21375;0;T;True;1
1621221115000;14102678;1.21372;1.21378;1.21375;0;T;True;1
1621221116000;14102679;1.21372;1.21378;1.21375;0;T;True;1
1621221117000;14102680;1.21372;1.21378;1.21375;0;T;True;1
1621221118000;14102681;1.21372;1.21378;1.21375;0;T;True;1
1621221119000;14102684;1.2137;1.21376;1.21373;2;T;True;1
1621221120000;14102686;1.21369;1.21375;1.21372;1;T;True;1
1621221121000;14102691;1.21366;1.21372;1.21369;4;T;True;1
1621221122000;14102693;1.21366;1.21372;1.21369;1;T;True;1
1621221123000;14102694;1.21366;1.21372;1.21369;0;T;True;1
1621221124000;14102695;1.21366;1.21372;1.21369;0;T;True;1
1621221125000;14102696;1.21366;1.21372;1.21369;0;T;True;1
1621221126000;14102697;1.21366;1.21372;1.21369;0;T;True;1
1621221127000;14102698;1.21366;1.21372;1.21369;0;T;True;1
1621221128000;14102699;1.21366;1.21372;1.21369;0;T;True;1
1621221129000;14102700;1.21366;1.21372;1.21369;0;T;True;1
1621221130000;14102701;1.21366;1.21372;1.21369;0;T;True;1
1621221131000;14102702;1.21366;1.21372;1.21369;0;T;True;1
1621221132000;14102703;1.21366;1.21372;1.21369;0;T;True;1
1621221133000;14102704;1.21366;1.21372;1.21369;0;T;True;1
1621221134000;14102706;1.21364;1.2137;1.21367;1;T;True;1
1621221135000;14102709;1.21366;1.21372;1.21369;2;T;True;1
1621221136000;14102710;1.21366;1.21372;1.21369;0;T;True;1
1621221137000;14102712;1.21366;1.21372;1.21369;1;T;True;1
1621221138000;14102713;1.21366;1.21372;1.21369;0;T;True;1
1621221139000;14102714;1.21366;1.21372;1.21369;0;T;True;1
1621221140000;14102715;1.21366;1.21372;1.21369;0;T;True;1
1621221141000;14102716;1.21366;1.21372;1.21369;0;T;True;1
1621221142000;14102717;1.21366;1.21372;1.21369;0;T;True;1
1621221143000;14102718;1.21366;1.21372;1.21369;0;T;True;1
1621221144000;14102722;1.21366;1.21372;1.21369;3;T;True;1
1621221145000;14102725;1.21366;1.21372;1.21369;2;T;True;1
1621221146000;14102726;1.21366;1.21372;1.21369;0;T;True;1
1621221147000;14102727;1.21366;1.21372;1.21369;0;T;True;1
1621221148000;14102729;1.21366;1.21372;1.21369;1;T;True;1
1621221149000;14102730;1.21366;1.21372;1.21369;0;T;True;1
1621221150000;14102731;1.21366;1.21372;1.21369;0;T;True;1
1621221151000;14102732;1.21366;1.21372;1.21369;0;T;True;1
1621221152000;14102736;1.21366;1.21372;1.21369;3;T;True;1
1621221153000;14102737;1.21366;1.21372;1.21369;0;T;True;1
1621221154000;14102738;1.21366;1.21372;1.21369;0;T;True;1
1621221155000;14102743;1.21368;1.21374;1.21371;4;T;True;1
1621221156000;14102744;1.21368;1.21374;1.21371;0;T;True;1
1621221157000;14102750;1.2137;1.21376;1.21373;5;T;True;1
1621221158000;14102751;1.2137;1.21376;1.21373;0;T;True;1
1621221159000;14102752;1.2137;1.21376;1.21373;0;T;True;1
1621221160000;14102754;1.2137;1.21376;1.21373;1;T;True;1
1621221161000;14102755;1.2137;1.21376;1.21373;0;T;True;1
1621221162000;14102756;1.2137;1.21376;1.21373;0;T;True;1
1621221163000;14102762;1.21372;1.21378;1.21375;5;T;True;1
1621221164000;14102765;1.21372;1.21378;1.21375;2;T;True;1
1621221165000;14102767;1.21372;1.21378;1.21375;1;T;True;1
1621221166000;14102769;1.21372;1.21378;1.21375;1;T;True;1
1621221167000;14102774;1.21372;1.21378;1.21375;4;T;True;1
1621221168000;14102775;1.21372;1.21378;1.21375;0;T;True;1
1621221169000;14102776;1.21372;1.21378;1.21375;0;T;True;1
1621221170000;14102779;1.21371;1.21377;1.21374;2;T;True;1
1621221171000;14102780;1.21371;1.21377;1.21374;0;T;True;1
1621221172000;14102784;1.2137;1.21376;1.21373;3;T;True;1
1621221173000;14102788;1.21368;1.21374;1.21371;3;T;True;1
1621221174000;14102791;1.21366;1.21372;1.21369;2;T;True;1
1621221175000;14102796;1.21366;1.21372;1.21369;4;T;True;1
1621221176000;14102801;1.21366;1.21372;1.21369;4;T;True;1
1621221177000;14102802;1.21366;1.21372;1.21369;0;T;True;1
1621221178000;14102803;1.21366;1.21372;1.21369;0;T;True;1
1621221179000;14102805;1.21367;1.21373;1.2137;1;T;True;1
1621221180000;14102806;1.21367;1.21373;1.2137;0;T;True;1
1621221181000;14102807;1.21367;1.21373;1.2137;0;T;True;1
1621221182000;14102812;1.21367;1.21373;1.2137;4;T;True;1
1621221183000;14102815;1.21366;1.21372;1.21369;2;T;True;1
1621221184000;14102817;1.21367;1.21373;1.2137;1;T;True;1
1621221185000;14102818;1.21367;1.21373;1.2137;0;T;True;1
1621221186000;14102819;1.21367;1.21373;1.2137;0;T;True;1
1621221187000;14102820;1.21367;1.21373;1.2137;0;T;True;1
1621221188000;14102821;1.21367;1.21373;1.2137;0;T;True;1
1621221189000;14102822;1.21367;1.21373;1.2137;0;T;True;1
1621221190000;14102827;1.21364;1.2137;1.21367;4;T;True;1
1621221191000;14102828;1.21364;1.2137;1.21367;0;T;True;1
1621221192000;14102831;1.21364;1.2137;1.21367;2;T;True;1
1621221193000;14102834;1.21364;1.2137;1.21367;2;T;True;1
1621221194000;14102835;1.21364;1.2137;1.21367;0;T;True;1
1621221195000;14102836;1.21364;1.2137;1.21367;0;T;True;1
1621221196000;14102837;1.21364;1.2137;1.21367;0;T;True;1
1621221197000;14102838;1.21364;1.2137;1.21367;0;T;True;1
1621221198000;14102839;1.21364;1.2137;1.21367;0;T;True;1
1621221199000;14102845;1.21361;1.21367;1.21364;5;T;True;1
1621221200000;14102849;1.21362;1.21368;1.21365;3;T;True;1
1621221201000;14102851;1.21362;1.21368;1.21365;1;T;True;1
1621221202000;14102854;1.21364;1.2137;1.21367;2;T;True;1
1621221203000;14102858;1.21366;1.21372;1.21369;3;T;True;1
1621221204000;14102859;1.21366;1.21372;1.21369;0;T;True;1
1621221205000;14102860;1.21366;1.21372;1.21369;0;T;True;1
1621221206000;14102861;1.21366;1.21372;1.21369;0;T;True;1
1621221207000;14102862;1.21366;1.21372;1.21369;0;T;True;1
1621221208000;14102863;1.21366;1.21372;1.21369;0;T;True;1
1621221209000;14102867;1.21366;1.21372;1.21369;3;T;True;1
1621221210000;14102870;1.21366;1.21372;1.21369;2;T;True;1
1621221211000;14102874;1.21364;1.2137;1.21367;3;T;True;1
1621221212000;14102878;1.21364;1.2137;1.21367;3;T;True;1
1621221213000;14102880;1.21364;1.2137;1.21367;1;T;True;1
1621221214000;14102882;1.21364;1.2137;1.21367;1;T;True;1
1621221215000;14102884;1.21364;1.2137;1.21367;1;T;True;1
1621221216000;14102885;1.21364;1.2137;1.21367;0;T;True;1
1621221217000;14102886;1.21364;1.2137;1.21367;0;T;True;1
1621221218000;14102887;1.21364;1.2137;1.21367;0;T;True;1
1621221219000;14102888;1.21364;1.2137;1.21367;0;T;True;1
1621221220000;14102889;1.21364;1.2137;1.21367;0;T;True;1
1621221221000;14102890;1.21364;1.2137;1.21367;0;T;True;1
1621221222000;14102891;1.21364;1.2137;1.21367;0;T;True;1
1621221223000;14102892;1.21364;1.2137;1.21367;0;T;True;1
1621221224000;14102893;1.21364;1.2137;1.21367;0;T;True;1
1621221225000;14102896;1.21362;1.21368;1.21365;2;T;True;1
1621221226000;14102897;1.21362;1.21368;1.21365;0;T;True;1
1621221227000;14102898;1.21362;1.21368;1.21365;0;T;True;1
1621221228000;14102899;1.21362;1.21368;1.21365;0;T;True;1
1621221229000;14102900;1.21362;1.21368;1.21365;0;T;True;1
1621221230000;14102901;1.21362;1.21368;1.21365;0;T;True;1
1621221231000;14102902;1.21362;1.21368;1.21365;0;T;True;1
1621221232000;14102908;1.21364;1.2137;1.21367;5;T;True;1
1621221233000;14102914;1.21366;1.21372;1.21369;5;T;True;1
1621221234000;14102917;1.21368;1.21374;1.21371;2;T;True;1
1621221235000;14102918;1.21368;1.21374;1.21371;0;T;True;1
1621221236000;14102920;1.21368;1.21374;1.21371;1;T;True;1
1621221237000;14102925;1.21368;1.21374;1.21371;4;T;True;1
1621221238000;14102926;1.21368;1.21374;1.21371;0;T;True;1
1621221239000;14102928;1.21368;1.21374;1.21371;1;T;True;1
1621221240000;14102930;1.21368;1.21374;1.21371;1;T;True;1
1621221241000;14102931;1.21368;1.21374;1.21371;0;T;True;1
1621221242000;14102932;1.21368;1.21374;1.21371;0;T;True;1
1621221243000;14102934;1.21368;1.21374;1.21371;1;T;True;1
1621221244000;14102937;1.21368;1.21374;1.21371;2;T;True;1
1621221245000;14102943;1.2137;1.21376;1.21373;5;T;True;1
1621221246000;14102948;1.21372;1.21378;1.21375;4;T;True;1
1621221247000;14102953;1.21373;1.21379;1.21376;4;T;True;1
1621221248000;14102955;1.21373;1.21379;1.21376;1;T;True;1
1621221249000;14102956;1.21373;1.21379;1.21376;0;T;True;1
1621221250000;14102959;1.21372;1.21378;1.21375;2;T;True;1
1621221251000;14102962;1.21372;1.21378;1.21375;2;T;True;1
1621221252000;14102965;1.21372;1.21378;1.21375;2;T;True;1
1621221253000;14102966;1.21372;1.21378;1.21375;0;T;True;1
1621221254000;14102967;1.21372;1.21378;1.21375;0;T;True;1
1621221255000;14102968;1.21372;1.21378;1.21375;0;T;True;1
1621221256000;14102969;1.21372;1.21378;1.21375;0;T;True;1
1621221257000;14102970;1.21372;1.21378;1.21375;0;T;True;1
1621221258000;14102973;1.21372;1.21378;1.21375;2;T;True;1
1621221259000;14102974;1.21372;1.21378;1.21375;0;T;True;1
1621221260000;14102975;1.21372;1.21378;1.21375;0;T;True;1
1621221261000;14102976;1.21372;1.21378;1.21375;0;T;True;1
1621221262000;14102977;1.21372;1.21378;1.21375;0;T;True;1
1621221263000;14102978;1.21372;1.21378;1.21375;0;T;True;1
1621221264000;14102979;1.21372;1.21378;1.21375;0;T;True;1
1621221265000;14102980;1.21372;1.21378;1.21375;0;T;True;1
1621221266000;14102981;1.21372;1.21378;1.21375;0;T;True;1
1621221267000;14102982;1.21372;1.21378;1.21375;0;T;True;1
1621221268000;14102986;1.2137;1.21376;1.21373;3;T;True;1
1621221269000;14102988;1.2137;1.21376;1.21373;1;T;True;1
1621221270000;14102989;1.2137;1.21376;1.21373;0;T;True;1
1621221271000;14102991;1.21369;1.21375;1.21372;1;T;True;1
1621221272000;14102993;1.21368;1.21374;1.21371;1;T;True;1
1621221273000;14102994;1.21368;1.21374;1.21371;0;T;True;1
1621221274000;14102995;1.21368;1.21374;1.21371;0;T;True;1
1621221275000;14102996;1.21368;1.21374;1.21371;0;T;True;1
1621221276000;14102997;1.21368;1.21374;1.21371;0;T;True;1
1621221277000;14102998;1.21368;1.21374;1.21371;0;T;True;1
1621221278000;14102999;1.21368;1.21374;1.21371;0;T;True;1
1621221279000;14103000;1.21368;1.21374;1.21371;0;T;True;1
1621221280000;14103002;1.21367;1.21373;1.2137;1;T;True;1
1621221281000;14103003;1.21367;1.21373;1.2137;0;T;True;1
1621221282000;14103004;1.21367;1.21373;1.2137;0;T;True;1
1621221283000;14103007;1.21364;1.2137;1.21367;2;T;True;1
1621221284000;14103009;1.21364;1.2137;1.21367;1;T;True;1
1621221285000;14103010;1.21364;1.2137;1.21367;0;T;True;1
1621221286000;14103011;1.21364;1.2137;1.21367;0;T;True;1
1621221287000;14103012;1.21364;1.2137;1.21367;0;T;True;1
1621221288000;14103013;1.21364;1.2137;1.21367;0;T;True;1
1621221289000;14103014;1.21364;1.2137;1.21367;0;T;True;1
1621221290000;14103015;1.21364;1.2137;1.21367;0;T;True;1
1621221291000;14103017;1.21363;1.21369;1.21366;1;T;True;1
1621221292000;14103018;1.21363;1.21369;1.21366;0;T;True;1
1621221293000;14103019;1.21363;1.21369;1.21366;0;T;True;1
1621221294000;14103020;1.21363;1.21369;1.21366;0;T;True;1
1621221295000;14103021;1.21363;1.21369;1.21366;0;T;True;1
1621221296000;14103022;1.21363;1.21369;1.21366;0;T;True;1
1621221297000;14103023;1.21363;1.21369;1.21366;0;T;True;1
1621221298000;14103024;1.21363;1.21369;1.21366;0;T;True;1
1621221299000;14103025;1.21363;1.21369;1.21366;0;T;True;1
1621221300000;14103026;1.21363;1.21369;1.21366;0;T;True;1
1621221301000;14103028;1.21363;1.21369;1.21366;1;T;True;1
1621221302000;14103031;1.21362;1.21368;1.21365;2;T;True;1
1621221303000;14103032;1.21362;1.21368;1.21365;0;T;True;1
1621221304000;14103033;1.21362;1.21368;1.21365;0;T;True;1
1621221305000;14103036;1.21363;1.21369;1.21366;2;T;True;1
1621221306000;14103038;1.21362;1.21368;1.21365;1;T;True;1
1621221307000;14103039;1.21362;1.21368;1.21365;0;T;True;1
1621221308000;14103042;1.21362;1.21368;1.21365;2;T;True;1
1621221309000;14103043;1.21362;1.21368;1.21365;0;T;True;1
1621221310000;14103045;1.21362;1.21368;1.21365;1;T;True;1
1621221311000;14103046;1.21362;1.21368;1.21365;0;T;True;1
1621221312000;14103047;1.21362;1.21368;1.21365;0;T;True;1
1621221313000;14103048;1.21362;1.21368;1.21365;0;T;True;1
1621221314000;14103049;1.21362;1.21368;1.21365;0;T;True;1
1621221315000;14103050;1.21362;1.21368;1.21365;0;T;True;1
1621221316000;14103051;1.21362;1.21368;1.21365;0;T;True;1
1621221317000;14103052;1.21362;1.21368;1.21365;0;T;True;1
1621221318000;14103053;1.21362;1.21368;1.21365;0;T;True;1
1621221319000;14103055;1.21362;1.21368;1.21365;1;T;True;1
1621221320000;14103056;1.21362;1.21368;1.21365;0;T;True;1
1621221321000;14103057;1.21362;1.21368;1.21365;0;T;True;1
1621221322000;14103058;1.21362;1.21368;1.21365;0;T;True;1
1621221323000;14103059;1.21362;1.21368;1.21365;0;T;True;1
1621221324000;14103062;1.21362;1.21368;1.21365;2;T;True;1
1621221325000;14103064;1.21362;1.21368;1.21365;1;T;True;1
1621221326000;14103066;1.21362;1.21368;1.21365;1;T;True;1
1621221327000;14103068;1.21362;1.21368;1.21365;1;T;True;1
1621221328000;14103069;1.21362;1.21368;1.21365;0;T;True;1
1621221329000;14103073;1.21361;1.21367;1.21364;3;T;True;1
1621221330000;14103074;1.21361;1.21367;1.21364;0;T;True;1
1621221331000;14103075;1.21361;1.21367;1.21364;0;T;True;1
1621221332000;14103077;1.21361;1.21367;1.21364;1;T;True;1
1621221333000;14103082;1.21362;1.21368;1.21365;4;T;True;1
1621221334000;14103083;1.21362;1.21368;1.21365;0;T;True;1
1621221335000;14103084;1.21362;1.21368;1.21365;0;T;True;1
1621221336000;14103086;1.21362;1.21368;1.21365;1;T;True;1
1621221337000;14103087;1.21362;1.21368;1.21365;0;T;True;1
1621221338000;14103088;1.21362;1.21368;1.21365;0;T;True;1
1621221339000;14103089;1.21362;1.21368;1.21365;0;T;True;1
1621221340000;14103090;1.21362;1.21368;1.21365;0;T;True;1
1621221341000;14103091;1.21362;1.21368;1.21365;0;T;True;1
1621221342000;14103092;1.21362;1.21368;1.21365;0;T;True;1
1621221343000;14103093;1.21362;1.21368;1.21365;0;T;True;1
1621221344000;14103094;1.21362;1.21368;1.21365;0;T;True;1
1621221345000;14103104;1.21367;1.21373;1.2137;9;T;True;1
1621221346000;14103105;1.21367;1.21373;1.2137;0;T;True;1
1621221347000;14103109;1.21368;1.21374;1.21371;3;T;True;1
1621221348000;14103110;1.21368;1.21374;1.21371;0;T;True;1
1621221349000;14103111;1.21368;1.21374;1.21371;0;T;True;1
1621221350000;14103113;1.21367;1.21373;1.2137;1;T;True;1
1621221351000;14103114;1.21367;1.21373;1.2137;0;T;True;1
1621221352000;14103115;1.21367;1.21373;1.2137;0;T;True;1
1621221353000;14103116;1.21367;1.21373;1.2137;0;T;True;1
1621221354000;14103117;1.21367;1.21373;1.2137;0;T;True;1
1621221355000;14103118;1.21367;1.21373;1.2137;0;T;True;1
1621221356000;14103119;1.21367;1.21373;1.2137;0;T;True;1
1621221357000;14103120;1.21367;1.21373;1.2137;0;T;True;1
1621221358000;14103121;1.21367;1.21373;1.2137;0;T;True;1
1621221359000;14103122;1.21367;1.21373;1.2137;0;T;True;1
1621221360000;14103123;1.21367;1.21373;1.2137;0;T;True;1
1621221361000;14103124;1.21367;1.21373;1.2137;0;T;True;1
1621221362000;14103127;1.21366;1.21372;1.21369;2;T;True;1
1621221363000;14103128;1.21366;1.21372;1.21369;0;T;True;1
1621221364000;14103132;1.21366;1.21372;1.21369;3;T;True;1
1621221365000;14103136;1.21368;1.21374;1.21371;3;T;True;1
1621221366000;14103143;1.21368;1.21374;1.21371;6;T;True;1
1621221367000;14103147;1.21368;1.21374;1.21371;3;T;True;1
1621221368000;14103150;1.21368;1.21374;1.21371;2;T;True;1
1621221369000;14103156;1.2137;1.21376;1.21373;5;T;True;1
1621221370000;14103158;1.2137;1.21376;1.21373;1;T;True;1
1621221371000;14103162;1.2137;1.21376;1.21373;3;T;True;1
1621221372000;14103163;1.2137;1.21376;1.21373;0;T;True;1
1621221373000;14103164;1.2137;1.21376;1.21373;0;T;True;1
1621221374000;14103165;1.2137;1.21376;1.21373;0;T;True;1
1621221375000;14103166;1.2137;1.21376;1.21373;0;T;True;1
1621221376000;14103167;1.2137;1.21376;1.21373;0;T;True;1
1621221377000;14103168;1.2137;1.21376;1.21373;0;T;True;1
1621221378000;14103169;1.2137;1.21376;1.21373;0;T;True;1
1621221379000;14103171;1.2137;1.21376;1.21373;1;T;True;1
1621221380000;14103172;1.2137;1.21376;1.21373;0;T;True;1
1621221381000;14103177;1.21369;1.21375;1.21372;4;T;True;1
1621221382000;14103178;1.21369;1.21375;1.21372;0;T;True;1
1621221383000;14103181;1.21369;1.21375;1.21372;2;T;True;1
1621221384000;14103182;1.21369;1.21375;1.21372;0;T;True;1
1621221385000;14103183;1.21369;1.21375;1.21372;0;T;True;1
1621221386000;14103184;1.21369;1.21375;1.21372;0;T;True;1
1621221387000;14103185;1.21369;1.21375;1.21372;0;T;True;1
1621221388000;14103186;1.21369;1.21375;1.21372;0;T;True;1
1621221389000;14103192;1.21368;1.21374;1.21371;5;T;True;1
1621221390000;14103195;1.21368;1.21374;1.21371;2;T;True;1
1621221391000;14103196;1.21368;1.21374;1.21371;0;T;True;1
1621221392000;14103198;1.21369;1.21375;1.21372;1;T;True;1
1621221393000;14103199;1.21369;1.21375;1.21372;0;T;True;1
1621221394000;14103200;1.21369;1.21375;1.21372;0;T;True;1
1621221395000;14103201;1.21369;1.21375;1.21372;0;T;True;1
1621221396000;14103202;1.21369;1.21375;1.21372;0;T;True;1
1621221397000;14103203;1.21369;1.21375;1.21372;0;T;True;1
1621221398000;14103204;1.21369;1.21375;1.21372;0;T;True;1
1621221399000;14103205;1.21369;1.21375;1.21372;0;T;True;1
1621221400000;14103206;1.21369;1.21375;1.21372;0;T;True;1
1621221401000;14103207;1.21369;1.21375;1.21372;0;T;True;1
1621221402000;14103210;1.21368;1.21374;1.21371;2;T;True;1
1621221403000;14103211;1.21368;1.21374;1.21371;0;T;True;1
1621221404000;14103212;1.21368;1.21374;1.21371;0;T;True;1
1621221405000;14103213;1.21368;1.21374;1.21371;0;T;True;1
1621221406000;14103214;1.21368;1.21374;1.21371;0;T;True;1
1621221407000;14103215;1.21368;1.21374;1.21371;0;T;True;1
1621221408000;14103216;1.21368;1.21374;1.21371;0;T;True;1
1621221409000;14103217;1.21368;1.21374;1.21371;0;T;True;1
1621221410000;14103218;1.21368;1.21374;1.21371;0;T;True;1
1621221411000;14103219;1.21368;1.21374;1.21371;0;T;True;1
1621221412000;14103220;1.21368;1.21374;1.21371;0;T;True;1
1621221413000;14103221;1.21368;1.21374;1.21371;0;T;True;1
1621221414000;14103222;1.21368;1.21374;1.21371;0;T;True;1
1621221415000;14103223;1.21368;1.21374;1.21371;0;T;True;1
1621221416000;14103224;1.21368;1.21374;1.21371;0;T;True;1
1621221417000;14103228;1.21368;1.21374;1.21371;3;T;True;1
1621221418000;14103236;1.21372;1.21378;1.21375;7;T;True;1
1621221419000;14103239;1.21372;1.21378;1.21375;2;T;True;1
1621221420000;14103244;1.21372;1.21378;1.21375;4;T;True;1
1621221421000;14103254;1.2137;1.21376;1.21373;9;T;True;1
1621221422000;14103257;1.2137;1.21376;1.21373;2;T;True;1
1621221423000;14103259;1.2137;1.21376;1.21373;1;T;True;1
1621221424000;14103260;1.2137;1.21376;1.21373;0;T;True;1
1621221425000;14103265;1.21369;1.21375;1.21372;4;T;True;1
1621221426000;14103268;1.21368;1.21374;1.21371;2;T;True;1
1621221427000;14103272;1.21367;1.21373;1.2137;3;T;True;1
1621221428000;14103280;1.21366;1.21372;1.21369;7;T;True;1
1621221429000;14103282;1.21366;1.21372;1.21369;1;T;True;1
1621221430000;14103285;1.21366;1.21372;1.21369;2;T;True;1
1621221431000;14103292;1.21367;1.21373;1.2137;6;T;True;1
1621221432000;14103293;1.21367;1.21373;1.2137;0;T;True;1
1621221433000;14103295;1.21367;1.21373;1.2137;1;T;True;1
1621221434000;14103296;1.21367;1.21373;1.2137;0;T;True;1
1621221435000;14103297;1.21367;1.21373;1.2137;0;T;True;1
1621221436000;14103299;1.21367;1.21373;1.2137;1;T;True;1
1621221437000;14103302;1.21367;1.21373;1.2137;2;T;True;1
1621221438000;14103304;1.21367;1.21373;1.2137;1;T;True;1
1621221439000;14103306;1.21367;1.21373;1.2137;1;T;True;1
1621221440000;14103307;1.21367;1.21373;1.2137;0;T;True;1
1621221441000;14103309;1.21367;1.21373;1.2137;1;T;True;1
1621221442000;14103310;1.21367;1.21373;1.2137;0;T;True;1
1621221443000;14103313;1.21368;1.21374;1.21371;2;T;True;1
1621221444000;14103319;1.21372;1.21378;1.21375;5;T;True;1
1621221445000;14103324;1.21372;1.21378;1.21375;4;T;True;1
1621221446000;14103325;1.21372;1.21378;1.21375;0;T;True;1
1621221447000;14103328;1.21372;1.21378;1.21375;2;T;True;1
1621221448000;14103329;1.21372;1.21378;1.21375;0;T;True;1
1621221449000;14103330;1.21372;1.21378;1.21375;0;T;True;1
1621221450000;14103331;1.21372;1.21378;1.21375;0;T;True;1
1621221451000;14103336;1.21373;1.21379;1.21376;4;T;True;1
1621221452000;14103339;1.21374;1.2138;1.21377;2;T;True;1
1621221453000;14103340;1.21374;1.2138;1.21377;0;T;True;1
1621221454000;14103344;1.21375;1.21381;1.21378;3;T;True;1
1621221455000;14103345;1.21375;1.21381;1.21378;0;T;True;1
1621221456000;14103346;1.21375;1.21381;1.21378;0;T;True;1
1621221457000;14103349;1.21375;1.21381;1.21378;2;T;True;1
1621221458000;14103350;1.21375;1.21381;1.21378;0;T;True;1
1621221459000;14103351;1.21375;1.21381;1.21378;0;T;True;1
1621221460000;14103352;1.21375;1.21381;1.21378;0;T;True;1
1621221461000;14103353;1.21375;1.21381;1.21378;0;T;True;1
1621221462000;14103354;1.21375;1.21381;1.21378;0;T;True;1
1621221463000;14103355;1.21375;1.21381;1.21378;0;T;True;1
1621221464000;14103361;1.21372;1.21378;1.21375;5;T;True;1
1621221465000;14103366;1.2137;1.21376;1.21373;4;T;True;1
1621221466000;14103367;1.2137;1.21376;1.21373;0;T;True;1
1621221467000;14103368;1.2137;1.21376;1.21373;0;T;True;1
1621221468000;14103373;1.21372;1.21378;1.21375;4;T;True;1
1621221469000;14103375;1.21372;1.21378;1.21375;1;T;True;1
1621221470000;14103376;1.21372;1.21378;1.21375;0;T;True;1
1621221471000;14103380;1.2137;1.21376;1.21373;3;T;True;1
1621221472000;14103381;1.2137;1.21376;1.21373;0;T;True;1
1621221473000;14103382;1.2137;1.21376;1.21373;0;T;True;1
1621221474000;14103386;1.2137;1.21376;1.21373;3;T;True;1
1621221475000;14103387;1.2137;1.21376;1.21373;0;T;True;1
1621221476000;14103388;1.2137;1.21376;1.21373;0;T;True;1
1621221477000;14103390;1.21369;1.21375;1.21372;1;T;True;1
1621221478000;14103391;1.21369;1.21375;1.21372;0;T;True;1
1621221479000;14103396;1.21368;1.21374;1.21371;4;T;True;1
1621221480000;14103398;1.21368;1.21374;1.21371;1;T;True;1
1621221481000;14103399;1.21368;1.21374;1.21371;0;T;True;1
1621221482000;14103408;1.21372;1.21378;1.21375;8;T;True;1
1621221483000;14103415;1.21373;1.21379;1.21376;6;T;True;1
1621221484000;14103416;1.21373;1.21379;1.21376;0;T;True;1
1621221485000;14103420;1.21373;1.21379;1.21376;3;T;True;1
1621221486000;14103421;1.21373;1.21379;1.21376;0;T;True;1
1621221487000;14103422;1.21373;1.21379;1.21376;0;T;True;1
1621221488000;14103423;1.21373;1.21379;1.21376;0;T;True;1
1621221489000;14103424;1.21373;1.21379;1.21376;0;T;True;1
1621221490000;14103425;1.21373;1.21379;1.21376;0;T;True;1
1621221491000;14103430;1.21372;1.21378;1.21375;4;T;True;1
1621221492000;14103434;1.21372;1.21378;1.21375;3;T;True;1
1621221493000;14103436;1.21372;1.21378;1.21375;1;T;True;1
1621221494000;14103437;1.21372;1.21378;1.21375;0;T;True;1
1621221495000;14103438;1.21372;1.21378;1.21375;0;T;True;1
1621221496000;14103439;1.21372;1.21378;1.21375;0;T;True;1
1621221497000;14103440;1.21372;1.21378;1.21375;0;T;True;1
1621221498000;14103443;1.21372;1.21378;1.21375;2;T;True;1
1621221499000;14103444;1.21372;1.21378;1.21375;0;T;True;1
1621221500000;14103447;1.21372;1.21378;1.21375;2;T;True;1
1621221501000;14103450;1.21372;1.21378;1.21375;2;T;True;1
1621221502000;14103457;1.2137;1.21376;1.21373;6;T;True;1
1621221503000;14103461;1.2137;1.21376;1.21373;3;T;True;1
1621221504000;14103464;1.2137;1.21376;1.21373;2;T;True;1
1621221505000;14103467;1.2137;1.21376;1.21373;2;T;True;1
1621221506000;14103468;1.2137;1.21376;1.21373;0;T;True;1
1621221507000;14103471;1.2137;1.21376;1.21373;2;T;True;1
1621221508000;14103472;1.2137;1.21376;1.21373;0;T;True;1
1621221509000;14103474;1.2137;1.21376;1.21373;1;T;True;1
1621221510000;14103477;1.21369;1.21375;1.21372;2;T;True;1
1621221511000;14103479;1.21369;1.21375;1.21372;1;T;True;1
1621221512000;14103481;1.2137;1.21376;1.21373;1;T;True;1
1621221513000;14103482;1.2137;1.21376;1.21373;0;T;True;1
1621221514000;14103490;1.21372;1.21378;1.21375;7;T;True;1
1621221515000;14103491;1.21372;1.21378;1.21375;0;T;True;1
1621221516000;14103492;1.21372;1.21378;1.21375;0;T;True;1
1621221517000;14103494;1.21372;1.21378;1.21375;1;T;True;1
1621221518000;14103495;1.21372;1.21378;1.21375;0;T;True;1
1621221519000;14103496;1.21372;1.21378;1.21375;0;T;True;1
1621221520000;14103499;1.21372;1.21378;1.21375;2;T;True;1
1621221521000;14103504;1.21373;1.21379;1.21376;4;T;True;1
1621221522000;14103505;1.21373;1.21379;1.21376;0;T;True;1
1621221523000;14103506;1.21373;1.21379;1.21376;0;T;True;1
1621221524000;14103507;1.21373;1.21379;1.21376;0;T;True;1
1621221525000;14103508;1.21373;1.21379;1.21376;0;T;True;1
1621221526000;14103512;1.21372;1.21378;1.21375;3;T;True;1
1621221527000;14103514;1.21372;1.21378;1.21375;1;T;True;1
1621221528000;14103515;1.21372;1.21378;1.21375;0;T;True;1
1621221529000;14103516;1.21372;1.21378;1.21375;0;T;True;1
1621221530000;14103519;1.21372;1.21378;1.21375;2;T;True;1
1621221531000;14103526;1.2137;1.21376;1.21373;6;T;True;1
1621221532000;14103533;1.21368;1.21374;1.21371;6;T;True;1
1621221533000;14103535;1.21368;1.21374;1.21371;1;T;True;1
1621221534000;14103538;1.21368;1.21374;1.21371;2;T;True;1
1621221535000;14103540;1.21368;1.21374;1.21371;1;T;True;1
1621221536000;14103541;1.21368;1.21374;1.21371;0;T;True;1
1621221537000;14103542;1.21368;1.21374;1.21371;0;T;True;1
1621221538000;14103543;1.21368;1.21374;1.21371;0;T;True;1
1621221539000;14103546;1.21368;1.21374;1.21371;2;T;True;1
1621221540000;14103559;1.21368;1.21374;1.21371;12;T;True;1
1621221541000;14103563;1.21368;1.21374;1.21371;3;T;True;1
1621221542000;14103564;1.21368;1.21374;1.21371;0;T;True;1
1621221543000;14103566;1.21368;1.21374;1.21371;1;T;True;1
1621221544000;14103567;1.21368;1.21374;1.21371;0;T;True;1
1621221545000;14103573;1.21368;1.21374;1.21371;5;T;True;1
1621221546000;14103579;1.21368;1.21374;1.21371;5;T;True;1
1621221547000;14103581;1.21368;1.21374;1.21371;1;T;True;1
1621221548000;14103584;1.21369;1.21375;1.21372;2;T;True;1
1621221549000;14103585;1.21369;1.21375;1.21372;0;T;True;1
1621221550000;14103586;1.21369;1.21375;1.21372;0;T;True;1
1621221551000;14103588;1.2137;1.21376;1.21373;1;T;True;1
1621221552000;14103594;1.2137;1.21376;1.21373;5;T;True;1
1621221553000;14103595;1.2137;1.21376;1.21373;0;T;True;1
1621221554000;14103597;1.2137;1.21376;1.21373;1;T;True;1
1621221555000;14103599;1.2137;1.21376;1.21373;1;T;True;1
1621221556000;14103601;1.2137;1.21376;1.21373;1;T;True;1
1621221557000;14103605;1.21372;1.21378;1.21375;3;T;True;1
1621221558000;14103613;1.2137;1.21376;1.21373;7;T;True;1
1621221559000;14103614;1.2137;1.21376;1.21373;0;T;True;1
1621221560000;14103616;1.2137;1.21376;1.21373;1;T;True;1
1621221561000;14103617;1.2137;1.21376;1.21373;0;T;True;1
1621221562000;14103621;1.2137;1.21376;1.21373;3;T;True;1
1621221563000;14103622;1.2137;1.21376;1.21373;0;T;True;1
1621221564000;14103624;1.2137;1.21376;1.21373;1;T;True;1
1621221565000;14103627;1.2137;1.21376;1.21373;2;T;True;1
1621221566000;14103631;1.2137;1.21376;1.21373;3;T;True;1
1621221567000;14103632;1.2137;1.21376;1.21373;0;T;True;1
1621221568000;14103634;1.2137;1.21376;1.21373;1;T;True;1
1621221569000;14103637;1.2137;1.21376;1.21373;2;T;True;1
1621221570000;14103638;1.2137;1.21376;1.21373;0;T;True;1
1621221571000;14103639;1.2137;1.21376;1.21373;0;T;True;1
1621221572000;14103641;1.2137;1.21376;1.21373;1;T;True;1
1621221573000;14103646;1.21372;1.21378;1.21375;4;T;True;1
1621221574000;14103647;1.21372;1.21378;1.21375;0;T;True;1
1621221575000;14103648;1.21372;1.21378;1.21375;0;T;True;1
1621221576000;14103649;1.21372;1.21378;1.21375;0;T;True;1
1621221577000;14103650;1.21372;1.21378;1.21375;0;T;True;1
1621221578000;14103654;1.21373;1.21379;1.21376;3;T;True;1
1621221579000;14103656;1.21374;1.2138;1.21377;1;T;True;1
1621221580000;14103657;1.21374;1.2138;1.21377;0;T;True;1
1621221581000;14103658;1.21374;1.2138;1.21377;0;T;True;1
1621221582000;14103661;1.21373;1.21379;1.21376;2;T;True;1
1621221583000;14103662;1.21373;1.21379;1.21376;0;T;True;1
1621221584000;14103664;1.21374;1.2138;1.21377;1;T;True;1
1621221585000;14103665;1.21374;1.2138;1.21377;0;T;True;1
1621221586000;14103666;1.21374;1.2138;1.21377;0;T;True;1
1621221587000;14103667;1.21374;1.2138;1.21377;0;T;True;1
1621221588000;14103668;1.21374;1.2138;1.21377;0;T;True;1
1621221589000;14103669;1.21374;1.2138;1.21377;0;T;True;1
1621221590000;14103674;1.21372;1.21378;1.21375;4;T;True;1
1621221591000;14103675;1.21372;1.21378;1.21375;0;T;True;1
1621221592000;14103676;1.21372;1.21378;1.21375;0;T;True;1
1621221593000;14103677;1.21372;1.21378;1.21375;0;T;True;1
1621221594000;14103678;1.21372;1.21378;1.21375;0;T;True;1
1621221595000;14103679;1.21372;1.21378;1.21375;0;T;True;1
1621221596000;14103680;1.21372;1.21378;1.21375;0;T;True;1
1621221597000;14103681;1.21372;1.21378;1.21375;0;T;True;1
1621221598000;14103682;1.21372;1.21378;1.21375;0;T;True;1
1621221599000;14103683;1.21372;1.21378;1.21375;0;T;True;1
1621221600000;14103684;1.21372;1.21378;1.21375;0;T;True;1
1621221601000;14103685;1.21372;1.21378;1.21375;0;T;True;1
1621221602000;14103686;1.21372;1.21378;1.21375;0;T;True;1
1621221603000;14103687;1.21372;1.21378;1.21375;0;T;True;1
1621221604000;14103692;1.21372;1.21378;1.21375;4;T;True;1
1621221605000;14103695;1.21373;1.21379;1.21376;2;T;True;1
1621221606000;14103696;1.21373;1.21379;1.21376;0;T;True;1
1621221607000;14103699;1.21373;1.21379;1.21376;2;T;True;1
1621221608000;14103701;1.21373;1.21379;1.21376;1;T;True;1
1621221609000;14103703;1.21373;1.21379;1.21376;1;T;True;1
1621221610000;14103708;1.21374;1.2138;1.21377;4;T;True;1
1621221611000;14103710;1.21374;1.2138;1.21377;1;T;True;1
1621221612000;14103713;1.21374;1.2138;1.21377;2;T;True;1
1621221613000;14103717;1.21374;1.2138;1.21377;3;T;True;1
1621221614000;14103718;1.21374;1.2138;1.21377;0;T;True;1
1621221615000;14103719;1.21374;1.2138;1.21377;0;T;True;1
1621221616000;14103720;1.21374;1.2138;1.21377;0;T;True;1
1621221617000;14103721;1.21374;1.2138;1.21377;0;T;True;1
1621221618000;14103722;1.21374;1.2138;1.21377;0;T;True;1
1621221619000;14103723;1.21374;1.2138;1.21377;0;T;True;1
1621221620000;14103724;1.21374;1.2138;1.21377;0;T;True;1
1621221621000;14103726;1.21374;1.2138;1.21377;1;T;True;1
1621221622000;14103728;1.21374;1.2138;1.21377;1;T;True;1
1621221623000;14103729;1.21374;1.2138;1.21377;0;T;True;1
1621221624000;14103733;1.21374;1.2138;1.21377;3;T;True;1
1621221625000;14103734;1.21374;1.2138;1.21377;0;T;True;1
1621221626000;14103735;1.21374;1.2138;1.21377;0;T;True;1
1621221627000;14103736;1.21374;1.2138;1.21377;0;T;True;1
1621221628000;14103737;1.21374;1.2138;1.21377;0;T;True;1
1621221629000;14103738;1.21374;1.2138;1.21377;0;T;True;1
1621221630000;14103739;1.21374;1.2138;1.21377;0;T;True;1
1621221631000;14103740;1.21374;1.2138;1.21377;0;T;True;1
1621221632000;14103746;1.21371;1.21377;1.21374;5;T;True;1
1621221633000;14103748;1.21371;1.21377;1.21374;1;T;True;1
1621221634000;14103749;1.21371;1.21377;1.21374;0;T;True;1
1621221635000;14103750;1.21371;1.21377;1.21374;0;T;True;1
1621221636000;14103751;1.21371;1.21377;1.21374;0;T;True;1
1621221637000;14103752;1.21371;1.21377;1.21374;0;T;True;1
1621221638000;14103753;1.21371;1.21377;1.21374;0;T;True;1
1621221639000;14103754;1.21371;1.21377;1.21374;0;T;True;1
1621221640000;14103755;1.21371;1.21377;1.21374;0;T;True;1
1621221641000;14103756;1.21371;1.21377;1.21374;0;T;True;1
1621221642000;14103766;1.21371;1.21377;1.21374;9;T;True;1
1621221643000;14103767;1.21371;1.21377;1.21374;0;T;True;1
1621221644000;14103768;1.21371;1.21377;1.21374;0;T;True;1
1621221645000;14103770;1.2137;1.21376;1.21373;1;T;True;1
1621221646000;14103772;1.2137;1.21376;1.21373;1;T;True;1
1621221647000;14103774;1.21371;1.21377;1.21374;1;T;True;1
1621221648000;14103777;1.21369;1.21375;1.21372;2;T;True;1
1621221649000;14103782;1.21368;1.21374;1.21371;4;T;True;1
1621221650000;14103783;1.21368;1.21374;1.21371;0;T;True;1
1621221651000;14103784;1.21368;1.21374;1.21371;0;T;True;1
1621221652000;14103785;1.21368;1.21374;1.21371;0;T;True;1
1621221653000;14103787;1.21368;1.21374;1.21371;1;T;True;1
1621221654000;14103791;1.2137;1.21376;1.21373;3;T;True;1
1621221655000;14103794;1.21372;1.21378;1.21375;2;T;True;1
1621221656000;14103795;1.21372;1.21378;1.21375;0;T;True;1
1621221657000;14103798;1.21372;1.21378;1.21375;2;T;True;1
1621221658000;14103799;1.21372;1.21378;1.21375;0;T;True;1
1621221659000;14103800;1.21372;1.21378;1.21375;0;T;True;1
1621221660000;14103801;1.21372;1.21378;1.21375;0;T;True;1
1621221661000;14103802;1.21372;1.21378;1.21375;0;T;True;1
1621221662000;14103806;1.2137;1.21376;1.21373;3;T;True;1
1621221663000;14103808;1.2137;1.21376;1.21373;1;T;True;1
1621221664000;14103814;1.21371;1.21377;1.21374;5;T;True;1
1621221665000;14103815;1.21371;1.21377;1.21374;0;T;True;1
1621221666000;14103816;1.21371;1.21377;1.21374;0;T;True;1
1621221667000;14103819;1.21372;1.21378;1.21375;2;T;True;1
1621221668000;14103820;1.21372;1.21378;1.21375;0;T;True;1
1621221669000;14103821;1.21372;1.21378;1.21375;0;T;True;1
1621221670000;14103822;1.21372;1.21378;1.21375;0;T;True;1
1621221671000;14103823;1.21372;1.21378;1.21375;0;T;True;1
1621221672000;14103824;1.21372;1.21378;1.21375;0;T;True;1
1621221673000;14103825;1.21372;1.21378;1.21375;0;T;True;1
1621221674000;14103827;1.21372;1.21378;1.21375;1;T;True;1
1621221675000;14103828;1.21372;1.21378;1.21375;0;T;True;1
1621221676000;14103829;1.21372;1.21378;1.21375;0;T;True;1
1621221677000;14103830;1.21372;1.21378;1.21375;0;T;True;1
1621221678000;14103831;1.21372;1.21378;1.21375;0;T;True;1
1621221679000;14103832;1.21372;1.21378;1.21375;0;T;True;1
1621221680000;14103833;1.21372;1.21378;1.21375;0;T;True;1
1621221681000;14103834;1.21372;1.21378;1.21375;0;T;True;1
1621221682000;14103835;1.21372;1.21378;1.21375;0;T;True;1
1621221683000;14103836;1.21372;1.21378;1.21375;0;T;True;1
1621221684000;14103837;1.21372;1.21378;1.21375;0;T;True;1
1621221685000;14103838;1.21372;1.21378;1.21375;0;T;True;1
1621221686000;14103839;1.21372;1.21378;1.21375;0;T;True;1
1621221687000;14103840;1.21372;1.21378;1.21375;0;T;True;1
1621221688000;14103842;1.21373;1.21379;1.21376;1;T;True;1
1621221689000;14103843;1.21373;1.21379;1.21376;0;T;True;1
1621221690000;14103844;1.21373;1.21379;1.21376;0;T;True;1
1621221691000;14103845;1.21373;1.21379;1.21376;0;T;True;1
1621221692000;14103846;1.21373;1.21379;1.21376;0;T;True;1
1621221693000;14103848;1.21374;1.2138;1.21377;1;T;True;1
1621221694000;14103849;1.21374;1.2138;1.21377;0;T;True;1
1621221695000;14103850;1.21374;1.2138;1.21377;0;T;True;1
1621221696000;14103851;1.21374;1.2138;1.21377;0;T;True;1
1621221697000;14103852;1.21374;1.2138;1.21377;0;T;True;1
1621221698000;14103853;1.21374;1.2138;1.21377;0;T;True;1
1621221699000;14103854;1.21374;1.2138;1.21377;0;T;True;1
1621221700000;14103855;1.21374;1.2138;1.21377;0;T;True;1
1621221701000;14103856;1.21374;1.2138;1.21377;0;T;True;1
1621221702000;14103857;1.21374;1.2138;1.21377;0;T;True;1
1621221703000;14103858;1.21374;1.2138;1.21377;0;T;True;1
1621221704000;14103859;1.21374;1.2138;1.21377;0;T;True;1
1621221705000;14103860;1.21374;1.2138;1.21377;0;T;True;1
1621221706000;14103861;1.21374;1.2138;1.21377;0;T;True;1
1621221707000;14103862;1.21374;1.2138;1.21377;0;T;True;1
1621221708000;14103863;1.21374;1.2138;1.21377;0;T;True;1
1621221709000;14103864;1.21374;1.2138;1.21377;0;T;True;1
1621221710000;14103865;1.21374;1.2138;1.21377;0;T;True;1
1621221711000;14103866;1.21374;1.2138;1.21377;0;T;True;1
1621221712000;14103867;1.21374;1.2138;1.21377;0;T;True;1
1621221713000;14103868;1.21374;1.2138;1.21377;0;T;True;1
1621221714000;14103869;1.21374;1.2138;1.21377;0;T;True;1
1621221715000;14103870;1.21374;1.2138;1.21377;0;T;True;1
1621221716000;14103871;1.21374;1.2138;1.21377;0;T;True;1
1621221717000;14103872;1.21374;1.2138;1.21377;0;T;True;1
1621221718000;14103873;1.21374;1.2138;1.21377;0;T;True;1
1621221719000;14103874;1.21374;1.2138;1.21377;0;T;True;1
1621221720000;14103875;1.21374;1.2138;1.21377;0;T;True;1
1621221721000;14103882;1.21379;1.21385;1.21382;6;T;True;1
1621221722000;14103885;1.21379;1.21385;1.21382;2;T;True;1
1621221723000;14103886;1.21379;1.21385;1.21382;0;T;True;1
1621221724000;14103887;1.21379;1.21385;1.21382;0;T;True;1
1621221725000;14103889;1.21379;1.21385;1.21382;1;T;True;1
1621221726000;14103890;1.21379;1.21385;1.21382;0;T;True;1
1621221727000;14103891;1.21379;1.21385;1.21382;0;T;True;1
1621221728000;14103892;1.21379;1.21385;1.21382;0;T;True;1
1621221729000;14103893;1.21379;1.21385;1.21382;0;T;True;1
1621221730000;14103895;1.21379;1.21385;1.21382;1;T;True;1
1621221731000;14103896;1.21379;1.21385;1.21382;0;T;True;1
1621221732000;14103897;1.21379;1.21385;1.21382;0;T;True;1
1621221733000;14103901;1.2138;1.21386;1.21383;3;T;True;1
1621221734000;14103902;1.2138;1.21386;1.21383;0;T;True;1
1621221735000;14103903;1.2138;1.21386;1.21383;0;T;True;1
1621221736000;14103904;1.2138;1.21386;1.21383;0;T;True;1
1621221737000;14103905;1.2138;1.21386;1.21383;0;T;True;1
1621221738000;14103906;1.2138;1.21386;1.21383;0;T;True;1
1621221739000;14103907;1.2138;1.21386;1.21383;0;T;True;1
1621221740000;14103908;1.2138;1.21386;1.21383;0;T;True;1
1621221741000;14103909;1.2138;1.21386;1.21383;0;T;True;1
1621221742000;14103913;1.21383;1.21389;1.21386;3;T;True;1
1621221743000;14103914;1.21383;1.21389;1.21386;0;T;True;1
1621221744000;14103915;1.21383;1.21389;1.21386;0;T;True;1
1621221745000;14103916;1.21383;1.21389;1.21386;0;T;True;1
1621221746000;14103917;1.21383;1.21389;1.21386;0;T;True;1
1621221747000;14103920;1.21384;1.2139;1.21387;2;T;True;1
1621221748000;14103922;1.21384;1.2139;1.21387;1;T;True;1
1621221749000;14103923;1.21384;1.2139;1.21387;0;T;True;1
1621221750000;14103924;1.21384;1.2139;1.21387;0;T;True;1
1621221751000;14103925;1.21384;1.2139;1.21387;0;T;True;1
1621221752000;14103926;1.21384;1.2139;1.21387;0;T;True;1
1621221753000;14103927;1.21384;1.2139;1.21387;0;T;True;1
1621221754000;14103929;1.21384;1.2139;1.21387;1;T;True;1
1621221755000;14103932;1.21382;1.21388;1.21385;2;T;True;1
1621221756000;14103939;1.21382;1.21388;1.21385;6;T;True;1
1621221757000;14103940;1.21382;1.21388;1.21385;0;T;True;1
1621221758000;14103941;1.21382;1.21388;1.21385;0;T;True;1
1621221759000;14103943;1.21382;1.21388;1.21385;1;T;True;1
1621221760000;14103945;1.21382;1.21388;1.21385;1;T;True;1
1621221761000;14103946;1.21382;1.21388;1.21385;0;T;True;1
1621221762000;14103947;1.21382;1.21388;1.21385;0;T;True;1
1621221763000;14103948;1.21382;1.21388;1.21385;0;T;True;1
1621221764000;14103949;1.21382;1.21388;1.21385;0;T;True;1
1621221765000;14103953;1.2138;1.21386;1.21383;3;T;True;1
1621221766000;14103954;1.2138;1.21386;1.21383;0;T;True;1
1621221767000;14103955;1.2138;1.21386;1.21383;0;T;True;1
1621221768000;14103956;1.2138;1.21386;1.21383;0;T;True;1
1621221769000;14103957;1.2138;1.21386;1.21383;0;T;True;1
1621221770000;14103958;1.2138;1.21386;1.21383;0;T;True;1
1621221771000;14103959;1.2138;1.21386;1.21383;0;T;True;1
1621221772000;14103960;1.2138;1.21386;1.21383;0;T;True;1
1621221773000;14103961;1.2138;1.21386;1.21383;0;T;True;1
1621221774000;14103962;1.2138;1.21386;1.21383;0;T;True;1
1621221775000;14103963;1.2138;1.21386;1.21383;0;T;True;1
1621221776000;14103964;1.2138;1.21386;1.21383;0;T;True;1
1621221777000;14103965;1.2138;1.21386;1.21383;0;T;True;1
1621221778000;14103966;1.2138;1.21386;1.21383;0;T;True;1
1621221779000;14103969;1.2138;1.21386;1.21383;2;T;True;1
1621221780000;14103970;1.2138;1.21386;1.21383;0;T;True;1
1621221781000;14103971;1.2138;1.21386;1.21383;0;T;True;1
1621221782000;14103972;1.2138;1.21386;1.21383;0;T;True;1
1621221783000;14103973;1.2138;1.21386;1.21383;0;T;True;1
1621221784000;14103974;1.2138;1.21386;1.21383;0;T;True;1
1621221785000;14103975;1.2138;1.21386;1.21383;0;T;True;1
1621221786000;14103976;1.2138;1.21386;1.21383;0;T;True;1
1621221787000;14103977;1.2138;1.21386;1.21383;0;T;True;1
1621221788000;14103979;1.2138;1.21386;1.21383;1;T;True;1
1621221789000;14103980;1.2138;1.21386;1.21383;0;T;True;1
1621221790000;14103981;1.2138;1.21386;1.21383;0;T;True;1
1621221791000;14103982;1.2138;1.21386;1.21383;0;T;True;1
1621221792000;14103983;1.2138;1.21386;1.21383;0;T;True;1
1621221793000;14103987;1.21376;1.21382;1.21379;3;T;True;1
1621221794000;14103995;1.2137;1.21376;1.21373;7;T;True;1
1621221795000;14104000;1.21372;1.21378;1.21375;4;T;True;1
1621221796000;14104001;1.21372;1.21378;1.21375;0;T;True;1
1621221797000;14104002;1.21372;1.21378;1.21375;0;T;True;1
1621221798000;14104006;1.21372;1.21378;1.21375;3;T;True;1
1621221799000;14104008;1.2137;1.21376;1.21373;1;T;True;1
1621221800000;14104010;1.2137;1.21376;1.21373;1;T;True;1
1621221801000;14104012;1.2137;1.21376;1.21373;1;T;True;1
1621221802000;14104013;1.2137;1.21376;1.21373;0;T;True;1
1621221803000;14104014;1.2137;1.21376;1.21373;0;T;True;1
1621221804000;14104015;1.2137;1.21376;1.21373;0;T;True;1
1621221805000;14104016;1.2137;1.21376;1.21373;0;T;True;1
1621221806000;14104017;1.2137;1.21376;1.21373;0;T;True;1
1621221807000;14104018;1.2137;1.21376;1.21373;0;T;True;1
1621221808000;14104019;1.2137;1.21376;1.21373;0;T;True;1
1621221809000;14104020;1.2137;1.21376;1.21373;0;T;True;1
1621221810000;14104021;1.2137;1.21376;1.21373;0;T;True;1
1621221811000;14104022;1.2137;1.21376;1.21373;0;T;True;1
1621221812000;14104024;1.21369;1.21375;1.21372;1;T;True;1
1621221813000;14104025;1.21369;1.21375;1.21372;0;T;True;1
1621221814000;14104027;1.21368;1.21374;1.21371;1;T;True;1
1621221815000;14104030;1.21367;1.21373;1.2137;2;T;True;1
1621221816000;14104032;1.21368;1.21374;1.21371;1;T;True;1
1621221817000;14104033;1.21368;1.21374;1.21371;0;T;True;1
1621221818000;14104034;1.21368;1.21374;1.21371;0;T;True;1
1621221819000;14104035;1.21368;1.21374;1.21371;0;T;True;1
1621221820000;14104036;1.21368;1.21374;1.21371;0;T;True;1
1621221821000;14104038;1.21367;1.21373;1.2137;1;T;True;1
1621221822000;14104040;1.21368;1.21374;1.21371;1;T;True;1
1621221823000;14104041;1.21368;1.21374;1.21371;0;T;True;1
1621221824000;14104042;1.21368;1.21374;1.21371;0;T;True;1
1621221825000;14104043;1.21368;1.21374;1.21371;0;T;True;1
1621221826000;14104044;1.21368;1.21374;1.21371;0;T;True;1
1621221827000;14104051;1.21364;1.2137;1.21367;6;T;True;1
1621221828000;14104052;1.21364;1.2137;1.21367;0;T;True;1
1621221829000;14104053;1.21364;1.2137;1.21367;0;T;True;1
1621221830000;14104054;1.21364;1.2137;1.21367;0;T;True;1
1621221831000;14104055;1.21364;1.2137;1.21367;0;T;True;1
1621221832000;14104056;1.21364;1.2137;1.21367;0;T;True;1
1621221833000;14104061;1.2137;1.21376;1.21373;4;T;True;1
1621221834000;14104062;1.2137;1.21376;1.21373;0;T;True;1
1621221835000;14104068;1.21374;1.2138;1.21377;5;T;True;1
1621221836000;14104069;1.21374;1.2138;1.21377;0;T;True;1
1621221837000;14104070;1.21374;1.2138;1.21377;0;T;True;1
1621221838000;14104071;1.21374;1.2138;1.21377;0;T;True;1
1621221839000;14104072;1.21374;1.2138;1.21377;0;T;True;1
1621221840000;14104079;1.2137;1.21376;1.21373;6;T;True;1
1621221841000;14104083;1.21368;1.21374;1.21371;3;T;True;1
1621221842000;14104086;1.21368;1.21374;1.21371;2;T;True;1
1621221843000;14104088;1.21368;1.21374;1.21371;1;T;True;1
1621221844000;14104089;1.21368;1.21374;1.21371;0;T;True;1
1621221845000;14104094;1.2137;1.21376;1.21373;4;T;True;1
1621221846000;14104098;1.21368;1.21374;1.21371;3;T;True;1
1621221847000;14104099;1.21368;1.21374;1.21371;0;T;True;1
1621221848000;14104100;1.21368;1.21374;1.21371;0;T;True;1
1621221849000;14104102;1.21368;1.21374;1.21371;1;T;True;1
1621221850000;14104105;1.21367;1.21373;1.2137;2;T;True;1
1621221851000;14104106;1.21367;1.21373;1.2137;0;T;True;1
1621221852000;14104109;1.21368;1.21374;1.21371;2;T;True;1
1621221853000;14104110;1.21368;1.21374;1.21371;0;T;True;1
1621221854000;14104111;1.21368;1.21374;1.21371;0;T;True;1
1621221855000;14104114;1.21368;1.21374;1.21371;2;T;True;1
1621221856000;14104117;1.2137;1.21376;1.21373;2;T;True;1
1621221857000;14104130;1.21364;1.2137;1.21367;12;T;True;1
1621221858000;14104134;1.21363;1.21369;1.21366;3;T;True;1
1621221859000;14104135;1.21363;1.21369;1.21366;0;T;True;1
1621221860000;14104136;1.21363;1.21369;1.21366;0;T;True;1
1621221861000;14104137;1.21363;1.21369;1.21366;0;T;True;1
1621221862000;14104138;1.21363;1.21369;1.21366;0;T;True;1
1621221863000;14104139;1.21363;1.21369;1.21366;0;T;True;1
1621221864000;14104145;1.2136;1.21366;1.21363;5;T;True;1
1621221865000;14104147;1.2136;1.21366;1.21363;1;T;True;1
1621221866000;14104149;1.2136;1.21366;1.21363;1;T;True;1
1621221867000;14104150;1.2136;1.21366;1.21363;0;T;True;1
1621221868000;14104153;1.2136;1.21366;1.21363;2;T;True;1
1621221869000;14104162;1.21358;1.21364;1.21361;8;T;True;1
1621221870000;14104163;1.21358;1.21364;1.21361;0;T;True;1
1621221871000;14104168;1.21354;1.2136;1.21357;4;T;True;1
1621221872000;14104175;1.21355;1.21361;1.21358;6;T;True;1
1621221873000;14104177;1.21356;1.21362;1.21359;1;T;True;1
1621221874000;14104184;1.21358;1.21364;1.21361;6;T;True;1
1621221875000;14104188;1.21358;1.21364;1.21361;3;T;True;1
1621221876000;14104190;1.21358;1.21364;1.21361;1;T;True;1
1621221877000;14104193;1.21358;1.21364;1.21361;2;T;True;1
1621221878000;14104196;1.21358;1.21364;1.21361;2;T;True;1
1621221879000;14104197;1.21358;1.21364;1.21361;0;T;True;1
1621221880000;14104203;1.21354;1.2136;1.21357;5;T;True;1
1621221881000;14104205;1.21354;1.2136;1.21357;1;T;True;1
1621221882000;14104206;1.21354;1.2136;1.21357;0;T;True;1
1621221883000;14104210;1.21352;1.21358;1.21355;3;T;True;1
1621221884000;14104212;1.21352;1.21358;1.21355;1;T;True;1
1621221885000;14104213;1.21352;1.21358;1.21355;0;T;True;1
1621221886000;14104214;1.21352;1.21358;1.21355;0;T;True;1
1621221887000;14104215;1.21352;1.21358;1.21355;0;T;True;1
1621221888000;14104218;1.2135;1.21356;1.21353;2;T;True;1
1621221889000;14104227;1.2135;1.21356;1.21353;8;T;True;1
1621221890000;14104229;1.2135;1.21356;1.21353;1;T;True;1
1621221891000;14104237;1.2135;1.21356;1.21353;7;T;True;1
1621221892000;14104239;1.2135;1.21356;1.21353;1;T;True;1
1621221893000;14104244;1.21348;1.21354;1.21351;4;T;True;1
1621221894000;14104246;1.21347;1.21353;1.2135;1;T;True;1
1621221895000;14104248;1.21347;1.21353;1.2135;1;T;True;1
1621221896000;14104255;1.21346;1.21352;1.21349;6;T;True;1
1621221897000;14104256;1.21346;1.21352;1.21349;0;T;True;1
1621221898000;14104257;1.21346;1.21352;1.21349;0;T;True;1
1621221899000;14104260;1.21346;1.21352;1.21349;2;T;True;1
1621221900000;14104261;1.21346;1.21352;1.21349;0;T;True;1
1621221901000;14104264;1.21347;1.21353;1.2135;2;T;True;1
1621221902000;14104267;1.21347;1.21353;1.2135;2;T;True;1
1621221903000;14104271;1.21348;1.21354;1.21351;3;T;True;1
1621221904000;14104273;1.21348;1.21354;1.21351;1;T;True;1
1621221905000;14104277;1.21347;1.21353;1.2135;3;T;True;1
1621221906000;14104278;1.21347;1.21353;1.2135;0;T;True;1
1621221907000;14104279;1.21347;1.21353;1.2135;0;T;True;1
1621221908000;14104282;1.21346;1.21352;1.21349;2;T;True;1
1621221909000;14104285;1.21346;1.21352;1.21349;2;T;True;1
1621221910000;14104286;1.21346;1.21352;1.21349;0;T;True;1
1621221911000;14104287;1.21346;1.21352;1.21349;0;T;True;1
1621221912000;14104289;1.21346;1.21352;1.21349;1;T;True;1
1621221913000;14104290;1.21346;1.21352;1.21349;0;T;True;1
1621221914000;14104291;1.21346;1.21352;1.21349;0;T;True;1
1621221915000;14104293;1.21346;1.21352;1.21349;1;T;True;1
1621221916000;14104294;1.21346;1.21352;1.21349;0;T;True;1
1621221917000;14104295;1.21346;1.21352;1.21349;0;T;True;1
1621221918000;14104296;1.21346;1.21352;1.21349;0;T;True;1
1621221919000;14104297;1.21346;1.21352;1.21349;0;T;True;1
1621221920000;14104300;1.21348;1.21354;1.21351;2;T;True;1
1621221921000;14104304;1.21347;1.21353;1.2135;3;T;True;1
1621221922000;14104310;1.21347;1.21353;1.2135;5;T;True;1
1621221923000;14104314;1.21348;1.21354;1.21351;3;T;True;1
1621221924000;14104315;1.21348;1.21354;1.21351;0;T;True;1
1621221925000;14104316;1.21348;1.21354;1.21351;0;T;True;1
1621221926000;14104318;1.21347;1.21353;1.2135;1;T;True;1
1621221927000;14104324;1.21352;1.21358;1.21355;5;T;True;1
1621221928000;14104332;1.21352;1.21358;1.21355;7;T;True;1
1621221929000;14104333;1.21352;1.21358;1.21355;0;T;True;1
1621221930000;14104341;1.21358;1.21364;1.21361;7;T;True;1
1621221931000;14104342;1.21358;1.21364;1.21361;0;T;True;1
1621221932000;14104344;1.21358;1.21364;1.21361;1;T;True;1
1621221933000;14104345;1.21358;1.21364;1.21361;0;T;True;1
1621221934000;14104346;1.21358;1.21364;1.21361;0;T;True;1
1621221935000;14104347;1.21358;1.21364;1.21361;0;T;True;1
1621221936000;14104349;1.21358;1.21364;1.21361;1;T;True;1
1621221937000;14104350;1.21358;1.21364;1.21361;0;T;True;1
1621221938000;14104351;1.21358;1.21364;1.21361;0;T;True;1
1621221939000;14104352;1.21358;1.21364;1.21361;0;T;True;1
1621221940000;14104353;1.21358;1.21364;1.21361;0;T;True;1
1621221941000;14104355;1.2136;1.21366;1.21363;1;T;True;1
1621221942000;14104356;1.2136;1.21366;1.21363;0;T;True;1
1621221943000;14104358;1.21359;1.21365;1.21362;1;T;True;1
1621221944000;14104359;1.21359;1.21365;1.21362;0;T;True;1
1621221945000;14104361;1.21358;1.21364;1.21361;1;T;True;1
1621221946000;14104362;1.21358;1.21364;1.21361;0;T;True;1
1621221947000;14104363;1.21358;1.21364;1.21361;0;T;True;1
1621221948000;14104364;1.21358;1.21364;1.21361;0;T;True;1
1621221949000;14104371;1.21354;1.2136;1.21357;6;T;True;1
1621221950000;14104375;1.21356;1.21362;1.21359;3;T;True;1
1621221951000;14104376;1.21356;1.21362;1.21359;0;T;True;1
1621221952000;14104384;1.21356;1.21362;1.21359;7;T;True;1
1621221953000;14104388;1.21358;1.21364;1.21361;3;T;True;1
1621221954000;14104389;1.21358;1.21364;1.21361;0;T;True;1
1621221955000;14104390;1.21358;1.21364;1.21361;0;T;True;1
1621221956000;14104391;1.21358;1.21364;1.21361;0;T;True;1
1621221957000;14104394;1.21358;1.21364;1.21361;2;T;True;1
1621221958000;14104398;1.21358;1.21364;1.21361;3;T;True;1
1621221959000;14104400;1.21358;1.21364;1.21361;1;T;True;1
1621221960000;14104401;1.21358;1.21364;1.21361;0;T;True;1
1621221961000;14104406;1.21354;1.2136;1.21357;4;T;True;1
1621221962000;14104408;1.21353;1.21359;1.21356;1;T;True;1
1621221963000;14104409;1.21353;1.21359;1.21356;0;T;True;1
1621221964000;14104411;1.21353;1.21359;1.21356;1;T;True;1
1621221965000;14104412;1.21353;1.21359;1.21356;0;T;True;1
1621221966000;14104416;1.2135;1.21356;1.21353;3;T;True;1
1621221967000;14104418;1.21348;1.21354;1.21351;1;T;True;1
1621221968000;14104420;1.21348;1.21354;1.21351;1;T;True;1
1621221969000;14104421;1.21348;1.21354;1.21351;0;T;True;1
1621221970000;14104422;1.21348;1.21354;1.21351;0;T;True;1
1621221971000;14104423;1.21348;1.21354;1.21351;0;T;True;1
1621221972000;14104427;1.2135;1.21356;1.21353;3;T;True;1
1621221973000;14104429;1.2135;1.21356;1.21353;1;T;True;1
1621221974000;14104432;1.2135;1.21356;1.21353;2;T;True;1
1621221975000;14104435;1.21348;1.21354;1.21351;2;T;True;1
1621221976000;14104436;1.21348;1.21354;1.21351;0;T;True;1
1621221977000;14104437;1.21348;1.21354;1.21351;0;T;True;1
1621221978000;14104441;1.21349;1.21355;1.21352;3;T;True;1
1621221979000;14104447;1.21355;1.21361;1.21358;5;T;True;1
1621221980000;14104450;1.21356;1.21362;1.21359;2;T;True;1
1621221981000;14104452;1.21356;1.21362;1.21359;1;T;True;1
1621221982000;14104454;1.21356;1.21362;1.21359;1;T;True;1
1621221983000;14104456;1.21358;1.21364;1.21361;1;T;True;1
1621221984000;14104457;1.21358;1.21364;1.21361;0;T;True;1
1621221985000;14104458;1.21358;1.21364;1.21361;0;T;True;1
1621221986000;14104461;1.21356;1.21362;1.21359;2;T;True;1
1621221987000;14104462;1.21356;1.21362;1.21359;0;T;True;1
1621221988000;14104464;1.21356;1.21362;1.21359;1;T;True;1
1621221989000;14104465;1.21356;1.21362;1.21359;0;T;True;1
1621221990000;14104466;1.21356;1.21362;1.21359;0;T;True;1
1621221991000;14104467;1.21356;1.21362;1.21359;0;T;True;1
1621221992000;14104469;1.21354;1.2136;1.21357;1;T;True;1
1621221993000;14104470;1.21354;1.2136;1.21357;0;T;True;1
1621221994000;14104471;1.21354;1.2136;1.21357;0;T;True;1
1621221995000;14104472;1.21354;1.2136;1.21357;0;T;True;1
