ts;n;bid;ask;value;volume;phase;round;active_id
1621223862000;14107439;1.21322;1.21328;1.21325;0;T;True;1
1621223863000;14107440;1.21322;1.21328;1.21325;0;T;True;1
1621223864000;14107441;1.21322;1.21328;1.21325;0;T;True;1
1621223865000;14107442;1.21322;1.21328;1.21325;0;T;True;1
1621223866000;14107443;1.21322;1.21328;1.21325;0;T;True;1
1621223867000;14107444;1.21322;1.21328;1.21325;0;T;True;1
1621223868000;14107445;1.21322;1.21328;1.21325;0;T;True;1
1621223869000;14107446;1.21322;1.21328;1.21325;0;T;True;1
1621223870000;14107447;1.21322;1.21328;1.21325;0;T;True;1
1621223871000;14107448;1.21322;1.21328;1.21325;0;T;True;1
1621223872000;14107449;1.21322;1.21328;1.21325;0;T;True;1
1621223873000;14107450;1.21322;1.21328;1.21325;0;T;True;1
1621223874000;14107451;1.21322;1.21328;1.21325;0;T;True;1
1621223875000;14107452;1.21322;1.21328;1.21325;0;T;True;1
1621223876000;14107453;1.21322;1.21328;1.21325;0;T;True;1
1621223877000;14107454;1.21322;1.21328;1.21325;0;T;True;1
1621223878000;14107455;1.21322;1.21328;1.21325;0;T;True;1
1621223879000;14107456;1.21322;1.21328;1.21325;0;T;True;1
1621223880000;14107457;1.21322;1.21328;1.21325;0;T;True;1
1621223881000;14107459;1.21322;1.21328;1.21325;1;T;True;1
1621223882000;14107460;1.21322;1.21328;1.21325;0;T;True;1
1621223883000;14107461;1.21322;1.21328;1.21325;0;T;True;1
1621223884000;14107462;1.21322;1.21328;1.21325;0;T;True;1
1621223885000;14107463;1.21322;1.21328;1.21325;0;T;True;1
1621223886000;14107464;1.21322;1.21328;1.21325;0;T;True;1
1621223887000;14107465;1.21322;1.21328;1.21325;0;T;True;1
1621223888000;14107466;1.21322;1.21328;1.21325;0;T;True;1
1621223889000;14107467;1.21322;1.21328;1.21325;0;T;True;1
1621223890000;14107469;1.21322;1.21328;1.21325;1;T;True;1
1621223891000;14107470;1.21322;1.21328;1.21325;0;T;True;1
1621223892000;14107471;1.21322;1.21328;1.21325;0;T;True;1
1621223893000;14107472;1.21322;1.21328;1.21325;0;T;True;1
1621223894000;14107473;1.21322;1.21328;1.21325;0;T;True;1
1621223895000;14107476;1.21322;1.21328;1.21325;2;T;True;1
1621223896000;14107477;1.21322;1.21328;1.21325;0;T;True;1
1621223897000;14107478;1.21322;1.21328;1.21325;0;T;True;1
1621223898000;14107479;1.21322;1.21328;1.21325;0;T;True;1
1621223899000;14107480;1.21322;1.21328;1.21325;0;T;True;1
1621223900000;14107481;1.21322;1.21328;1.21325;0;T;True;1
1621223901000;14107482;1.21322;1.21328;1.21325;0;T;True;1
1621223902000;14107483;1.21322;1.21328;1.21325;0;T;True;1
1621223903000;14107484;1.21322;1.21328;1.21325;0;T;True;1
1621223904000;14107485;1.21322;1.21328;1.21325;0;T;True;1
1621223905000;14107494;1.21318;1.21324;1.21321;8;T;True;1
1621223906000;14107496;1.21318;1.21324;1.21321;1;T;True;1
1621223907000;14107497;1.21318;1.21324;1.21321;0;T;True;1
1621223908000;14107501;1.21318;1.21324;1.21321;3;T;True;1
1621223909000;14107510;1.21318;1.21324;1.21321;8;T;True;1
1621223910000;14107511;1.21318;1.21324;1.21321;0;T;True;1
1621223911000;14107512;1.21318;1.21324;1.21321;0;T;True;1
1621223912000;14107513;1.21318;1.21324;1.21321;0;T;True;1
1621223913000;14107514;1.21318;1.21324;1.21321;0;T;True;1
1621223914000;14107519;1.21318;1.21324;1.21321;4;T;True;1
1621223915000;14107523;1.21318;1.21324;1.21321;3;T;True;1
1621223916000;14107530;1.21318;1.21324;1.21321;6;T;True;1
1621223917000;14107532;1.21318;1.21324;1.21321;1;T;True;1
1621223918000;14107534;1.21318;1.21324;1.21321;1;T;True;1
1621223919000;14107539;1.21317;1.21323;1.2132;4;T;True;1
1621223920000;14107548;1.21318;1.21324;1.21321;8;T;True;1
1621223921000;14107552;1.21316;1.21322;1.21319;3;T;True;1
1621223922000;14107557;1.21316;1.21322;1.21319;4;T;True;1
1621223923000;14107561;1.21315;1.21321;1.21318;3;T;True;1
1621223924000;14107562;1.21315;1.21321;1.21318;0;T;True;1
1621223925000;14107563;1.21315;1.21321;1.21318;0;T;True;1
1621223926000;14107564;1.21315;1.21321;1.21318;0;T;True;1
1621223927000;14107567;1.21316;1.21322;1.21319;2;T;True;1
1621223928000;14107573;1.21316;1.21322;1.21319;5;T;True;1
1621223929000;14107574;1.21316;1.21322;1.21319;0;T;True;1
1621223930000;14107575;1.21316;1.21322;1.21319;0;T;True;1
1621223931000;14107578;1.21317;1.21323;1.2132;2;T;True;1
1621223932000;14107580;1.21317;1.21323;1.2132;1;T;True;1
1621223933000;14107581;1.21317;1.21323;1.2132;0;T;True;1
1621223934000;14107582;1.21317;1.21323;1.2132;0;T;True;1
1621223935000;14107584;1.21318;1.21324;1.21321;1;T;True;1
1621223936000;14107585;1.21318;1.21324;1.21321;0;T;True;1
1621223937000;14107586;1.21318;1.21324;1.21321;0;T;True;1
1621223938000;14107590;1.21317;1.21323;1.2132;3;T;True;1
1621223939000;14107592;1.21316;1.21322;1.21319;1;T;True;1
1621223940000;14107594;1.21316;1.21322;1.21319;1;T;True;1
1621223941000;14107596;1.21316;1.21322;1.21319;1;T;True;1
1621223942000;14107600;1.21318;1.21324;1.21321;3;T;True;1
1621223943000;14107604;1.21318;1.21324;1.21321;3;T;True;1
1621223944000;14107605;1.21318;1.21324;1.21321;0;T;True;1
1621223945000;14107606;1.21318;1.21324;1.21321;0;T;True;1
1621223946000;14107608;1.21318;1.21324;1.21321;1;T;True;1
1621223947000;14107609;1.21318;1.21324;1.21321;0;T;True;1
1621223948000;14107610;1.21318;1.21324;1.21321;0;T;True;1
1621223949000;14107611;1.21318;1.21324;1.21321;0;T;True;1
1621223950000;14107612;1.21318;1.21324;1.21321;0;T;True;1
1621223951000;14107613;1.21318;1.21324;1.21321;0;T;True;1
1621223952000;14107614;1.21318;1.21324;1.21321;0;T;True;1
1621223953000;14107625;1.21318;1.21324;1.21321;10;T;True;1
1621223954000;14107629;1.21318;1.21324;1.21321;3;T;True;1
1621223955000;14107632;1.21318;1.21324;1.21321;2;T;True;1
1621223956000;14107634;1.21318;1.21324;1.21321;1;T;True;1
1621223957000;14107635;1.21318;1.21324;1.21321;0;T;True;1
1621223958000;14107636;1.21318;1.21324;1.21321;0;T;True;1
1621223959000;14107638;1.21318;1.21324;1.21321;1;T;True;1
1621223960000;14107639;1.21318;1.21324;1.21321;0;T;True;1
1621223961000;14107640;1.21318;1.21324;1.21321;0;T;True;1
1621223962000;14107641;1.21318;1.21324;1.21321;0;T;True;1
1621223963000;14107643;1.21318;1.21324;1.21321;1;T;True;1
1621223964000;14107644;1.21318;1.21324;1.21321;0;T;True;1
1621223965000;14107645;1.21318;1.21324;1.21321;0;T;True;1
1621223966000;14107646;1.21318;1.21324;1.21321;0;T;True;1
1621223967000;14107647;1.21318;1.21324;1.21321;0;T;True;1
1621223968000;14107648;1.21318;1.21324;1.21321;0;T;True;1
1621223969000;14107650;1.21318;1.21324;1.21321;1;T;True;1
1621223970000;14107651;1.21318;1.21324;1.21321;0;T;True;1
1621223971000;14107652;1.21318;1.21324;1.21321;0;T;True;1
1621223972000;14107653;1.21318;1.21324;1.21321;0;T;True;1
1621223973000;14107654;1.21318;1.21324;1.21321;0;T;True;1
1621223974000;14107655;1.21318;1.21324;1.21321;0;T;True;1
1621223975000;14107656;1.21318;1.21324;1.21321;0;T;True;1
1621223976000;14107657;1.21318;1.21324;1.21321;0;T;True;1
1621223977000;14107658;1.21318;1.21324;1.21321;0;T;True;1
1621223978000;14107659;1.21318;1.21324;1.21321;0;T;True;1
1621223979000;14107660;1.21318;1.21324;1.21321;0;T;True;1
1621223980000;14107661;1.21318;1.21324;1.21321;0;T;True;1
1621223981000;14107662;1.21318;1.21324;1.21321;0;T;True;1
1621223982000;14107663;1.21318;1.21324;1.21321;0;T;True;1
1621223983000;14107664;1.21318;1.21324;1.21321;0;T;True;1
1621223984000;14107665;1.21318;1.21324;1.21321;0;T;True;1
1621223985000;14107666;1.21318;1.21324;1.21321;0;T;True;1
1621223986000;14107667;1.21318;1.21324;1.21321;0;T;True;1
1621223987000;14107668;1.21318;1.21324;1.21321;0;T;True;1
1621223988000;14107669;1.21318;1.21324;1.21321;0;T;True;1
1621223989000;14107671;1.21316;1.21322;1.21319;1;T;True;1
1621223990000;14107672;1.21316;1.21322;1.21319;0;T;True;1
1621223991000;14107673;1.21316;1.21322;1.21319;0;T;True;1
1621223992000;14107674;1.21316;1.21322;1.21319;0;T;True;1
1621223993000;14107675;1.21316;1.21322;1.21319;0;T;True;1
1621223994000;14107676;1.21316;1.21322;1.21319;0;T;True;1
1621223995000;14107677;1.21316;1.21322;1.21319;0;T;True;1
1621223996000;14107678;1.21316;1.21322;1.21319;0;T;True;1
1621223997000;14107679;1.21316;1.21322;1.21319;0;T;True;1
1621223998000;14107683;1.21314;1.2132;1.21317;3;T;True;1
1621223999000;14107684;1.21314;1.2132;1.21317;0;T;True;1
1621224000000;14107685;1.21314;1.2132;1.21317;0;T;True;1
1621224001000;14107689;1.21313;1.21319;1.21316;3;T;True;1
1621224002000;14107691;1.21313;1.21319;1.21316;1;T;True;1
1621224003000;14107693;1.21314;1.2132;1.21317;1;T;True;1
1621224004000;14107694;1.21314;1.2132;1.21317;0;T;True;1
1621224005000;14107700;1.21312;1.21318;1.21315;5;T;True;1
1621224006000;14107701;1.21312;1.21318;1.21315;0;T;True;1
1621224007000;14107702;1.21312;1.21318;1.21315;0;T;True;1
1621224008000;14107704;1.21312;1.21318;1.21315;1;T;True;1
1621224009000;14107705;1.21312;1.21318;1.21315;0;T;True;1
1621224010000;14107706;1.21312;1.21318;1.21315;0;T;True;1
1621224011000;14107707;1.21312;1.21318;1.21315;0;T;True;1
1621224012000;14107709;1.21313;1.21319;1.21316;1;T;True;1
1621224013000;14107716;1.21317;1.21323;1.2132;6;T;True;1
1621224014000;14107718;1.21316;1.21322;1.21319;1;T;True;1
1621224015000;14107719;1.21316;1.21322;1.21319;0;T;True;1
1621224016000;14107727;1.21318;1.21324;1.21321;7;T;True;1
1621224017000;14107728;1.21318;1.21324;1.21321;0;T;True;1
1621224018000;14107730;1.21318;1.21324;1.21321;1;T;True;1
1621224019000;14107731;1.21318;1.21324;1.21321;0;T;True;1
1621224020000;14107732;1.21318;1.21324;1.21321;0;T;True;1
1621224021000;14107733;1.21318;1.21324;1.21321;0;T;True;1
1621224022000;14107735;1.21318;1.21324;1.21321;1;T;True;1
1621224023000;14107736;1.21318;1.21324;1.21321;0;T;True;1
1621224024000;14107738;1.21318;1.21324;1.21321;1;T;True;1
1621224025000;14107740;1.21318;1.21324;1.21321;1;T;True;1
1621224026000;14107741;1.21318;1.21324;1.21321;0;T;True;1
1621224027000;14107742;1.21318;1.21324;1.21321;0;T;True;1
1621224028000;14107745;1.21316;1.21322;1.21319;2;T;True;1
1621224029000;14107751;1.21317;1.21323;1.2132;5;T;True;1
1621224030000;14107752;1.21317;1.21323;1.2132;0;T;True;1
1621224031000;14107755;1.21318;1.21324;1.21321;2;T;True;1
1621224032000;14107761;1.21317;1.21323;1.2132;5;T;True;1
1621224033000;14107764;1.21317;1.21323;1.2132;2;T;True;1
1621224034000;14107768;1.21318;1.21324;1.21321;3;T;True;1
1621224035000;14107776;1.21318;1.21324;1.21321;7;T;True;1
1621224036000;14107777;1.21318;1.21324;1.21321;0;T;True;1
1621224037000;14107780;1.21318;1.21324;1.21321;2;T;True;1
1621224038000;14107781;1.21318;1.21324;1.21321;0;T;True;1
1621224039000;14107786;1.21318;1.21324;1.21321;4;T;True;1
1621224040000;14107787;1.21318;1.21324;1.21321;0;T;True;1
1621224041000;14107790;1.21318;1.21324;1.21321;2;T;True;1
1621224042000;14107791;1.21318;1.21324;1.21321;0;T;True;1
1621224043000;14107792;1.21318;1.21324;1.21321;0;T;True;1
1621224044000;14107793;1.21318;1.21324;1.21321;0;T;True;1
1621224045000;14107794;1.21318;1.21324;1.21321;0;T;True;1
1621224046000;14107795;1.21318;1.21324;1.21321;0;T;True;1
1621224047000;14107796;1.21318;1.21324;1.21321;0;T;True;1
1621224048000;14107797;1.21318;1.21324;1.21321;0;T;True;1
1621224049000;14107798;1.21318;1.21324;1.21321;0;T;True;1
1621224050000;14107799;1.21318;1.21324;1.21321;0;T;True;1
1621224051000;14107800;1.21318;1.21324;1.21321;0;T;True;1
1621224052000;14107801;1.21318;1.21324;1.21321;0;T;True;1
1621224053000;14107802;1.21318;1.21324;1.21321;0;T;True;1
1621224054000;14107803;1.21318;1.21324;1.21321;0;T;True;1
1621224055000;14107804;1.21318;1.21324;1.21321;0;T;True;1
1621224056000;14107805;1.21318;1.21324;1.21321;0;T;True;1
1621224057000;14107812;1.21318;1.21324;1.21321;6;T;True;1
1621224058000;14107813;1.21318;1.21324;1.21321;0;T;True;1
1621224059000;14107814;1.21318;1.21324;1.21321;0;T;True;1
1621224060000;14107815;1.21318;1.21324;1.21321;0;T;True;1
1621224061000;14107819;1.21319;1.21325;1.21322;3;T;True;1
1621224062000;14107821;1.2132;1.21326;1.21323;1;T;True;1
1621224063000;14107823;1.2132;1.21326;1.21323;1;T;True;1
1621224064000;14107824;1.2132;1.21326;1.21323;0;T;True;1
1621224065000;14107825;1.2132;1.21326;1.21323;0;T;True;1
1621224066000;14107826;1.2132;1.21326;1.21323;0;T;True;1
1621224067000;14107833;1.21318;1.21324;1.21321;6;T;True;1
1621224068000;14107837;1.21318;1.21324;1.21321;3;T;True;1
1621224069000;14107838;1.21318;1.21324;1.21321;0;T;True;1
1621224070000;14107839;1.21318;1.21324;1.21321;0;T;True;1
1621224071000;14107844;1.21318;1.21324;1.21321;4;T;True;1
1621224072000;14107845;1.21318;1.21324;1.21321;0;T;True;1
1621224073000;14107846;1.21318;1.21324;1.21321;0;T;True;1
1621224074000;14107847;1.21318;1.21324;1.21321;0;T;True;1
1621224075000;14107848;1.21318;1.21324;1.21321;0;T;True;1
1621224076000;14107849;1.21318;1.21324;1.21321;0;T;True;1
1621224077000;14107850;1.21318;1.21324;1.21321;0;T;True;1
1621224078000;14107851;1.21318;1.21324;1.21321;0;T;True;1
1621224079000;14107852;1.21318;1.21324;1.21321;0;T;True;1
1621224080000;14107855;1.21318;1.21324;1.21321;2;T;True;1
1621224081000;14107856;1.21318;1.21324;1.21321;0;T;True;1
1621224082000;14107857;1.21318;1.21324;1.21321;0;T;True;1
1621224083000;14107858;1.21318;1.21324;1.21321;0;T;True;1
1621224084000;14107859;1.21318;1.21324;1.21321;0;T;True;1
1621224085000;14107860;1.21318;1.21324;1.21321;0;T;True;1
1621224086000;14107863;1.21318;1.21324;1.21321;2;T;True;1
1621224087000;14107864;1.21318;1.21324;1.21321;0;T;True;1
1621224088000;14107865;1.21318;1.21324;1.21321;0;T;True;1
1621224089000;14107866;1.21318;1.21324;1.21321;0;T;True;1
1621224090000;14107867;1.21318;1.21324;1.21321;0;T;True;1
1621224091000;14107868;1.21318;1.21324;1.21321;0;T;True;1
1621224092000;14107869;1.21318;1.21324;1.21321;0;T;True;1
1621224093000;14107870;1.21318;1.21324;1.21321;0;T;True;1
1621224094000;14107871;1.21318;1.21324;1.21321;0;T;True;1
1621224095000;14107872;1.21318;1.21324;1.21321;0;T;True;1
1621224096000;14107873;1.21318;1.21324;1.21321;0;T;True;1
1621224097000;14107874;1.21318;1.21324;1.21321;0;T;True;1
1621224098000;14107876;1.21318;1.21324;1.21321;1;T;True;1
1621224099000;14107878;1.21317;1.21323;1.2132;1;T;True;1
1621224100000;14107879;1.21317;1.21323;1.2132;0;T;True;1
1621224101000;14107880;1.21317;1.21323;1.2132;0;T;True;1
1621224102000;14107881;1.21317;1.21323;1.2132;0;T;True;1
1621224103000;14107883;1.21317;1.21323;1.2132;1;T;True;1
1621224104000;14107884;1.21317;1.21323;1.2132;0;T;True;1
1621224105000;14107885;1.21317;1.21323;1.2132;0;T;True;1
1621224106000;14107886;1.21317;1.21323;1.2132;0;T;True;1
1621224107000;14107888;1.21317;1.21323;1.2132;1;T;True;1
1621224108000;14107889;1.21317;1.21323;1.2132;0;T;True;1
1621224109000;14107890;1.21317;1.21323;1.2132;0;T;True;1
1621224110000;14107891;1.21317;1.21323;1.2132;0;T;True;1
1621224111000;14107892;1.21317;1.21323;1.2132;0;T;True;1
1621224112000;14107893;1.21317;1.21323;1.2132;0;T;True;1
1621224113000;14107894;1.21317;1.21323;1.2132;0;T;True;1
1621224114000;14107895;1.21317;1.21323;1.2132;0;T;True;1
1621224115000;14107896;1.21317;1.21323;1.2132;0;T;True;1
1621224116000;14107897;1.21317;1.21323;1.2132;0;T;True;1
1621224117000;14107899;1.21317;1.21323;1.2132;1;T;True;1
1621224118000;14107900;1.21317;1.21323;1.2132;0;T;True;1
1621224119000;14107901;1.21317;1.21323;1.2132;0;T;True;1
1621224120000;14107903;1.21317;1.21323;1.2132;1;T;True;1
1621224121000;14107904;1.21317;1.21323;1.2132;0;T;True;1
1621224122000;14107905;1.21317;1.21323;1.2132;0;T;True;1
1621224123000;14107908;1.21317;1.21323;1.2132;2;T;True;1
1621224124000;14107911;1.21317;1.21323;1.2132;2;T;True;1
1621224125000;14107912;1.21317;1.21323;1.2132;0;T;True;1
1621224126000;14107915;1.21318;1.21324;1.21321;2;T;True;1
1621224127000;14107916;1.21318;1.21324;1.21321;0;T;True;1
1621224128000;14107917;1.21318;1.21324;1.21321;0;T;True;1
1621224129000;14107918;1.21318;1.21324;1.21321;0;T;True;1
1621224130000;14107919;1.21318;1.21324;1.21321;0;T;True;1
1621224131000;14107920;1.21318;1.21324;1.21321;0;T;True;1
1621224132000;14107921;1.21318;1.21324;1.21321;0;T;True;1
1621224133000;14107922;1.21318;1.21324;1.21321;0;T;True;1
1621224134000;14107923;1.21318;1.21324;1.21321;0;T;True;1
1621224135000;14107924;1.21318;1.21324;1.21321;0;T;True;1
1621224136000;14107926;1.21317;1.21323;1.2132;1;T;True;1
1621224137000;14107927;1.21317;1.21323;1.2132;0;T;True;1
1621224138000;14107928;1.21317;1.21323;1.2132;0;T;True;1
1621224139000;14107929;1.21317;1.21323;1.2132;0;T;True;1
1621224140000;14107930;1.21317;1.21323;1.2132;0;T;True;1
1621224141000;14107931;1.21317;1.21323;1.2132;0;T;True;1
1621224142000;14107932;1.21317;1.21323;1.2132;0;T;True;1
1621224143000;14107933;1.21317;1.21323;1.2132;0;T;True;1
1621224144000;14107934;1.21317;1.21323;1.2132;0;T;True;1
1621224145000;14107949;1.21319;1.21325;1.21322;14;T;True;1
1621224146000;14107953;1.2132;1.21326;1.21323;3;T;True;1
1621224147000;14107954;1.2132;1.21326;1.21323;0;T;True;1
1621224148000;14107956;1.2132;1.21326;1.21323;1;T;True;1
1621224149000;14107957;1.2132;1.21326;1.21323;0;T;True;1
1621224150000;14107958;1.2132;1.21326;1.21323;0;T;True;1
1621224151000;14107965;1.21324;1.2133;1.21327;6;T;True;1
1621224152000;14107967;1.21323;1.21329;1.21326;1;T;True;1
1621224153000;14107968;1.21323;1.21329;1.21326;0;T;True;1
1621224154000;14107969;1.21323;1.21329;1.21326;0;T;True;1
1621224155000;14107971;1.21322;1.21328;1.21325;1;T;True;1
1621224156000;14107974;1.21323;1.21329;1.21326;2;T;True;1
1621224157000;14107977;1.21324;1.2133;1.21327;2;T;True;1
1621224158000;14107979;1.21324;1.2133;1.21327;1;T;True;1
1621224159000;14107982;1.21324;1.2133;1.21327;2;T;True;1
1621224160000;14107984;1.21324;1.2133;1.21327;1;T;True;1
1621224161000;14107985;1.21324;1.2133;1.21327;0;T;True;1
1621224162000;14107986;1.21324;1.2133;1.21327;0;T;True;1
1621224163000;14107987;1.21324;1.2133;1.21327;0;T;True;1
1621224164000;14107989;1.21324;1.2133;1.21327;1;T;True;1
1621224165000;14107993;1.21322;1.21328;1.21325;3;T;True;1
1621224166000;14107994;1.21322;1.21328;1.21325;0;T;True;1
1621224167000;14107996;1.21322;1.21328;1.21325;1;T;True;1
1621224168000;14107997;1.21322;1.21328;1.21325;0;T;True;1
1621224169000;14107999;1.21322;1.21328;1.21325;1;T;True;1
1621224170000;14108000;1.21322;1.21328;1.21325;0;T;True;1
1621224171000;14108001;1.21322;1.21328;1.21325;0;T;True;1
1621224172000;14108002;1.21322;1.21328;1.21325;0;T;True;1
1621224173000;14108004;1.21322;1.21328;1.21325;1;T;True;1
1621224174000;14108006;1.21322;1.21328;1.21325;1;T;True;1
1621224175000;14108007;1.21322;1.21328;1.21325;0;T;True;1
1621224176000;14108008;1.21322;1.21328;1.21325;0;T;True;1
1621224177000;14108010;1.21322;1.21328;1.21325;1;T;True;1
1621224178000;14108013;1.21322;1.21328;1.21325;2;T;True;1
1621224179000;14108015;1.21322;1.21328;1.21325;1;T;True;1
1621224180000;14108016;1.21322;1.21328;1.21325;0;T;True;1
1621224181000;14108018;1.21322;1.21328;1.21325;1;T;True;1
1621224182000;14108019;1.21322;1.21328;1.21325;0;T;True;1
1621224183000;14108021;1.21322;1.21328;1.21325;1;T;True;1
1621224184000;14108022;1.21322;1.21328;1.21325;0;T;True;1
1621224185000;14108023;1.21322;1.21328;1.21325;0;T;True;1
1621224186000;14108024;1.21322;1.21328;1.21325;0;T;True;1
1621224187000;14108025;1.21322;1.21328;1.21325;0;T;True;1
1621224188000;14108026;1.21322;1.21328;1.21325;0;T;True;1
1621224189000;14108027;1.21322;1.21328;1.21325;0;T;True;1
1621224190000;14108028;1.21322;1.21328;1.21325;0;T;True;1
1621224191000;14108029;1.21322;1.21328;1.21325;0;T;True;1
1621224192000;14108031;1.21322;1.21328;1.21325;1;T;True;1
1621224193000;14108032;1.21322;1.21328;1.21325;0;T;True;1
1621224194000;14108033;1.21322;1.21328;1.21325;0;T;True;1
1621224195000;14108034;1.21322;1.21328;1.21325;0;T;True;1
1621224196000;14108035;1.21322;1.21328;1.21325;0;T;True;1
1621224197000;14108036;1.21322;1.21328;1.21325;0;T;True;1
1621224198000;14108038;1.21322;1.21328;1.21325;1;T;True;1
1621224199000;14108039;1.21322;1.21328;1.21325;0;T;True;1
1621224200000;14108040;1.21322;1.21328;1.21325;0;T;True;1
1621224201000;14108042;1.21322;1.21328;1.21325;1;T;True;1
1621224202000;14108044;1.21322;1.21328;1.21325;1;T;True;1
1621224203000;14108045;1.21322;1.21328;1.21325;0;T;True;1
1621224204000;14108046;1.21322;1.21328;1.21325;0;T;True;1
1621224205000;14108048;1.21322;1.21328;1.21325;1;T;True;1
1621224206000;14108049;1.21322;1.21328;1.21325;0;T;True;1
1621224207000;14108050;1.21322;1.21328;1.21325;0;T;True;1
1621224208000;14108051;1.21322;1.21328;1.21325;0;T;True;1
1621224209000;14108052;1.21322;1.21328;1.21325;0;T;True;1
1621224210000;14108053;1.21322;1.21328;1.21325;0;T;True;1
1621224211000;14108054;1.21322;1.21328;1.21325;0;T;True;1
1621224212000;14108055;1.21322;1.21328;1.21325;0;T;True;1
1621224213000;14108056;1.21322;1.21328;1.21325;0;T;True;1
1621224214000;14108057;1.21322;1.21328;1.21325;0;T;True;1
1621224215000;14108059;1.21322;1.21328;1.21325;1;T;True;1
1621224216000;14108061;1.21322;1.21328;1.21325;1;T;True;1
1621224217000;14108062;1.21322;1.21328;1.21325;0;T;True;1
1621224218000;14108065;1.21322;1.21328;1.21325;2;T;True;1
1621224219000;14108066;1.21322;1.21328;1.21325;0;T;True;1
1621224220000;14108067;1.21322;1.21328;1.21325;0;T;True;1
1621224221000;14108069;1.21322;1.21328;1.21325;1;T;True;1
1621224222000;14108070;1.21322;1.21328;1.21325;0;T;True;1
1621224223000;14108071;1.21322;1.21328;1.21325;0;T;True;1
1621224224000;14108072;1.21322;1.21328;1.21325;0;T;True;1
1621224225000;14108073;1.21322;1.21328;1.21325;0;T;True;1
1621224226000;14108074;1.21322;1.21328;1.21325;0;T;True;1
1621224227000;14108075;1.21322;1.21328;1.21325;0;T;True;1
1621224228000;14108076;1.21322;1.21328;1.21325;0;T;True;1
1621224229000;14108078;1.21322;1.21328;1.21325;1;T;True;1
1621224230000;14108080;1.21322;1.21328;1.21325;1;T;True;1
1621224231000;14108081;1.21322;1.21328;1.21325;0;T;True;1
1621224232000;14108082;1.21322;1.21328;1.21325;0;T;True;1
1621224233000;14108083;1.21322;1.21328;1.21325;0;T;True;1
1621224234000;14108084;1.21322;1.21328;1.21325;0;T;True;1
1621224235000;14108085;1.21322;1.21328;1.21325;0;T;True;1
1621224236000;14108086;1.21322;1.21328;1.21325;0;T;True;1
1621224237000;14108087;1.21322;1.21328;1.21325;0;T;True;1
1621224238000;14108089;1.21322;1.21328;1.21325;1;T;True;1
1621224239000;14108090;1.21322;1.21328;1.21325;0;T;True;1
1621224240000;14108091;1.21322;1.21328;1.21325;0;T;True;1
1621224241000;14108092;1.21322;1.21328;1.21325;0;T;True;1
1621224242000;14108093;1.21322;1.21328;1.21325;0;T;True;1
1621224243000;14108095;1.21322;1.21328;1.21325;1;T;True;1
1621224244000;14108096;1.21322;1.21328;1.21325;0;T;True;1
1621224245000;14108097;1.21322;1.21328;1.21325;0;T;True;1
1621224246000;14108098;1.21322;1.21328;1.21325;0;T;True;1
1621224247000;14108099;1.21322;1.21328;1.21325;0;T;True;1
1621224248000;14108100;1.21322;1.21328;1.21325;0;T;True;1
1621224249000;14108101;1.21322;1.21328;1.21325;0;T;True;1
1621224250000;14108103;1.21322;1.21328;1.21325;1;T;True;1
1621224251000;14108107;1.21322;1.21328;1.21325;3;T;True;1
1621224252000;14108109;1.21322;1.21328;1.21325;1;T;True;1
1621224253000;14108110;1.21322;1.21328;1.21325;0;T;True;1
1621224254000;14108112;1.21322;1.21328;1.21325;1;T;True;1
1621224255000;14108114;1.21322;1.21328;1.21325;1;T;True;1
1621224256000;14108115;1.21322;1.21328;1.21325;0;T;True;1
1621224257000;14108117;1.21322;1.21328;1.21325;1;T;True;1
1621224258000;14108120;1.21322;1.21328;1.21325;2;T;True;1
1621224259000;14108121;1.21322;1.21328;1.21325;0;T;True;1
1621224260000;14108122;1.21322;1.21328;1.21325;0;T;True;1
1621224261000;14108124;1.21322;1.21328;1.21325;1;T;True;1
1621224262000;14108125;1.21322;1.21328;1.21325;0;T;True;1
1621224263000;14108128;1.21322;1.21328;1.21325;2;T;True;1
1621224264000;14108130;1.21322;1.21328;1.21325;1;T;True;1
1621224265000;14108132;1.21322;1.21328;1.21325;1;T;True;1
1621224266000;14108133;1.21322;1.21328;1.21325;0;T;True;1
1621224267000;14108134;1.21322;1.21328;1.21325;0;T;True;1
1621224268000;14108135;1.21322;1.21328;1.21325;0;T;True;1
1621224269000;14108139;1.21322;1.21328;1.21325;3;T;True;1
1621224270000;14108141;1.21322;1.21328;1.21325;1;T;True;1
1621224271000;14108142;1.21322;1.21328;1.21325;0;T;True;1
1621224272000;14108145;1.21322;1.21328;1.21325;2;T;True;1
1621224273000;14108148;1.21322;1.21328;1.21325;2;T;True;1
1621224274000;14108151;1.21322;1.21328;1.21325;2;T;True;1
1621224275000;14108153;1.21322;1.21328;1.21325;1;T;True;1
1621224276000;14108156;1.21322;1.21328;1.21325;2;T;True;1
1621224277000;14108157;1.21322;1.21328;1.21325;0;T;True;1
1621224278000;14108159;1.21322;1.21328;1.21325;1;T;True;1
1621224279000;14108160;1.21322;1.21328;1.21325;0;T;True;1
1621224280000;14108161;1.21322;1.21328;1.21325;0;T;True;1
1621224281000;14108162;1.21322;1.21328;1.21325;0;T;True;1
1621224282000;14108163;1.21322;1.21328;1.21325;0;T;True;1
1621224283000;14108164;1.21322;1.21328;1.21325;0;T;True;1
1621224284000;14108165;1.21322;1.21328;1.21325;0;T;True;1
1621224285000;14108166;1.21322;1.21328;1.21325;0;T;True;1
1621224286000;14108167;1.21322;1.21328;1.21325;0;T;True;1
1621224287000;14108168;1.21322;1.21328;1.21325;0;T;True;1
1621224288000;14108169;1.21322;1.21328;1.21325;0;T;True;1
1621224289000;14108170;1.21322;1.21328;1.21325;0;T;True;1
1621224290000;14108171;1.21322;1.21328;1.21325;0;T;True;1
1621224291000;14108172;1.21322;1.21328;1.21325;0;T;True;1
1621224292000;14108173;1.21322;1.21328;1.21325;0;T;True;1
1621224293000;14108174;1.21322;1.21328;1.21325;0;T;True;1
1621224294000;14108176;1.21322;1.21328;1.21325;1;T;True;1
1621224295000;14108177;1.21322;1.21328;1.21325;0;T;True;1
1621224296000;14108180;1.21322;1.21328;1.21325;2;T;True;1
1621224297000;14108182;1.21322;1.21328;1.21325;1;T;True;1
1621224298000;14108185;1.21322;1.21328;1.21325;2;T;True;1
1621224299000;14108188;1.21322;1.21328;1.21325;2;T;True;1
1621224300000;14108189;1.21322;1.21328;1.21325;0;T;True;1
1621224301000;14108190;1.21322;1.21328;1.21325;0;T;True;1
1621224302000;14108191;1.21322;1.21328;1.21325;0;T;True;1
1621224303000;14108194;1.21322;1.21328;1.21325;2;T;True;1
1621224304000;14108195;1.21322;1.21328;1.21325;0;T;True;1
1621224305000;14108196;1.21322;1.21328;1.21325;0;T;True;1
1621224306000;14108197;1.21322;1.21328;1.21325;0;T;True;1
1621224307000;14108198;1.21322;1.21328;1.21325;0;T;True;1
1621224308000;14108199;1.21322;1.21328;1.21325;0;T;True;1
1621224309000;14108205;1.21324;1.2133;1.21327;5;T;True;1
1621224310000;14108206;1.21324;1.2133;1.21327;0;T;True;1
1621224311000;14108207;1.21324;1.2133;1.21327;0;T;True;1
1621224312000;14108208;1.21324;1.2133;1.21327;0;T;True;1
1621224313000;14108209;1.21324;1.2133;1.21327;0;T;True;1
1621224314000;14108210;1.21324;1.2133;1.21327;0;T;True;1
1621224315000;14108211;1.21324;1.2133;1.21327;0;T;True;1
1621224316000;14108222;1.21322;1.21328;1.21325;10;T;True;1
1621224317000;14108226;1.21322;1.21328;1.21325;3;T;True;1
1621224318000;14108227;1.21322;1.21328;1.21325;0;T;True;1
1621224319000;14108228;1.21322;1.21328;1.21325;0;T;True;1
1621224320000;14108229;1.21322;1.21328;1.21325;0;T;True;1
1621224321000;14108232;1.21322;1.21328;1.21325;2;T;True;1
1621224322000;14108233;1.21322;1.21328;1.21325;0;T;True;1
1621224323000;14108234;1.21322;1.21328;1.21325;0;T;True;1
1621224324000;14108235;1.21322;1.21328;1.21325;0;T;True;1
1621224325000;14108237;1.21322;1.21328;1.21325;1;T;True;1
1621224326000;14108238;1.21322;1.21328;1.21325;0;T;True;1
1621224327000;14108239;1.21322;1.21328;1.21325;0;T;True;1
1621224328000;14108249;1.21325;1.21331;1.21328;9;T;True;1
1621224329000;14108251;1.21326;1.21332;1.21329;1;T;True;1
1621224330000;14108252;1.21326;1.21332;1.21329;0;T;True;1
1621224331000;14108254;1.21325;1.21331;1.21328;1;T;True;1
1621224332000;14108256;1.21326;1.21332;1.21329;1;T;True;1
1621224333000;14108257;1.21326;1.21332;1.21329;0;T;True;1
1621224334000;14108258;1.21326;1.21332;1.21329;0;T;True;1
1621224335000;14108259;1.21326;1.21332;1.21329;0;T;True;1
1621224336000;14108262;1.21326;1.21332;1.21329;2;T;True;1
1621224337000;14108267;1.21327;1.21333;1.2133;4;T;True;1
1621224338000;14108268;1.21327;1.21333;1.2133;0;T;True;1
1621224339000;14108273;1.21328;1.21334;1.21331;4;T;True;1
1621224340000;14108277;1.21328;1.21334;1.21331;3;T;True;1
1621224341000;14108280;1.21328;1.21334;1.21331;2;T;True;1
1621224342000;14108283;1.21328;1.21334;1.21331;2;T;True;1
1621224343000;14108286;1.21328;1.21334;1.21331;2;T;True;1
1621224344000;14108287;1.21328;1.21334;1.21331;0;T;True;1
1621224345000;14108288;1.21328;1.21334;1.21331;0;T;True;1
1621224346000;14108290;1.21328;1.21334;1.21331;1;T;True;1
1621224347000;14108292;1.21328;1.21334;1.21331;1;T;True;1
1621224348000;14108295;1.21328;1.21334;1.21331;2;T;True;1
1621224349000;14108296;1.21328;1.21334;1.21331;0;T;True;1
1621224350000;14108297;1.21328;1.21334;1.21331;0;T;True;1
1621224351000;14108298;1.21328;1.21334;1.21331;0;T;True;1
1621224352000;14108299;1.21328;1.21334;1.21331;0;T;True;1
1621224353000;14108305;1.2133;1.21336;1.21333;5;T;True;1
1621224354000;14108306;1.2133;1.21336;1.21333;0;T;True;1
1621224355000;14108307;1.2133;1.21336;1.21333;0;T;True;1
1621224356000;14108309;1.2133;1.21336;1.21333;1;T;True;1
1621224357000;14108311;1.2133;1.21336;1.21333;1;T;True;1
1621224358000;14108314;1.2133;1.21336;1.21333;2;T;True;1
1621224359000;14108315;1.2133;1.21336;1.21333;0;T;True;1
1621224360000;14108316;1.2133;1.21336;1.21333;0;T;True;1
1621224361000;14108317;1.2133;1.21336;1.21333;0;T;True;1
1621224362000;14108319;1.2133;1.21336;1.21333;1;T;True;1
1621224363000;14108320;1.2133;1.21336;1.21333;0;T;True;1
1621224364000;14108321;1.2133;1.21336;1.21333;0;T;True;1
1621224365000;14108322;1.2133;1.21336;1.21333;0;T;True;1
1621224366000;14108325;1.2133;1.21336;1.21333;2;T;True;1
1621224367000;14108327;1.2133;1.21336;1.21333;1;T;True;1
1621224368000;14108342;1.21326;1.21332;1.21329;14;T;True;1
1621224369000;14108343;1.21326;1.21332;1.21329;0;T;True;1
1621224370000;14108344;1.21326;1.21332;1.21329;0;T;True;1
1621224371000;14108345;1.21326;1.21332;1.21329;0;T;True;1
1621224372000;14108346;1.21326;1.21332;1.21329;0;T;True;1
1621224373000;14108347;1.21326;1.21332;1.21329;0;T;True;1
1621224374000;14108348;1.21326;1.21332;1.21329;0;T;True;1
1621224375000;14108349;1.21326;1.21332;1.21329;0;T;True;1
1621224376000;14108350;1.21326;1.21332;1.21329;0;T;True;1
1621224377000;14108351;1.21326;1.21332;1.21329;0;T;True;1
1621224378000;14108352;1.21326;1.21332;1.21329;0;T;True;1
1621224379000;14108356;1.21326;1.21332;1.21329;3;T;True;1
1621224380000;14108357;1.21326;1.21332;1.21329;0;T;True;1
1621224381000;14108358;1.21326;1.21332;1.21329;0;T;True;1
1621224382000;14108359;1.21326;1.21332;1.21329;0;T;True;1
1621224383000;14108361;1.21326;1.21332;1.21329;1;T;True;1
1621224384000;14108362;1.21326;1.21332;1.21329;0;T;True;1
1621224385000;14108363;1.21326;1.21332;1.21329;0;T;True;1
1621224386000;14108364;1.21326;1.21332;1.21329;0;T;True;1
1621224387000;14108365;1.21326;1.21332;1.21329;0;T;True;1
1621224388000;14108372;1.21329;1.21335;1.21332;6;T;True;1
1621224389000;14108374;1.2133;1.21336;1.21333;1;T;True;1
1621224390000;14108375;1.2133;1.21336;1.21333;0;T;True;1
1621224391000;14108376;1.2133;1.21336;1.21333;0;T;True;1
1621224392000;14108380;1.21327;1.21333;1.2133;3;T;True;1
1621224393000;14108381;1.21327;1.21333;1.2133;0;T;True;1
1621224394000;14108382;1.21327;1.21333;1.2133;0;T;True;1
1621224395000;14108388;1.21326;1.21332;1.21329;5;T;True;1
1621224396000;14108389;1.21326;1.21332;1.21329;0;T;True;1
1621224397000;14108390;1.21326;1.21332;1.21329;0;T;True;1
1621224398000;14108391;1.21326;1.21332;1.21329;0;T;True;1
1621224399000;14108392;1.21326;1.21332;1.21329;0;T;True;1
1621224400000;14108395;1.21326;1.21332;1.21329;2;T;True;1
1621224401000;14108397;1.21326;1.21332;1.21329;1;T;True;1
1621224402000;14108399;1.21326;1.21332;1.21329;1;T;True;1
1621224403000;14108400;1.21326;1.21332;1.21329;0;T;True;1
1621224404000;14108401;1.21326;1.21332;1.21329;0;T;True;1
1621224405000;14108403;1.21326;1.21332;1.21329;1;T;True;1
1621224406000;14108407;1.21326;1.21332;1.21329;3;T;True;1
1621224407000;14108412;1.21326;1.21332;1.21329;4;T;True;1
1621224408000;14108414;1.21326;1.21332;1.21329;1;T;True;1
1621224409000;14108415;1.21326;1.21332;1.21329;0;T;True;1
1621224410000;14108420;1.21328;1.21334;1.21331;4;T;True;1
1621224411000;14108423;1.21328;1.21334;1.21331;2;T;True;1
1621224412000;14108424;1.21328;1.21334;1.21331;0;T;True;1
1621224413000;14108425;1.21328;1.21334;1.21331;0;T;True;1
1621224414000;14108426;1.21328;1.21334;1.21331;0;T;True;1
1621224415000;14108427;1.21328;1.21334;1.21331;0;T;True;1
1621224416000;14108428;1.21328;1.21334;1.21331;0;T;True;1
1621224417000;14108429;1.21328;1.21334;1.21331;0;T;True;1
1621224418000;14108430;1.21328;1.21334;1.21331;0;T;True;1
1621224419000;14108431;1.21328;1.21334;1.21331;0;T;True;1
1621224420000;14108432;1.21328;1.21334;1.21331;0;T;True;1
1621224421000;14108433;1.21328;1.21334;1.21331;0;T;True;1
1621224422000;14108434;1.21328;1.21334;1.21331;0;T;True;1
1621224423000;14108435;1.21328;1.21334;1.21331;0;T;True;1
1621224424000;14108438;1.21328;1.21334;1.21331;2;T;True;1
1621224425000;14108441;1.21326;1.21332;1.21329;2;T;True;1
1621224426000;14108442;1.21326;1.21332;1.21329;0;T;True;1
1621224427000;14108443;1.21326;1.21332;1.21329;0;T;True;1
1621224428000;14108444;1.21326;1.21332;1.21329;0;T;True;1
1621224429000;14108445;1.21326;1.21332;1.21329;0;T;True;1
1621224430000;14108446;1.21326;1.21332;1.21329;0;T;True;1
1621224431000;14108450;1.21324;1.2133;1.21327;3;T;True;1
1621224432000;14108452;1.21324;1.2133;1.21327;1;T;True;1
1621224433000;14108453;1.21324;1.2133;1.21327;0;T;True;1
1621224434000;14108454;1.21324;1.2133;1.21327;0;T;True;1
1621224435000;14108455;1.21324;1.2133;1.21327;0;T;True;1
1621224436000;14108458;1.21323;1.21329;1.21326;2;T;True;1
1621224437000;14108460;1.21323;1.21329;1.21326;1;T;True;1
1621224438000;14108466;1.21326;1.21332;1.21329;5;T;True;1
1621224439000;14108469;1.21326;1.21332;1.21329;2;T;True;1
1621224440000;14108470;1.21326;1.21332;1.21329;0;T;True;1
1621224441000;14108471;1.21326;1.21332;1.21329;0;T;True;1
1621224442000;14108472;1.21326;1.21332;1.21329;0;T;True;1
1621224443000;14108473;1.21326;1.21332;1.21329;0;T;True;1
1621224444000;14108474;1.21326;1.21332;1.21329;0;T;True;1
1621224445000;14108475;1.21326;1.21332;1.21329;0;T;True;1
1621224446000;14108478;1.21326;1.21332;1.21329;2;T;True;1
1621224447000;14108480;1.21326;1.21332;1.21329;1;T;True;1
1621224448000;14108481;1.21326;1.21332;1.21329;0;T;True;1
1621224449000;14108482;1.21326;1.21332;1.21329;0;T;True;1
1621224450000;14108485;1.21326;1.21332;1.21329;2;T;True;1
1621224451000;14108486;1.21326;1.21332;1.21329;0;T;True;1
1621224452000;14108487;1.21326;1.21332;1.21329;0;T;True;1
1621224453000;14108488;1.21326;1.21332;1.21329;0;T;True;1
1621224454000;14108489;1.21326;1.21332;1.21329;0;T;True;1
1621224455000;14108490;1.21326;1.21332;1.21329;0;T;True;1
1621224456000;14108491;1.21326;1.21332;1.21329;0;T;True;1
1621224457000;14108492;1.21326;1.21332;1.21329;0;T;True;1
1621224458000;14108493;1.21326;1.21332;1.21329;0;T;True;1
1621224459000;14108494;1.21326;1.21332;1.21329;0;T;True;1
1621224460000;14108495;1.21326;1.21332;1.21329;0;T;True;1
1621224461000;14108496;1.21326;1.21332;1.21329;0;T;True;1
1621224462000;14108497;1.21326;1.21332;1.21329;0;T;True;1
1621224463000;14108499;1.21327;1.21333;1.2133;1;T;True;1
1621224464000;14108503;1.21326;1.21332;1.21329;3;T;True;1
1621224465000;14108506;1.21327;1.21333;1.2133;2;T;True;1
1621224466000;14108509;1.21327;1.21333;1.2133;2;T;True;1
1621224467000;14108510;1.21327;1.21333;1.2133;0;T;True;1
1621224468000;14108511;1.21327;1.21333;1.2133;0;T;True;1
1621224469000;14108512;1.21327;1.21333;1.2133;0;T;True;1
1621224470000;14108513;1.21327;1.21333;1.2133;0;T;True;1
1621224471000;14108514;1.21327;1.21333;1.2133;0;T;True;1
1621224472000;14108515;1.21327;1.21333;1.2133;0;T;True;1
1621224473000;14108516;1.21327;1.21333;1.2133;0;T;True;1
1621224474000;14108517;1.21327;1.21333;1.2133;0;T;True;1
1621224475000;14108518;1.21327;1.21333;1.2133;0;T;True;1
1621224476000;14108520;1.21326;1.21332;1.21329;1;T;True;1
1621224477000;14108521;1.21326;1.21332;1.21329;0;T;True;1
1621224478000;14108522;1.21326;1.21332;1.21329;0;T;True;1
1621224479000;14108524;1.21326;1.21332;1.21329;1;T;True;1
1621224480000;14108525;1.21326;1.21332;1.21329;0;T;True;1
1621224481000;14108527;1.21326;1.21332;1.21329;1;T;True;1
1621224482000;14108528;1.21326;1.21332;1.21329;0;T;True;1
1621224483000;14108529;1.21326;1.21332;1.21329;0;T;True;1
1621224484000;14108531;1.21326;1.21332;1.21329;1;T;True;1
1621224485000;14108532;1.21326;1.21332;1.21329;0;T;True;1
1621224486000;14108533;1.21326;1.21332;1.21329;0;T;True;1
1621224487000;14108534;1.21326;1.21332;1.21329;0;T;True;1
1621224488000;14108535;1.21326;1.21332;1.21329;0;T;True;1
1621224489000;14108536;1.21326;1.21332;1.21329;0;T;True;1
1621224490000;14108537;1.21326;1.21332;1.21329;0;T;True;1
1621224491000;14108539;1.21327;1.21333;1.2133;1;T;True;1
1621224492000;14108543;1.21328;1.21334;1.21331;3;T;True;1
1621224493000;14108545;1.21328;1.21334;1.21331;1;T;True;1
1621224494000;14108547;1.21328;1.21334;1.21331;1;T;True;1
1621224495000;14108549;1.21328;1.21334;1.21331;1;T;True;1
1621224496000;14108550;1.21328;1.21334;1.21331;0;T;True;1
1621224497000;14108553;1.21328;1.21334;1.21331;2;T;True;1
1621224498000;14108554;1.21328;1.21334;1.21331;0;T;True;1
1621224499000;14108557;1.21328;1.21334;1.21331;2;T;True;1
1621224500000;14108558;1.21328;1.21334;1.21331;0;T;True;1
1621224501000;14108565;1.21328;1.21334;1.21331;6;T;True;1
1621224502000;14108573;1.21328;1.21334;1.21331;7;T;True;1
1621224503000;14108575;1.21328;1.21334;1.21331;1;T;True;1
1621224504000;14108579;1.21328;1.21334;1.21331;3;T;True;1
1621224505000;14108580;1.21328;1.21334;1.21331;0;T;True;1
1621224506000;14108582;1.21328;1.21334;1.21331;1;T;True;1
1621224507000;14108584;1.21328;1.21334;1.21331;1;T;True;1
1621224508000;14108585;1.21328;1.21334;1.21331;0;T;True;1
1621224509000;14108591;1.2133;1.21336;1.21333;5;T;True;1
1621224510000;14108594;1.21329;1.21335;1.21332;2;T;True;1
1621224511000;14108599;1.2133;1.21336;1.21333;4;T;True;1
1621224512000;14108607;1.21329;1.21335;1.21332;7;T;True;1
1621224513000;14108608;1.21329;1.21335;1.21332;0;T;True;1
1621224514000;14108609;1.21329;1.21335;1.21332;0;T;True;1
1621224515000;14108610;1.21329;1.21335;1.21332;0;T;True;1
1621224516000;14108613;1.21328;1.21334;1.21331;2;T;True;1
1621224517000;14108615;1.21329;1.21335;1.21332;1;T;True;1
1621224518000;14108621;1.21328;1.21334;1.21331;5;T;True;1
1621224519000;14108625;1.21328;1.21334;1.21331;3;T;True;1
1621224520000;14108628;1.21328;1.21334;1.21331;2;T;True;1
1621224521000;14108631;1.21328;1.21334;1.21331;2;T;True;1
1621224522000;14108632;1.21328;1.21334;1.21331;0;T;True;1
1621224523000;14108636;1.21328;1.21334;1.21331;3;T;True;1
1621224524000;14108641;1.21326;1.21332;1.21329;4;T;True;1
1621224525000;14108642;1.21326;1.21332;1.21329;0;T;True;1
1621224526000;14108643;1.21326;1.21332;1.21329;0;T;True;1
1621224527000;14108644;1.21326;1.21332;1.21329;0;T;True;1
1621224528000;14108645;1.21326;1.21332;1.21329;0;T;True;1
1621224529000;14108648;1.21326;1.21332;1.21329;2;T;True;1
1621224530000;14108649;1.21326;1.21332;1.21329;0;T;True;1
1621224531000;14108650;1.21326;1.21332;1.21329;0;T;True;1
1621224532000;14108651;1.21326;1.21332;1.21329;0;T;True;1
1621224533000;14108652;1.21326;1.21332;1.21329;0;T;True;1
1621224534000;14108654;1.21326;1.21332;1.21329;1;T;True;1
1621224535000;14108655;1.21326;1.21332;1.21329;0;T;True;1
1621224536000;14108656;1.21326;1.21332;1.21329;0;T;True;1
1621224537000;14108657;1.21326;1.21332;1.21329;0;T;True;1
1621224538000;14108660;1.21326;1.21332;1.21329;2;T;True;1
1621224539000;14108664;1.21325;1.21331;1.21328;3;T;True;1
1621224540000;14108666;1.21326;1.21332;1.21329;1;T;True;1
1621224541000;14108668;1.21326;1.21332;1.21329;1;T;True;1
1621224542000;14108674;1.21324;1.2133;1.21327;5;T;True;1
1621224543000;14108678;1.21326;1.21332;1.21329;3;T;True;1
1621224544000;14108683;1.21325;1.21331;1.21328;4;T;True;1
1621224545000;14108684;1.21325;1.21331;1.21328;0;T;True;1
1621224546000;14108685;1.21325;1.21331;1.21328;0;T;True;1
1621224547000;14108686;1.21325;1.21331;1.21328;0;T;True;1
1621224548000;14108687;1.21325;1.21331;1.21328;0;T;True;1
1621224549000;14108690;1.21325;1.21331;1.21328;2;T;True;1
1621224550000;14108691;1.21325;1.21331;1.21328;0;T;True;1
1621224551000;14108693;1.21325;1.21331;1.21328;1;T;True;1
1621224552000;14108694;1.21325;1.21331;1.21328;0;T;True;1
1621224553000;14108695;1.21325;1.21331;1.21328;0;T;True;1
1621224554000;14108697;1.21325;1.21331;1.21328;1;T;True;1
1621224555000;14108698;1.21325;1.21331;1.21328;0;T;True;1
1621224556000;14108700;1.21325;1.21331;1.21328;1;T;True;1
1621224557000;14108704;1.21325;1.21331;1.21328;3;T;True;1
1621224558000;14108707;1.21325;1.21331;1.21328;2;T;True;1
1621224559000;14108708;1.21325;1.21331;1.21328;0;T;True;1
1621224560000;14108711;1.21325;1.21331;1.21328;2;T;True;1
1621224561000;14108716;1.21325;1.21331;1.21328;4;T;True;1
1621224562000;14108719;1.21326;1.21332;1.21329;2;T;True;1
1621224563000;14108721;1.21326;1.21332;1.21329;1;T;True;1
1621224564000;14108724;1.21326;1.21332;1.21329;2;T;True;1
1621224565000;14108725;1.21326;1.21332;1.21329;0;T;True;1
1621224566000;14108726;1.21326;1.21332;1.21329;0;T;True;1
1621224567000;14108737;1.21323;1.21329;1.21326;10;T;True;1
1621224568000;14108742;1.21322;1.21328;1.21325;4;T;True;1
1621224569000;14108743;1.21322;1.21328;1.21325;0;T;True;1
1621224570000;14108744;1.21322;1.21328;1.21325;0;T;True;1
1621224571000;14108748;1.21322;1.21328;1.21325;3;T;True;1
1621224572000;14108752;1.21322;1.21328;1.21325;3;T;True;1
1621224573000;14108753;1.21322;1.21328;1.21325;0;T;True;1
1621224574000;14108754;1.21322;1.21328;1.21325;0;T;True;1
1621224575000;14108755;1.21322;1.21328;1.21325;0;T;True;1
1621224576000;14108756;1.21322;1.21328;1.21325;0;T;True;1
1621224577000;14108757;1.21322;1.21328;1.21325;0;T;True;1
1621224578000;14108758;1.21322;1.21328;1.21325;0;T;True;1
1621224579000;14108759;1.21322;1.21328;1.21325;0;T;True;1
1621224580000;14108760;1.21322;1.21328;1.21325;0;T;True;1
1621224581000;14108761;1.21322;1.21328;1.21325;0;T;True;1
1621224582000;14108763;1.21322;1.21328;1.21325;1;T;True;1
1621224583000;14108764;1.21322;1.21328;1.21325;0;T;True;1
1621224584000;14108765;1.21322;1.21328;1.21325;0;T;True;1
1621224585000;14108766;1.21322;1.21328;1.21325;0;T;True;1
1621224586000;14108767;1.21322;1.21328;1.21325;0;T;True;1
1621224587000;14108768;1.21322;1.21328;1.21325;0;T;True;1
1621224588000;14108769;1.21322;1.21328;1.21325;0;T;True;1
1621224589000;14108770;1.21322;1.21328;1.21325;0;T;True;1
1621224590000;14108771;1.21322;1.21328;1.21325;0;T;True;1
1621224591000;14108772;1.21322;1.21328;1.21325;0;T;True;1
1621224592000;14108773;1.21322;1.21328;1.21325;0;T;True;1
1621224593000;14108774;1.21322;1.21328;1.21325;0;T;True;1
1621224594000;14108776;1.21322;1.21328;1.21325;1;T;True;1
1621224595000;14108777;1.21322;1.21328;1.21325;0;T;True;1
1621224596000;14108778;1.21322;1.21328;1.21325;0;T;True;1
1621224597000;14108792;1.21313;1.21319;1.21316;13;T;True;1
1621224598000;14108797;1.21312;1.21318;1.21315;4;T;True;1
1621224599000;14108798;1.21312;1.21318;1.21315;0;T;True;1
1621224600000;14108799;1.21312;1.21318;1.21315;0;T;True;1
1621224601000;14108802;1.21312;1.21318;1.21315;2;T;True;1
1621224602000;14108805;1.21312;1.21318;1.21315;2;T;True;1
1621224603000;14108807;1.21312;1.21318;1.21315;1;T;True;1
1621224604000;14108808;1.21312;1.21318;1.21315;0;T;True;1
1621224605000;14108809;1.21312;1.21318;1.21315;0;T;True;1
1621224606000;14108812;1.21312;1.21318;1.21315;2;T;True;1
1621224607000;14108813;1.21312;1.21318;1.21315;0;T;True;1
1621224608000;14108814;1.21312;1.21318;1.21315;0;T;True;1
1621224609000;14108816;1.21312;1.21318;1.21315;1;T;True;1
1621224610000;14108819;1.21312;1.21318;1.21315;2;T;True;1
1621224611000;14108820;1.21312;1.21318;1.21315;0;T;True;1
1621224612000;14108822;1.21312;1.21318;1.21315;1;T;True;1
1621224613000;14108823;1.21312;1.21318;1.21315;0;T;True;1
1621224614000;14108824;1.21312;1.21318;1.21315;0;T;True;1
1621224615000;14108825;1.21312;1.21318;1.21315;0;T;True;1
1621224616000;14108826;1.21312;1.21318;1.21315;0;T;True;1
1621224617000;14108827;1.21312;1.21318;1.21315;0;T;True;1
1621224618000;14108828;1.21312;1.21318;1.21315;0;T;True;1
1621224619000;14108829;1.21312;1.21318;1.21315;0;T;True;1
1621224620000;14108830;1.21312;1.21318;1.21315;0;T;True;1
1621224621000;14108838;1.21316;1.21322;1.21319;7;T;True;1
1621224622000;14108839;1.21316;1.21322;1.21319;0;T;True;1
1621224623000;14108842;1.21316;1.21322;1.21319;2;T;True;1
1621224624000;14108847;1.21316;1.21322;1.21319;4;T;True;1
1621224625000;14108849;1.21316;1.21322;1.21319;1;T;True;1
1621224626000;14108851;1.21316;1.21322;1.21319;1;T;True;1
1621224627000;14108853;1.21316;1.21322;1.21319;1;T;True;1
1621224628000;14108856;1.21316;1.21322;1.21319;2;T;True;1
1621224629000;14108858;1.21316;1.21322;1.21319;1;T;True;1
1621224630000;14108863;1.21316;1.21322;1.21319;4;T;True;1
1621224631000;14108871;1.21316;1.21322;1.21319;7;T;True;1
1621224632000;14108872;1.21316;1.21322;1.21319;0;T;True;1
1621224633000;14108876;1.21318;1.21324;1.21321;3;T;True;1
1621224634000;14108879;1.21318;1.21324;1.21321;2;T;True;1
1621224635000;14108881;1.21318;1.21324;1.21321;1;T;True;1
1621224636000;14108884;1.21318;1.21324;1.21321;2;T;True;1
1621224637000;14108887;1.21318;1.21324;1.21321;2;T;True;1
1621224638000;14108890;1.21319;1.21325;1.21322;2;T;True;1
1621224639000;14108892;1.21319;1.21325;1.21322;1;T;True;1
1621224640000;14108893;1.21319;1.21325;1.21322;0;T;True;1
1621224641000;14108894;1.21319;1.21325;1.21322;0;T;True;1
1621224642000;14108899;1.2132;1.21326;1.21323;4;T;True;1
1621224643000;14108900;1.2132;1.21326;1.21323;0;T;True;1
1621224644000;14108902;1.21319;1.21325;1.21322;1;T;True;1
1621224645000;14108904;1.2132;1.21326;1.21323;1;T;True;1
1621224646000;14108906;1.2132;1.21326;1.21323;1;T;True;1
1621224647000;14108908;1.2132;1.21326;1.21323;1;T;True;1
1621224648000;14108909;1.2132;1.21326;1.21323;0;T;True;1
1621224649000;14108910;1.2132;1.21326;1.21323;0;T;True;1
1621224650000;14108916;1.21317;1.21323;1.2132;5;T;True;1
1621224651000;14108919;1.21317;1.21323;1.2132;2;T;True;1
1621224652000;14108921;1.21317;1.21323;1.2132;1;T;True;1
1621224653000;14108922;1.21317;1.21323;1.2132;0;T;True;1
1621224654000;14108923;1.21317;1.21323;1.2132;0;T;True;1
1621224655000;14108924;1.21317;1.21323;1.2132;0;T;True;1
1621224656000;14108925;1.21317;1.21323;1.2132;0;T;True;1
1621224657000;14108926;1.21317;1.21323;1.2132;0;T;True;1
1621224658000;14108927;1.21317;1.21323;1.2132;0;T;True;1
1621224659000;14108928;1.21317;1.21323;1.2132;0;T;True;1
1621224660000;14108929;1.21317;1.21323;1.2132;0;T;True;1
1621224661000;14108930;1.21317;1.21323;1.2132;0;T;True;1
1621224662000;14108931;1.21317;1.21323;1.2132;0;T;True;1
1621224663000;14108933;1.21316;1.21322;1.21319;1;T;True;1
1621224664000;14108936;1.21318;1.21324;1.21321;2;T;True;1
1621224665000;14108941;1.2132;1.21326;1.21323;4;T;True;1
1621224666000;14108942;1.2132;1.21326;1.21323;0;T;True;1
1621224667000;14108943;1.2132;1.21326;1.21323;0;T;True;1
1621224668000;14108948;1.21319;1.21325;1.21322;4;T;True;1
1621224669000;14108950;1.2132;1.21326;1.21323;1;T;True;1
1621224670000;14108951;1.2132;1.21326;1.21323;0;T;True;1
1621224671000;14108952;1.2132;1.21326;1.21323;0;T;True;1
1621224672000;14108955;1.21319;1.21325;1.21322;2;T;True;1
1621224673000;14108959;1.21318;1.21324;1.21321;3;T;True;1
1621224674000;14108964;1.21316;1.21322;1.21319;4;T;True;1
1621224675000;14108966;1.21316;1.21322;1.21319;1;T;True;1
1621224676000;14108967;1.21316;1.21322;1.21319;0;T;True;1
1621224677000;14108972;1.21316;1.21322;1.21319;4;T;True;1
1621224678000;14108973;1.21316;1.21322;1.21319;0;T;True;1
1621224679000;14108974;1.21316;1.21322;1.21319;0;T;True;1
1621224680000;14108975;1.21316;1.21322;1.21319;0;T;True;1
1621224681000;14108977;1.21316;1.21322;1.21319;1;T;True;1
1621224682000;14108978;1.21316;1.21322;1.21319;0;T;True;1
1621224683000;14108979;1.21316;1.21322;1.21319;0;T;True;1
1621224684000;14108980;1.21316;1.21322;1.21319;0;T;True;1
1621224685000;14108983;1.21317;1.21323;1.2132;2;T;True;1
1621224686000;14108990;1.2132;1.21326;1.21323;6;T;True;1
1621224687000;14108992;1.21321;1.21327;1.21324;1;T;True;1
1621224688000;14108993;1.21321;1.21327;1.21324;0;T;True;1
1621224689000;14108994;1.21321;1.21327;1.21324;0;T;True;1
1621224690000;14108999;1.21321;1.21327;1.21324;4;T;True;1
1621224691000;14109000;1.21321;1.21327;1.21324;0;T;True;1
1621224692000;14109002;1.21321;1.21327;1.21324;1;T;True;1
1621224693000;14109003;1.21321;1.21327;1.21324;0;T;True;1
1621224694000;14109004;1.21321;1.21327;1.21324;0;T;True;1
1621224695000;14109005;1.21321;1.21327;1.21324;0;T;True;1
1621224696000;14109007;1.21322;1.21328;1.21325;1;T;True;1
1621224697000;14109008;1.21322;1.21328;1.21325;0;T;True;1
1621224698000;14109009;1.21322;1.21328;1.21325;0;T;True;1
1621224699000;14109010;1.21322;1.21328;1.21325;0;T;True;1
1621224700000;14109011;1.21322;1.21328;1.21325;0;T;True;1
1621224701000;14109012;1.21322;1.21328;1.21325;0;T;True;1
1621224702000;14109013;1.21322;1.21328;1.21325;0;T;True;1
1621224703000;14109014;1.21322;1.21328;1.21325;0;T;True;1
1621224704000;14109017;1.21321;1.21327;1.21324;2;T;True;1
1621224705000;14109022;1.2132;1.21326;1.21323;4;T;True;1
1621224706000;14109023;1.2132;1.21326;1.21323;0;T;True;1
1621224707000;14109024;1.2132;1.21326;1.21323;0;T;True;1
1621224708000;14109025;1.2132;1.21326;1.21323;0;T;True;1
1621224709000;14109026;1.2132;1.21326;1.21323;0;T;True;1
1621224710000;14109027;1.2132;1.21326;1.21323;0;T;True;1
1621224711000;14109028;1.2132;1.21326;1.21323;0;T;True;1
1621224712000;14109029;1.2132;1.21326;1.21323;0;T;True;1
1621224713000;14109030;1.2132;1.21326;1.21323;0;T;True;1
1621224714000;14109032;1.2132;1.21326;1.21323;1;T;True;1
1621224715000;14109042;1.21318;1.21324;1.21321;9;T;True;1
1621224716000;14109053;1.21318;1.21324;1.21321;10;T;True;1
1621224717000;14109058;1.21318;1.21324;1.21321;4;T;True;1
1621224718000;14109059;1.21318;1.21324;1.21321;0;T;True;1
1621224719000;14109062;1.2132;1.21326;1.21323;2;T;True;1
1621224720000;14109065;1.2132;1.21326;1.21323;2;T;True;1
1621224721000;14109066;1.2132;1.21326;1.21323;0;T;True;1
1621224722000;14109067;1.2132;1.21326;1.21323;0;T;True;1
1621224723000;14109068;1.2132;1.21326;1.21323;0;T;True;1
1621224724000;14109069;1.2132;1.21326;1.21323;0;T;True;1
1621224725000;14109070;1.2132;1.21326;1.21323;0;T;True;1
1621224726000;14109071;1.2132;1.21326;1.21323;0;T;True;1
1621224727000;14109072;1.2132;1.21326;1.21323;0;T;True;1
1621224728000;14109073;1.2132;1.21326;1.21323;0;T;True;1
1621224729000;14109074;1.2132;1.21326;1.21323;0;T;True;1
1621224730000;14109076;1.2132;1.21326;1.21323;1;T;True;1
1621224731000;14109083;1.21318;1.21324;1.21321;6;T;True;1
1621224732000;14109085;1.21318;1.21324;1.21321;1;T;True;1
1621224733000;14109086;1.21318;1.21324;1.21321;0;T;True;1
1621224734000;14109088;1.21317;1.21323;1.2132;1;T;True;1
1621224735000;14109089;1.21317;1.21323;1.2132;0;T;True;1
1621224736000;14109090;1.21317;1.21323;1.2132;0;T;True;1
1621224737000;14109091;1.21317;1.21323;1.2132;0;T;True;1
1621224738000;14109092;1.21317;1.21323;1.2132;0;T;True;1
1621224739000;14109097;1.21318;1.21324;1.21321;4;T;True;1
1621224740000;14109114;1.21318;1.21324;1.21321;16;T;True;1
1621224741000;14109128;1.21318;1.21324;1.21321;13;T;True;1
1621224742000;14109146;1.21317;1.21323;1.2132;17;T;True;1
1621224743000;14109161;1.21317;1.21323;1.2132;14;T;True;1
1621224744000;14109177;1.21317;1.21323;1.2132;15;T;True;1
1621224745000;14109193;1.21317;1.21323;1.2132;15;T;True;1
1621224746000;14109213;1.21317;1.21323;1.2132;19;T;True;1
1621224747000;14109234;1.21317;1.21323;1.2132;20;T;True;1
1621224748000;14109249;1.21317;1.21323;1.2132;14;T;True;1
1621224749000;14109265;1.21317;1.21323;1.2132;15;T;True;1
1621224750000;14109286;1.21318;1.21324;1.21321;20;T;True;1
1621224751000;14109307;1.21317;1.21323;1.2132;20;T;True;1
1621224752000;14109325;1.21318;1.21324;1.21321;17;T;True;1
1621224753000;14109340;1.21317;1.21323;1.2132;14;T;True;1
1621224754000;14109358;1.21317;1.21323;1.2132;17;T;True;1
1621224755000;14109374;1.21317;1.21323;1.2132;15;T;True;1
1621224756000;14109387;1.21317;1.21323;1.2132;12;T;True;1
1621224757000;14109403;1.21318;1.21324;1.21321;15;T;True;1
1621224758000;14109420;1.21318;1.21324;1.21321;16;T;True;1
1621224759000;14109442;1.21317;1.21323;1.2132;21;T;True;1
1621224760000;14109465;1.21318;1.21324;1.21321;22;T;True;1
1621224761000;14109481;1.21318;1.21324;1.21321;15;T;True;1
1621224762000;14109502;1.21318;1.21324;1.21321;20;T;True;1
1621224763000;14109524;1.21318;1.21324;1.21321;21;T;True;1
1621224764000;14109545;1.21317;1.21323;1.2132;20;T;True;1
1621224765000;14109569;1.21318;1.21324;1.21321;23;T;True;1
1621224766000;14109585;1.21318;1.21324;1.21321;15;T;True;1
1621224767000;14109595;1.21318;1.21324;1.21321;9;T;True;1
1621224768000;14109601;1.21318;1.21324;1.21321;5;T;True;1
1621224769000;14109605;1.21318;1.21324;1.21321;3;T;True;1
1621224770000;14109606;1.21318;1.21324;1.21321;0;T;True;1
1621224771000;14109612;1.21317;1.21323;1.2132;5;T;True;1
1621224772000;14109627;1.21318;1.21324;1.21321;14;T;True;1
1621224773000;14109643;1.21318;1.21324;1.21321;15;T;True;1
1621224774000;14109645;1.21318;1.21324;1.21321;1;T;True;1
1621224775000;14109653;1.21318;1.21324;1.21321;7;T;True;1
1621224776000;14109660;1.21318;1.21324;1.21321;6;T;True;1
1621224777000;14109666;1.21318;1.21324;1.21321;5;T;True;1
1621224778000;14109672;1.21318;1.21324;1.21321;5;T;True;1
1621224779000;14109676;1.21318;1.21324;1.21321;3;T;True;1
1621224780000;14109677;1.21318;1.21324;1.21321;0;T;True;1
1621224781000;14109678;1.21318;1.21324;1.21321;0;T;True;1
1621224782000;14109679;1.21318;1.21324;1.21321;0;T;True;1
1621224783000;14109680;1.21318;1.21324;1.21321;0;T;True;1
1621224784000;14109681;1.21318;1.21324;1.21321;0;T;True;1
1621224785000;14109685;1.21318;1.21324;1.21321;3;T;True;1
1621224786000;14109702;1.21318;1.21324;1.21321;16;T;True;1
1621224787000;14109709;1.2132;1.21326;1.21323;6;T;True;1
1621224788000;14109710;1.2132;1.21326;1.21323;0;T;True;1
1621224789000;14109711;1.2132;1.21326;1.21323;0;T;True;1
1621224790000;14109712;1.2132;1.21326;1.21323;0;T;True;1
1621224791000;14109713;1.2132;1.21326;1.21323;0;T;True;1
1621224792000;14109714;1.2132;1.21326;1.21323;0;T;True;1
1621224793000;14109715;1.2132;1.21326;1.21323;0;T;True;1
1621224794000;14109721;1.2132;1.21326;1.21323;5;T;True;1
1621224795000;14109722;1.2132;1.21326;1.21323;0;T;True;1
1621224796000;14109723;1.2132;1.21326;1.21323;0;T;True;1
1621224797000;14109724;1.2132;1.21326;1.21323;0;T;True;1
1621224798000;14109725;1.2132;1.21326;1.21323;0;T;True;1
1621224799000;14109727;1.21321;1.21327;1.21324;1;T;True;1
1621224800000;14109729;1.2132;1.21326;1.21323;1;T;True;1
1621224801000;14109730;1.2132;1.21326;1.21323;0;T;True;1
1621224802000;14109735;1.21321;1.21327;1.21324;4;T;True;1
1621224803000;14109736;1.21321;1.21327;1.21324;0;T;True;1
1621224804000;14109747;1.2132;1.21326;1.21323;10;T;True;1
1621224805000;14109750;1.2132;1.21326;1.21323;2;T;True;1
1621224806000;14109751;1.2132;1.21326;1.21323;0;T;True;1
1621224807000;14109753;1.2132;1.21326;1.21323;1;T;True;1
1621224808000;14109754;1.2132;1.21326;1.21323;0;T;True;1
1621224809000;14109755;1.2132;1.21326;1.21323;0;T;True;1
1621224810000;14109756;1.2132;1.21326;1.21323;0;T;True;1
1621224811000;14109757;1.2132;1.21326;1.21323;0;T;True;1
1621224812000;14109758;1.2132;1.21326;1.21323;0;T;True;1
1621224813000;14109759;1.2132;1.21326;1.21323;0;T;True;1
1621224814000;14109762;1.2132;1.21326;1.21323;2;T;True;1
1621224815000;14109763;1.2132;1.21326;1.21323;0;T;True;1
1621224816000;14109764;1.2132;1.21326;1.21323;0;T;True;1
1621224817000;14109765;1.2132;1.21326;1.21323;0;T;True;1
1621224818000;14109766;1.2132;1.21326;1.21323;0;T;True;1
1621224819000;14109769;1.2132;1.21326;1.21323;2;T;True;1
1621224820000;14109770;1.2132;1.21326;1.21323;0;T;True;1
1621224821000;14109771;1.2132;1.21326;1.21323;0;T;True;1
1621224822000;14109772;1.2132;1.21326;1.21323;0;T;True;1
1621224823000;14109777;1.2132;1.21326;1.21323;4;T;True;1
1621224824000;14109781;1.21318;1.21324;1.21321;3;T;True;1
1621224825000;14109784;1.21318;1.21324;1.21321;2;T;True;1
1621224826000;14109785;1.21318;1.21324;1.21321;0;T;True;1
1621224827000;14109788;1.21318;1.21324;1.21321;2;T;True;1
1621224828000;14109789;1.21318;1.21324;1.21321;0;T;True;1
1621224829000;14109794;1.21318;1.21324;1.21321;4;T;True;1
1621224830000;14109795;1.21318;1.21324;1.21321;0;T;True;1
1621224831000;14109796;1.21318;1.21324;1.21321;0;T;True;1
1621224832000;14109800;1.21319;1.21325;1.21322;3;T;True;1
1621224833000;14109804;1.2132;1.21326;1.21323;3;T;True;1
1621224834000;14109806;1.2132;1.21326;1.21323;1;T;True;1
1621224835000;14109807;1.2132;1.21326;1.21323;0;T;True;1
1621224836000;14109808;1.2132;1.21326;1.21323;0;T;True;1
1621224837000;14109810;1.2132;1.21326;1.21323;1;T;True;1
1621224838000;14109815;1.21318;1.21324;1.21321;4;T;True;1
1621224839000;14109817;1.21318;1.21324;1.21321;1;T;True;1
1621224840000;14109820;1.21317;1.21323;1.2132;2;T;True;1
1621224841000;14109825;1.21317;1.21323;1.2132;4;T;True;1
1621224842000;14109827;1.21317;1.21323;1.2132;1;T;True;1
1621224843000;14109832;1.21317;1.21323;1.2132;4;T;True;1
1621224844000;14109834;1.21317;1.21323;1.2132;1;T;True;1
1621224845000;14109840;1.21317;1.21323;1.2132;5;T;True;1
1621224846000;14109841;1.21317;1.21323;1.2132;0;T;True;1
1621224847000;14109843;1.21317;1.21323;1.2132;1;T;True;1
1621224848000;14109846;1.21317;1.21323;1.2132;2;T;True;1
1621224849000;14109847;1.21317;1.21323;1.2132;0;T;True;1
1621224850000;14109848;1.21317;1.21323;1.2132;0;T;True;1
1621224851000;14109852;1.21317;1.21323;1.2132;3;T;True;1
1621224852000;14109855;1.21317;1.21323;1.2132;2;T;True;1
1621224853000;14109859;1.21317;1.21323;1.2132;3;T;True;1
1621224854000;14109862;1.21317;1.21323;1.2132;2;T;True;1
1621224855000;14109863;1.21317;1.21323;1.2132;0;T;True;1
1621224856000;14109864;1.21317;1.21323;1.2132;0;T;True;1
1621224857000;14109867;1.21317;1.21323;1.2132;2;T;True;1
1621224858000;14109868;1.21317;1.21323;1.2132;0;T;True;1
1621224859000;14109872;1.21316;1.21322;1.21319;3;T;True;1
1621224860000;14109873;1.21316;1.21322;1.21319;0;T;True;1
1621224861000;14109875;1.21316;1.21322;1.21319;1;T;True;1
1621224862000;14109876;1.21316;1.21322;1.21319;0;T;True;1
1621224863000;14109879;1.21316;1.21322;1.21319;2;T;True;1
1621224864000;14109880;1.21316;1.21322;1.21319;0;T;True;1
1621224865000;14109882;1.21316;1.21322;1.21319;1;T;True;1
1621224866000;14109884;1.21316;1.21322;1.21319;1;T;True;1
1621224867000;14109886;1.21316;1.21322;1.21319;1;T;True;1
1621224868000;14109887;1.21316;1.21322;1.21319;0;T;True;1
1621224869000;14109888;1.21316;1.21322;1.21319;0;T;True;1
1621224870000;14109893;1.21316;1.21322;1.21319;4;T;True;1
1621224871000;14109895;1.21316;1.21322;1.21319;1;T;True;1
1621224872000;14109910;1.21317;1.21323;1.2132;14;T;True;1
1621224873000;14109919;1.21316;1.21322;1.21319;8;T;True;1
1621224874000;14109939;1.21317;1.21323;1.2132;19;T;True;1
1621224875000;14109956;1.21314;1.2132;1.21317;16;T;True;1
1621224876000;14109963;1.21316;1.21322;1.21319;6;T;True;1
1621224877000;14109964;1.21316;1.21322;1.21319;0;T;True;1
1621224878000;14109965;1.21316;1.21322;1.21319;0;T;True;1
1621224879000;14109969;1.21316;1.21322;1.21319;3;T;True;1
1621224880000;14109970;1.21316;1.21322;1.21319;0;T;True;1
1621224881000;14109973;1.21316;1.21322;1.21319;2;T;True;1
1621224882000;14109974;1.21316;1.21322;1.21319;0;T;True;1
1621224883000;14109975;1.21316;1.21322;1.21319;0;T;True;1
1621224884000;14109977;1.21316;1.21322;1.21319;1;T;True;1
1621224885000;14109978;1.21316;1.21322;1.21319;0;T;True;1
1621224886000;14109979;1.21316;1.21322;1.21319;0;T;True;1
1621224887000;14109982;1.21316;1.21322;1.21319;2;T;True;1
1621224888000;14109983;1.21316;1.21322;1.21319;0;T;True;1
1621224889000;14109984;1.21316;1.21322;1.21319;0;T;True;1
1621224890000;14109985;1.21316;1.21322;1.21319;0;T;True;1
1621224891000;14109987;1.21316;1.21322;1.21319;1;T;True;1
1621224892000;14109990;1.21317;1.21323;1.2132;2;T;True;1
1621224893000;14109991;1.21317;1.21323;1.2132;0;T;True;1
1621224894000;14109994;1.21317;1.21323;1.2132;2;T;True;1
1621224895000;14109995;1.21317;1.21323;1.2132;0;T;True;1
1621224896000;14109996;1.21317;1.21323;1.2132;0;T;True;1
1621224897000;14109997;1.21317;1.21323;1.2132;0;T;True;1
1621224898000;14110001;1.21315;1.21321;1.21318;3;T;True;1
1621224899000;14110003;1.21315;1.21321;1.21318;1;T;True;1
1621224900000;14110005;1.21314;1.2132;1.21317;1;T;True;1
1621224901000;14110006;1.21314;1.2132;1.21317;0;T;True;1
1621224902000;14110011;1.21314;1.2132;1.21317;4;T;True;1
1621224903000;14110015;1.21312;1.21318;1.21315;3;T;True;1
1621224904000;14110016;1.21312;1.21318;1.21315;0;T;True;1
1621224905000;14110017;1.21312;1.21318;1.21315;0;T;True;1
1621224906000;14110018;1.21312;1.21318;1.21315;0;T;True;1
1621224907000;14110019;1.21312;1.21318;1.21315;0;T;True;1
1621224908000;14110020;1.21312;1.21318;1.21315;0;T;True;1
1621224909000;14110021;1.21312;1.21318;1.21315;0;T;True;1
1621224910000;14110023;1.21312;1.21318;1.21315;1;T;True;1
1621224911000;14110025;1.21312;1.21318;1.21315;1;T;True;1
1621224912000;14110029;1.21312;1.21318;1.21315;3;T;True;1
1621224913000;14110031;1.21312;1.21318;1.21315;1;T;True;1
1621224914000;14110032;1.21312;1.21318;1.21315;0;T;True;1
1621224915000;14110033;1.21312;1.21318;1.21315;0;T;True;1
1621224916000;14110034;1.21312;1.21318;1.21315;0;T;True;1
1621224917000;14110035;1.21312;1.21318;1.21315;0;T;True;1
1621224918000;14110036;1.21312;1.21318;1.21315;0;T;True;1
1621224919000;14110038;1.21312;1.21318;1.21315;1;T;True;1
1621224920000;14110040;1.21312;1.21318;1.21315;1;T;True;1
1621224921000;14110041;1.21312;1.21318;1.21315;0;T;True;1
1621224922000;14110043;1.21312;1.21318;1.21315;1;T;True;1
1621224923000;14110045;1.21312;1.21318;1.21315;1;T;True;1
1621224924000;14110046;1.21312;1.21318;1.21315;0;T;True;1
1621224925000;14110047;1.21312;1.21318;1.21315;0;T;True;1
1621224926000;14110050;1.21312;1.21318;1.21315;2;T;True;1
1621224927000;14110051;1.21312;1.21318;1.21315;0;T;True;1
1621224928000;14110053;1.21312;1.21318;1.21315;1;T;True;1
1621224929000;14110054;1.21312;1.21318;1.21315;0;T;True;1
1621224930000;14110060;1.21315;1.21321;1.21318;5;T;True;1
1621224931000;14110062;1.21316;1.21322;1.21319;1;T;True;1
1621224932000;14110063;1.21316;1.21322;1.21319;0;T;True;1
1621224933000;14110066;1.21314;1.2132;1.21317;2;T;True;1
1621224934000;14110067;1.21314;1.2132;1.21317;0;T;True;1
1621224935000;14110068;1.21314;1.2132;1.21317;0;T;True;1
1621224936000;14110070;1.21315;1.21321;1.21318;1;T;True;1
1621224937000;14110071;1.21315;1.21321;1.21318;0;T;True;1
1621224938000;14110073;1.21314;1.2132;1.21317;1;T;True;1
1621224939000;14110075;1.21315;1.21321;1.21318;1;T;True;1
1621224940000;14110076;1.21315;1.21321;1.21318;0;T;True;1
1621224941000;14110077;1.21315;1.21321;1.21318;0;T;True;1
1621224942000;14110079;1.21314;1.2132;1.21317;1;T;True;1
1621224943000;14110080;1.21314;1.2132;1.21317;0;T;True;1
1621224944000;14110081;1.21314;1.2132;1.21317;0;T;True;1
1621224945000;14110082;1.21314;1.2132;1.21317;0;T;True;1
1621224946000;14110083;1.21314;1.2132;1.21317;0;T;True;1
1621224947000;14110084;1.21314;1.2132;1.21317;0;T;True;1
1621224948000;14110085;1.21314;1.2132;1.21317;0;T;True;1
1621224949000;14110086;1.21314;1.2132;1.21317;0;T;True;1
1621224950000;14110087;1.21314;1.2132;1.21317;0;T;True;1
1621224951000;14110088;1.21314;1.2132;1.21317;0;T;True;1
1621224952000;14110089;1.21314;1.2132;1.21317;0;T;True;1
1621224953000;14110090;1.21314;1.2132;1.21317;0;T;True;1
1621224954000;14110091;1.21314;1.2132;1.21317;0;T;True;1
1621224955000;14110093;1.21314;1.2132;1.21317;1;T;True;1
1621224956000;14110094;1.21314;1.2132;1.21317;0;T;True;1
1621224957000;14110095;1.21314;1.2132;1.21317;0;T;True;1
1621224958000;14110096;1.21314;1.2132;1.21317;0;T;True;1
1621224959000;14110097;1.21314;1.2132;1.21317;0;T;True;1
1621224960000;14110098;1.21314;1.2132;1.21317;0;T;True;1
1621224961000;14110099;1.21314;1.2132;1.21317;0;T;True;1
1621224962000;14110100;1.21314;1.2132;1.21317;0;T;True;1
1621224963000;14110101;1.21314;1.2132;1.21317;0;T;True;1
1621224964000;14110102;1.21314;1.2132;1.21317;0;T;True;1
1621224965000;14110103;1.21314;1.2132;1.21317;0;T;True;1
1621224966000;14110104;1.21314;1.2132;1.21317;0;T;True;1
1621224967000;14110105;1.21314;1.2132;1.21317;0;T;True;1
1621224968000;14110106;1.21314;1.2132;1.21317;0;T;True;1
1621224969000;14110107;1.21314;1.2132;1.21317;0;T;True;1
1621224970000;14110108;1.21314;1.2132;1.21317;0;T;True;1
1621224971000;14110109;1.21314;1.2132;1.21317;0;T;True;1
1621224972000;14110118;1.21318;1.21324;1.21321;8;T;True;1
1621224973000;14110119;1.21318;1.21324;1.21321;0;T;True;1
1621224974000;14110121;1.21317;1.21323;1.2132;1;T;True;1
1621224975000;14110127;1.21317;1.21323;1.2132;5;T;True;1
1621224976000;14110131;1.21316;1.21322;1.21319;3;T;True;1
1621224977000;14110133;1.21316;1.21322;1.21319;1;T;True;1
1621224978000;14110134;1.21316;1.21322;1.21319;0;T;True;1
1621224979000;14110135;1.21316;1.21322;1.21319;0;T;True;1
1621224980000;14110136;1.21316;1.21322;1.21319;0;T;True;1
1621224981000;14110138;1.21316;1.21322;1.21319;1;T;True;1
1621224982000;14110140;1.21316;1.21322;1.21319;1;T;True;1
1621224983000;14110143;1.21316;1.21322;1.21319;2;T;True;1
1621224984000;14110144;1.21316;1.21322;1.21319;0;T;True;1
1621224985000;14110145;1.21316;1.21322;1.21319;0;T;True;1
1621224986000;14110148;1.21316;1.21322;1.21319;2;T;True;1
1621224987000;14110149;1.21316;1.21322;1.21319;0;T;True;1
1621224988000;14110150;1.21316;1.21322;1.21319;0;T;True;1
1621224989000;14110151;1.21316;1.21322;1.21319;0;T;True;1
1621224990000;14110158;1.21316;1.21322;1.21319;6;T;True;1
1621224991000;14110160;1.21316;1.21322;1.21319;1;T;True;1
1621224992000;14110161;1.21316;1.21322;1.21319;0;T;True;1
1621224993000;14110162;1.21316;1.21322;1.21319;0;T;True;1
1621224994000;14110163;1.21316;1.21322;1.21319;0;T;True;1
1621224995000;14110164;1.21316;1.21322;1.21319;0;T;True;1
1621224996000;14110165;1.21316;1.21322;1.21319;0;T;True;1
1621224997000;14110166;1.21316;1.21322;1.21319;0;T;True;1
1621224998000;14110167;1.21316;1.21322;1.21319;0;T;True;1
1621224999000;14110169;1.21316;1.21322;1.21319;1;T;True;1
1621225000000;14110171;1.21316;1.21322;1.21319;1;T;True;1
1621225001000;14110176;1.21316;1.21322;1.21319;4;T;True;1
1621225002000;14110179;1.21316;1.21322;1.21319;2;T;True;1
1621225003000;14110180;1.21316;1.21322;1.21319;0;T;True;1
1621225004000;14110181;1.21316;1.21322;1.21319;0;T;True;1
1621225005000;14110182;1.21316;1.21322;1.21319;0;T;True;1
1621225006000;14110183;1.21316;1.21322;1.21319;0;T;True;1
1621225007000;14110184;1.21316;1.21322;1.21319;0;T;True;1
1621225008000;14110194;1.21304;1.2131;1.21307;9;T;True;1
1621225009000;14110202;1.21302;1.21308;1.21305;7;T;True;1
1621225010000;14110203;1.21302;1.21308;1.21305;0;T;True;1
1621225011000;14110208;1.21303;1.21309;1.21306;4;T;True;1
1621225012000;14110211;1.21305;1.21311;1.21308;2;T;True;1
1621225013000;14110212;1.21305;1.21311;1.21308;0;T;True;1
1621225014000;14110213;1.21305;1.21311;1.21308;0;T;True;1
1621225015000;14110214;1.21305;1.21311;1.21308;0;T;True;1
1621225016000;14110216;1.21304;1.2131;1.21307;1;T;True;1
1621225017000;14110222;1.21306;1.21312;1.21309;5;T;True;1
1621225018000;14110223;1.21306;1.21312;1.21309;0;T;True;1
1621225019000;14110224;1.21306;1.21312;1.21309;0;T;True;1
1621225020000;14110225;1.21306;1.21312;1.21309;0;T;True;1
1621225021000;14110226;1.21306;1.21312;1.21309;0;T;True;1
1621225022000;14110230;1.21306;1.21312;1.21309;3;T;True;1
1621225023000;14110233;1.21306;1.21312;1.21309;2;T;True;1
1621225024000;14110234;1.21306;1.21312;1.21309;0;T;True;1
1621225025000;14110235;1.21306;1.21312;1.21309;0;T;True;1
1621225026000;14110236;1.21306;1.21312;1.21309;0;T;True;1
1621225027000;14110237;1.21306;1.21312;1.21309;0;T;True;1
1621225028000;14110238;1.21306;1.21312;1.21309;0;T;True;1
1621225029000;14110239;1.21306;1.21312;1.21309;0;T;True;1
1621225030000;14110241;1.21307;1.21313;1.2131;1;T;True;1
1621225031000;14110242;1.21307;1.21313;1.2131;0;T;True;1
1621225032000;14110243;1.21307;1.21313;1.2131;0;T;True;1
1621225033000;14110244;1.21307;1.21313;1.2131;0;T;True;1
1621225034000;14110245;1.21307;1.21313;1.2131;0;T;True;1
1621225035000;14110246;1.21307;1.21313;1.2131;0;T;True;1
1621225036000;14110256;1.21302;1.21308;1.21305;9;T;True;1
1621225037000;14110257;1.21302;1.21308;1.21305;0;T;True;1
1621225038000;14110258;1.21302;1.21308;1.21305;0;T;True;1
1621225039000;14110259;1.21302;1.21308;1.21305;0;T;True;1
1621225040000;14110260;1.21302;1.21308;1.21305;0;T;True;1
1621225041000;14110261;1.21302;1.21308;1.21305;0;T;True;1
1621225042000;14110265;1.21302;1.21308;1.21305;3;T;True;1
1621225043000;14110266;1.21302;1.21308;1.21305;0;T;True;1
1621225044000;14110270;1.21302;1.21308;1.21305;3;T;True;1
1621225045000;14110272;1.21302;1.21308;1.21305;1;T;True;1
1621225046000;14110278;1.21304;1.2131;1.21307;5;T;True;1
1621225047000;14110280;1.21304;1.2131;1.21307;1;T;True;1
1621225048000;14110283;1.21304;1.2131;1.21307;2;T;True;1
1621225049000;14110285;1.21304;1.2131;1.21307;1;T;True;1
1621225050000;14110291;1.21307;1.21313;1.2131;5;T;True;1
1621225051000;14110294;1.21307;1.21313;1.2131;2;T;True;1
1621225052000;14110296;1.21306;1.21312;1.21309;1;T;True;1
1621225053000;14110297;1.21306;1.21312;1.21309;0;T;True;1
1621225054000;14110315;1.21306;1.21312;1.21309;17;T;True;1
1621225055000;14110317;1.21306;1.21312;1.21309;1;T;True;1
1621225056000;14110320;1.21306;1.21312;1.21309;2;T;True;1
1621225057000;14110321;1.21306;1.21312;1.21309;0;T;True;1
1621225058000;14110329;1.21304;1.2131;1.21307;7;T;True;1
1621225059000;14110330;1.21304;1.2131;1.21307;0;T;True;1
1621225060000;14110331;1.21304;1.2131;1.21307;0;T;True;1
1621225061000;14110334;1.21304;1.2131;1.21307;2;T;True;1
1621225062000;14110336;1.21304;1.2131;1.21307;1;T;True;1
1621225063000;14110340;1.21304;1.2131;1.21307;3;T;True;1
1621225064000;14110341;1.21304;1.2131;1.21307;0;T;True;1
1621225065000;14110343;1.21304;1.2131;1.21307;1;T;True;1
1621225066000;14110345;1.21304;1.2131;1.21307;1;T;True;1
1621225067000;14110351;1.21306;1.21312;1.21309;5;T;True;1
1621225068000;14110352;1.21306;1.21312;1.21309;0;T;True;1
1621225069000;14110354;1.21307;1.21313;1.2131;1;T;True;1
1621225070000;14110355;1.21307;1.21313;1.2131;0;T;True;1
1621225071000;14110356;1.21307;1.21313;1.2131;0;T;True;1
1621225072000;14110359;1.2131;1.21316;1.21313;2;T;True;1
1621225073000;14110360;1.2131;1.21316;1.21313;0;T;True;1
1621225074000;14110361;1.2131;1.21316;1.21313;0;T;True;1
1621225075000;14110362;1.2131;1.21316;1.21313;0;T;True;1
1621225076000;14110363;1.2131;1.21316;1.21313;0;T;True;1
1621225077000;14110364;1.2131;1.21316;1.21313;0;T;True;1
1621225078000;14110365;1.2131;1.21316;1.21313;0;T;True;1
1621225079000;14110366;1.2131;1.21316;1.21313;0;T;True;1
1621225080000;14110367;1.2131;1.21316;1.21313;0;T;True;1
1621225081000;14110369;1.21312;1.21318;1.21315;1;T;True;1
1621225082000;14110370;1.21312;1.21318;1.21315;0;T;True;1
1621225083000;14110380;1.21312;1.21318;1.21315;9;T;True;1
1621225084000;14110382;1.21312;1.21318;1.21315;1;T;True;1
1621225085000;14110385;1.21312;1.21318;1.21315;2;T;True;1
1621225086000;14110387;1.21312;1.21318;1.21315;1;T;True;1
1621225087000;14110390;1.21312;1.21318;1.21315;2;T;True;1
1621225088000;14110391;1.21312;1.21318;1.21315;0;T;True;1
1621225089000;14110392;1.21312;1.21318;1.21315;0;T;True;1
1621225090000;14110393;1.21312;1.21318;1.21315;0;T;True;1
1621225091000;14110394;1.21312;1.21318;1.21315;0;T;True;1
1621225092000;14110395;1.21312;1.21318;1.21315;0;T;True;1
1621225093000;14110396;1.21312;1.21318;1.21315;0;T;True;1
1621225094000;14110397;1.21312;1.21318;1.21315;0;T;True;1
1621225095000;14110407;1.2131;1.21316;1.21313;9;T;True;1
1621225096000;14110410;1.21311;1.21317;1.21314;2;T;True;1
1621225097000;14110411;1.21311;1.21317;1.21314;0;T;True;1
1621225098000;14110413;1.2131;1.21316;1.21313;1;T;True;1
1621225099000;14110414;1.2131;1.21316;1.21313;0;T;True;1
1621225100000;14110415;1.2131;1.21316;1.21313;0;T;True;1
1621225101000;14110419;1.21308;1.21314;1.21311;3;T;True;1
1621225102000;14110424;1.21309;1.21315;1.21312;4;T;True;1
1621225103000;14110425;1.21309;1.21315;1.21312;0;T;True;1
1621225104000;14110426;1.21309;1.21315;1.21312;0;T;True;1
1621225105000;14110427;1.21309;1.21315;1.21312;0;T;True;1
1621225106000;14110430;1.2131;1.21316;1.21313;2;T;True;1
1621225107000;14110431;1.2131;1.21316;1.21313;0;T;True;1
1621225108000;14110432;1.2131;1.21316;1.21313;0;T;True;1
1621225109000;14110433;1.2131;1.21316;1.21313;0;T;True;1
1621225110000;14110436;1.2131;1.21316;1.21313;2;T;True;1
1621225111000;14110437;1.2131;1.21316;1.21313;0;T;True;1
1621225112000;14110438;1.2131;1.21316;1.21313;0;T;True;1
1621225113000;14110439;1.2131;1.21316;1.21313;0;T;True;1
1621225114000;14110440;1.2131;1.21316;1.21313;0;T;True;1
1621225115000;14110441;1.2131;1.21316;1.21313;0;T;True;1
1621225116000;14110442;1.2131;1.21316;1.21313;0;T;True;1
1621225117000;14110443;1.2131;1.21316;1.21313;0;T;True;1
1621225118000;14110444;1.2131;1.21316;1.21313;0;T;True;1
1621225119000;14110445;1.2131;1.21316;1.21313;0;T;True;1
1621225120000;14110446;1.2131;1.21316;1.21313;0;T;True;1
1621225121000;14110447;1.2131;1.21316;1.21313;0;T;True;1
1621225122000;14110448;1.2131;1.21316;1.21313;0;T;True;1
1621225123000;14110455;1.21311;1.21317;1.21314;6;T;True;1
1621225124000;14110456;1.21311;1.21317;1.21314;0;T;True;1
1621225125000;14110457;1.21311;1.21317;1.21314;0;T;True;1
1621225126000;14110458;1.21311;1.21317;1.21314;0;T;True;1
1621225127000;14110459;1.21311;1.21317;1.21314;0;T;True;1
1621225128000;14110460;1.21311;1.21317;1.21314;0;T;True;1
1621225129000;14110461;1.21311;1.21317;1.21314;0;T;True;1
1621225130000;14110462;1.21311;1.21317;1.21314;0;T;True;1
1621225131000;14110463;1.21311;1.21317;1.21314;0;T;True;1
1621225132000;14110466;1.21312;1.21318;1.21315;2;T;True;1
1621225133000;14110472;1.2131;1.21316;1.21313;5;T;True;1
1621225134000;14110473;1.2131;1.21316;1.21313;0;T;True;1
1621225135000;14110474;1.2131;1.21316;1.21313;0;T;True;1
1621225136000;14110475;1.2131;1.21316;1.21313;0;T;True;1
1621225137000;14110477;1.2131;1.21316;1.21313;1;T;True;1
1621225138000;14110478;1.2131;1.21316;1.21313;0;T;True;1
1621225139000;14110479;1.2131;1.21316;1.21313;0;T;True;1
1621225140000;14110480;1.2131;1.21316;1.21313;0;T;True;1
1621225141000;14110481;1.2131;1.21316;1.21313;0;T;True;1
1621225142000;14110483;1.2131;1.21316;1.21313;1;T;True;1
1621225143000;14110484;1.2131;1.21316;1.21313;0;T;True;1
1621225144000;14110486;1.2131;1.21316;1.21313;1;T;True;1
1621225145000;14110489;1.2131;1.21316;1.21313;2;T;True;1
1621225146000;14110490;1.2131;1.21316;1.21313;0;T;True;1
1621225147000;14110496;1.2131;1.21316;1.21313;5;T;True;1
1621225148000;14110497;1.2131;1.21316;1.21313;0;T;True;1
1621225149000;14110503;1.2131;1.21316;1.21313;5;T;True;1
1621225150000;14110504;1.2131;1.21316;1.21313;0;T;True;1
1621225151000;14110505;1.2131;1.21316;1.21313;0;T;True;1
1621225152000;14110506;1.2131;1.21316;1.21313;0;T;True;1
1621225153000;14110507;1.2131;1.21316;1.21313;0;T;True;1
1621225154000;14110508;1.2131;1.21316;1.21313;0;T;True;1
1621225155000;14110509;1.2131;1.21316;1.21313;0;T;True;1
1621225156000;14110513;1.2131;1.21316;1.21313;3;T;True;1
1621225157000;14110516;1.2131;1.21316;1.21313;2;T;True;1
1621225158000;14110518;1.21311;1.21317;1.21314;1;T;True;1
1621225159000;14110519;1.21311;1.21317;1.21314;0;T;True;1
1621225160000;14110520;1.21311;1.21317;1.21314;0;T;True;1
1621225161000;14110521;1.21311;1.21317;1.21314;0;T;True;1
1621225162000;14110526;1.21309;1.21315;1.21312;4;T;True;1
1621225163000;14110528;1.2131;1.21316;1.21313;1;T;True;1
1621225164000;14110529;1.2131;1.21316;1.21313;0;T;True;1
1621225165000;14110533;1.21311;1.21317;1.21314;3;T;True;1
1621225166000;14110535;1.21312;1.21318;1.21315;1;T;True;1
1621225167000;14110536;1.21312;1.21318;1.21315;0;T;True;1
1621225168000;14110537;1.21312;1.21318;1.21315;0;T;True;1
1621225169000;14110538;1.21312;1.21318;1.21315;0;T;True;1
1621225170000;14110539;1.21312;1.21318;1.21315;0;T;True;1
1621225171000;14110541;1.21312;1.21318;1.21315;1;T;True;1
1621225172000;14110542;1.21312;1.21318;1.21315;0;T;True;1
1621225173000;14110543;1.21312;1.21318;1.21315;0;T;True;1
1621225174000;14110544;1.21312;1.21318;1.21315;0;T;True;1
1621225175000;14110545;1.21312;1.21318;1.21315;0;T;True;1
1621225176000;14110546;1.21312;1.21318;1.21315;0;T;True;1
1621225177000;14110547;1.21312;1.21318;1.21315;0;T;True;1
1621225178000;14110548;1.21312;1.21318;1.21315;0;T;True;1
1621225179000;14110549;1.21312;1.21318;1.21315;0;T;True;1
1621225180000;14110558;1.21316;1.21322;1.21319;8;T;True;1
1621225181000;14110559;1.21316;1.21322;1.21319;0;T;True;1
1621225182000;14110560;1.21316;1.21322;1.21319;0;T;True;1
1621225183000;14110561;1.21316;1.21322;1.21319;0;T;True;1
1621225184000;14110564;1.21316;1.21322;1.21319;2;T;True;1
1621225185000;14110566;1.21316;1.21322;1.21319;1;T;True;1
1621225186000;14110567;1.21316;1.21322;1.21319;0;T;True;1
1621225187000;14110568;1.21316;1.21322;1.21319;0;T;True;1
1621225188000;14110569;1.21316;1.21322;1.21319;0;T;True;1
1621225189000;14110570;1.21316;1.21322;1.21319;0;T;True;1
1621225190000;14110572;1.21316;1.21322;1.21319;1;T;True;1
1621225191000;14110575;1.21316;1.21322;1.21319;2;T;True;1
1621225192000;14110577;1.21316;1.21322;1.21319;1;T;True;1
1621225193000;14110578;1.21316;1.21322;1.21319;0;T;True;1
1621225194000;14110579;1.21316;1.21322;1.21319;0;T;True;1
1621225195000;14110581;1.21316;1.21322;1.21319;1;T;True;1
1621225196000;14110582;1.21316;1.21322;1.21319;0;T;True;1
1621225197000;14110583;1.21316;1.21322;1.21319;0;T;True;1
1621225198000;14110584;1.21316;1.21322;1.21319;0;T;True;1
1621225199000;14110585;1.21316;1.21322;1.21319;0;T;True;1
1621225200000;14110586;1.21316;1.21322;1.21319;0;T;True;1
1621225201000;14110587;1.21316;1.21322;1.21319;0;T;True;1
1621225202000;14110588;1.21316;1.21322;1.21319;0;T;True;1
1621225203000;14110590;1.21316;1.21322;1.21319;1;T;True;1
1621225204000;14110591;1.21316;1.21322;1.21319;0;T;True;1
1621225205000;14110592;1.21316;1.21322;1.21319;0;T;True;1
1621225206000;14110593;1.21316;1.21322;1.21319;0;T;True;1
1621225207000;14110596;1.21316;1.21322;1.21319;2;T;True;1
1621225208000;14110597;1.21316;1.21322;1.21319;0;T;True;1
1621225209000;14110598;1.21316;1.21322;1.21319;0;T;True;1
1621225210000;14110599;1.21316;1.21322;1.21319;0;T;True;1
1621225211000;14110600;1.21316;1.21322;1.21319;0;T;True;1
1621225212000;14110601;1.21316;1.21322;1.21319;0;T;True;1
1621225213000;14110602;1.21316;1.21322;1.21319;0;T;True;1
1621225214000;14110603;1.21316;1.21322;1.21319;0;T;True;1
1621225215000;14110606;1.21316;1.21322;1.21319;2;T;True;1
1621225216000;14110607;1.21316;1.21322;1.21319;0;T;True;1
1621225217000;14110608;1.21316;1.21322;1.21319;0;T;True;1
1621225218000;14110610;1.21316;1.21322;1.21319;1;T;True;1
1621225219000;14110612;1.21316;1.21322;1.21319;1;T;True;1
1621225220000;14110614;1.21317;1.21323;1.2132;1;T;True;1
1621225221000;14110615;1.21317;1.21323;1.2132;0;T;True;1
1621225222000;14110616;1.21317;1.21323;1.2132;0;T;True;1
1621225223000;14110617;1.21317;1.21323;1.2132;0;T;True;1
1621225224000;14110618;1.21317;1.21323;1.2132;0;T;True;1
1621225225000;14110620;1.21316;1.21322;1.21319;1;T;True;1
1621225226000;14110625;1.21314;1.2132;1.21317;4;T;True;1
1621225227000;14110626;1.21314;1.2132;1.21317;0;T;True;1
1621225228000;14110627;1.21314;1.2132;1.21317;0;T;True;1
1621225229000;14110628;1.21314;1.2132;1.21317;0;T;True;1
1621225230000;14110630;1.21314;1.2132;1.21317;1;T;True;1
1621225231000;14110634;1.21314;1.2132;1.21317;3;T;True;1
1621225232000;14110635;1.21314;1.2132;1.21317;0;T;True;1
1621225233000;14110636;1.21314;1.2132;1.21317;0;T;True;1
1621225234000;14110644;1.21316;1.21322;1.21319;7;T;True;1
1621225235000;14110645;1.21316;1.21322;1.21319;0;T;True;1
1621225236000;14110647;1.21316;1.21322;1.21319;1;T;True;1
1621225237000;14110648;1.21316;1.21322;1.21319;0;T;True;1
1621225238000;14110649;1.21316;1.21322;1.21319;0;T;True;1
1621225239000;14110650;1.21316;1.21322;1.21319;0;T;True;1
1621225240000;14110651;1.21316;1.21322;1.21319;0;T;True;1
1621225241000;14110652;1.21316;1.21322;1.21319;0;T;True;1
1621225242000;14110653;1.21316;1.21322;1.21319;0;T;True;1
1621225243000;14110654;1.21316;1.21322;1.21319;0;T;True;1
1621225244000;14110655;1.21316;1.21322;1.21319;0;T;True;1
1621225245000;14110659;1.21316;1.21322;1.21319;3;T;True;1
1621225246000;14110660;1.21316;1.21322;1.21319;0;T;True;1
1621225247000;14110661;1.21316;1.21322;1.21319;0;T;True;1
1621225248000;14110662;1.21316;1.21322;1.21319;0;T;True;1
1621225249000;14110663;1.21316;1.21322;1.21319;0;T;True;1
1621225250000;14110664;1.21316;1.21322;1.21319;0;T;True;1
1621225251000;14110665;1.21316;1.21322;1.21319;0;T;True;1
1621225252000;14110666;1.21316;1.21322;1.21319;0;T;True;1
1621225253000;14110667;1.21316;1.21322;1.21319;0;T;True;1
1621225254000;14110668;1.21316;1.21322;1.21319;0;T;True;1
1621225255000;14110669;1.21316;1.21322;1.21319;0;T;True;1
1621225256000;14110671;1.21316;1.21322;1.21319;1;T;True;1
1621225257000;14110672;1.21316;1.21322;1.21319;0;T;True;1
1621225258000;14110673;1.21316;1.21322;1.21319;0;T;True;1
1621225259000;14110674;1.21316;1.21322;1.21319;0;T;True;1
1621225260000;14110675;1.21316;1.21322;1.21319;0;T;True;1
1621225261000;14110676;1.21316;1.21322;1.21319;0;T;True;1
1621225262000;14110677;1.21316;1.21322;1.21319;0;T;True;1
1621225263000;14110682;1.21314;1.2132;1.21317;4;T;True;1
1621225264000;14110684;1.21315;1.21321;1.21318;1;T;True;1
1621225265000;14110685;1.21315;1.21321;1.21318;0;T;True;1
1621225266000;14110686;1.21315;1.21321;1.21318;0;T;True;1
1621225267000;14110687;1.21315;1.21321;1.21318;0;T;True;1
1621225268000;14110690;1.21315;1.21321;1.21318;2;T;True;1
1621225269000;14110691;1.21315;1.21321;1.21318;0;T;True;1
1621225270000;14110692;1.21315;1.21321;1.21318;0;T;True;1
1621225271000;14110697;1.21316;1.21322;1.21319;4;T;True;1
1621225272000;14110698;1.21316;1.21322;1.21319;0;T;True;1
1621225273000;14110700;1.21316;1.21322;1.21319;1;T;True;1
1621225274000;14110701;1.21316;1.21322;1.21319;0;T;True;1
1621225275000;14110702;1.21316;1.21322;1.21319;0;T;True;1
1621225276000;14110703;1.21316;1.21322;1.21319;0;T;True;1
1621225277000;14110704;1.21316;1.21322;1.21319;0;T;True;1
1621225278000;14110705;1.21316;1.21322;1.21319;0;T;True;1
1621225279000;14110706;1.21316;1.21322;1.21319;0;T;True;1
1621225280000;14110707;1.21316;1.21322;1.21319;0;T;True;1
1621225281000;14110708;1.21316;1.21322;1.21319;0;T;True;1
1621225282000;14110709;1.21316;1.21322;1.21319;0;T;True;1
1621225283000;14110710;1.21316;1.21322;1.21319;0;T;True;1
1621225284000;14110713;1.21316;1.21322;1.21319;2;T;True;1
1621225285000;14110714;1.21316;1.21322;1.21319;0;T;True;1
1621225286000;14110715;1.21316;1.21322;1.21319;0;T;True;1
1621225287000;14110716;1.21316;1.21322;1.21319;0;T;True;1
1621225288000;14110717;1.21316;1.21322;1.21319;0;T;True;1
1621225289000;14110719;1.21317;1.21323;1.2132;1;T;True;1
1621225290000;14110721;1.21317;1.21323;1.2132;1;T;True;1
1621225291000;14110722;1.21317;1.21323;1.2132;0;T;True;1
1621225292000;14110723;1.21317;1.21323;1.2132;0;T;True;1
1621225293000;14110724;1.21317;1.21323;1.2132;0;T;True;1
1621225294000;14110725;1.21317;1.21323;1.2132;0;T;True;1
1621225295000;14110726;1.21317;1.21323;1.2132;0;T;True;1
1621225296000;14110727;1.21317;1.21323;1.2132;0;T;True;1
1621225297000;14110728;1.21317;1.21323;1.2132;0;T;True;1
1621225298000;14110729;1.21317;1.21323;1.2132;0;T;True;1
1621225299000;14110730;1.21317;1.21323;1.2132;0;T;True;1
1621225300000;14110731;1.21317;1.21323;1.2132;0;T;True;1
1621225301000;14110732;1.21317;1.21323;1.2132;0;T;True;1
1621225302000;14110733;1.21317;1.21323;1.2132;0;T;True;1
1621225303000;14110736;1.21317;1.21323;1.2132;2;T;True;1
1621225304000;14110737;1.21317;1.21323;1.2132;0;T;True;1
1621225305000;14110738;1.21317;1.21323;1.2132;0;T;True;1
1621225306000;14110739;1.21317;1.21323;1.2132;0;T;True;1
1621225307000;14110741;1.21317;1.21323;1.2132;1;T;True;1
1621225308000;14110742;1.21317;1.21323;1.2132;0;T;True;1
1621225309000;14110743;1.21317;1.21323;1.2132;0;T;True;1
1621225310000;14110744;1.21317;1.21323;1.2132;0;T;True;1
1621225311000;14110745;1.21317;1.21323;1.2132;0;T;True;1
1621225312000;14110746;1.21317;1.21323;1.2132;0;T;True;1
1621225313000;14110747;1.21317;1.21323;1.2132;0;T;True;1
1621225314000;14110748;1.21317;1.21323;1.2132;0;T;True;1
1621225315000;14110749;1.21317;1.21323;1.2132;0;T;True;1
1621225316000;14110750;1.21317;1.21323;1.2132;0;T;True;1
1621225317000;14110751;1.21317;1.21323;1.2132;0;T;True;1
1621225318000;14110752;1.21317;1.21323;1.2132;0;T;True;1
1621225319000;14110753;1.21317;1.21323;1.2132;0;T;True;1
1621225320000;14110754;1.21317;1.21323;1.2132;0;T;True;1
1621225321000;14110755;1.21317;1.21323;1.2132;0;T;True;1
1621225322000;14110756;1.21317;1.21323;1.2132;0;T;True;1
1621225323000;14110757;1.21317;1.21323;1.2132;0;T;True;1
1621225324000;14110758;1.21317;1.21323;1.2132;0;T;True;1
1621225325000;14110759;1.21317;1.21323;1.2132;0;T;True;1
1621225326000;14110760;1.21317;1.21323;1.2132;0;T;True;1
1621225327000;14110761;1.21317;1.21323;1.2132;0;T;True;1
1621225328000;14110762;1.21317;1.21323;1.2132;0;T;True;1
1621225329000;14110763;1.21317;1.21323;1.2132;0;T;True;1
1621225330000;14110764;1.21317;1.21323;1.2132;0;T;True;1
1621225331000;14110765;1.21317;1.21323;1.2132;0;T;True;1
1621225332000;14110766;1.21317;1.21323;1.2132;0;T;True;1
1621225333000;14110767;1.21317;1.21323;1.2132;0;T;True;1
1621225334000;14110768;1.21317;1.21323;1.2132;0;T;True;1
1621225335000;14110769;1.21317;1.21323;1.2132;0;T;True;1
1621225336000;14110770;1.21317;1.21323;1.2132;0;T;True;1
1621225337000;14110771;1.21317;1.21323;1.2132;0;T;True;1
1621225338000;14110772;1.21317;1.21323;1.2132;0;T;True;1
1621225339000;14110774;1.21317;1.21323;1.2132;1;T;True;1
1621225340000;14110775;1.21317;1.21323;1.2132;0;T;True;1
1621225341000;14110776;1.21317;1.21323;1.2132;0;T;True;1
1621225342000;14110777;1.21317;1.21323;1.2132;0;T;True;1
1621225343000;14110778;1.21317;1.21323;1.2132;0;T;True;1
1621225344000;14110779;1.21317;1.21323;1.2132;0;T;True;1
1621225345000;14110780;1.21317;1.21323;1.2132;0;T;True;1
1621225346000;14110781;1.21317;1.21323;1.2132;0;T;True;1
1621225347000;14110782;1.21317;1.21323;1.2132;0;T;True;1
1621225348000;14110784;1.21316;1.21322;1.21319;1;T;True;1
1621225349000;14110785;1.21316;1.21322;1.21319;0;T;True;1
1621225350000;14110786;1.21316;1.21322;1.21319;0;T;True;1
1621225351000;14110787;1.21316;1.21322;1.21319;0;T;True;1
1621225352000;14110789;1.21316;1.21322;1.21319;1;T;True;1
1621225353000;14110790;1.21316;1.21322;1.21319;0;T;True;1
1621225354000;14110791;1.21316;1.21322;1.21319;0;T;True;1
1621225355000;14110792;1.21316;1.21322;1.21319;0;T;True;1
1621225356000;14110793;1.21316;1.21322;1.21319;0;T;True;1
1621225357000;14110794;1.21316;1.21322;1.21319;0;T;True;1
1621225358000;14110795;1.21316;1.21322;1.21319;0;T;True;1
1621225359000;14110796;1.21316;1.21322;1.21319;0;T;True;1
1621225360000;14110797;1.21316;1.21322;1.21319;0;T;True;1
1621225361000;14110798;1.21316;1.21322;1.21319;0;T;True;1
1621225362000;14110799;1.21316;1.21322;1.21319;0;T;True;1
1621225363000;14110801;1.21316;1.21322;1.21319;1;T;True;1
1621225364000;14110802;1.21316;1.21322;1.21319;0;T;True;1
1621225365000;14110806;1.21316;1.21322;1.21319;3;T;True;1
1621225366000;14110807;1.21316;1.21322;1.21319;0;T;True;1
1621225367000;14110808;1.21316;1.21322;1.21319;0;T;True;1
1621225368000;14110809;1.21316;1.21322;1.21319;0;T;True;1
1621225369000;14110810;1.21316;1.21322;1.21319;0;T;True;1
1621225370000;14110811;1.21316;1.21322;1.21319;0;T;True;1
1621225371000;14110812;1.21316;1.21322;1.21319;0;T;True;1
1621225372000;14110813;1.21316;1.21322;1.21319;0;T;True;1
1621225373000;14110815;1.21316;1.21322;1.21319;1;T;True;1
1621225374000;14110816;1.21316;1.21322;1.21319;0;T;True;1
1621225375000;14110817;1.21316;1.21322;1.21319;0;T;True;1
1621225376000;14110818;1.21316;1.21322;1.21319;0;T;True;1
1621225377000;14110819;1.21316;1.21322;1.21319;0;T;True;1
1621225378000;14110820;1.21316;1.21322;1.21319;0;T;True;1
1621225379000;14110821;1.21316;1.21322;1.21319;0;T;True;1
1621225380000;14110822;1.21316;1.21322;1.21319;0;T;True;1
1621225381000;14110823;1.21316;1.21322;1.21319;0;T;True;1
1621225382000;14110824;1.21316;1.21322;1.21319;0;T;True;1
1621225383000;14110825;1.21316;1.21322;1.21319;0;T;True;1
1621225384000;14110826;1.21316;1.21322;1.21319;0;T;True;1
1621225385000;14110827;1.21316;1.21322;1.21319;0;T;True;1
1621225386000;14110828;1.21316;1.21322;1.21319;0;T;True;1
1621225387000;14110829;1.21316;1.21322;1.21319;0;T;True;1
1621225388000;14110830;1.21316;1.21322;1.21319;0;T;True;1
1621225389000;14110831;1.21316;1.21322;1.21319;0;T;True;1
1621225390000;14110832;1.21316;1.21322;1.21319;0;T;True;1
1621225391000;14110833;1.21316;1.21322;1.21319;0;T;True;1
1621225392000;14110834;1.21316;1.21322;1.21319;0;T;True;1
1621225393000;14110835;1.21316;1.21322;1.21319;0;T;True;1
1621225394000;14110836;1.21316;1.21322;1.21319;0;T;True;1
1621225395000;14110837;1.21316;1.21322;1.21319;0;T;True;1
1621225396000;14110838;1.21316;1.21322;1.21319;0;T;True;1
1621225397000;14110839;1.21316;1.21322;1.21319;0;T;True;1
1621225398000;14110841;1.21316;1.21322;1.21319;1;T;True;1
1621225399000;14110842;1.21316;1.21322;1.21319;0;T;True;1
1621225400000;14110843;1.21316;1.21322;1.21319;0;T;True;1
1621225401000;14110844;1.21316;1.21322;1.21319;0;T;True;1
1621225402000;14110846;1.21316;1.21322;1.21319;1;T;True;1
1621225403000;14110848;1.21316;1.21322;1.21319;1;T;True;1
1621225404000;14110849;1.21316;1.21322;1.21319;0;T;True;1
1621225405000;14110850;1.21316;1.21322;1.21319;0;T;True;1
1621225406000;14110851;1.21316;1.21322;1.21319;0;T;True;1
1621225407000;14110853;1.21316;1.21322;1.21319;1;T;True;1
1621225408000;14110854;1.21316;1.21322;1.21319;0;T;True;1
1621225409000;14110855;1.21316;1.21322;1.21319;0;T;True;1
1621225410000;14110856;1.21316;1.21322;1.21319;0;T;True;1
1621225411000;14110857;1.21316;1.21322;1.21319;0;T;True;1
1621225412000;14110858;1.21316;1.21322;1.21319;0;T;True;1
1621225413000;14110861;1.21316;1.21322;1.21319;2;T;True;1
1621225414000;14110863;1.21316;1.21322;1.21319;1;T;True;1
1621225415000;14110864;1.21316;1.21322;1.21319;0;T;True;1
1621225416000;14110865;1.21316;1.21322;1.21319;0;T;True;1
1621225417000;14110866;1.21316;1.21322;1.21319;0;T;True;1
1621225418000;14110867;1.21316;1.21322;1.21319;0;T;True;1
1621225419000;14110868;1.21316;1.21322;1.21319;0;T;True;1
1621225420000;14110869;1.21316;1.21322;1.21319;0;T;True;1
1621225421000;14110870;1.21316;1.21322;1.21319;0;T;True;1
1621225422000;14110872;1.21316;1.21322;1.21319;1;T;True;1
1621225423000;14110873;1.21316;1.21322;1.21319;0;T;True;1
1621225424000;14110875;1.21316;1.21322;1.21319;1;T;True;1
1621225425000;14110876;1.21316;1.21322;1.21319;0;T;True;1
1621225426000;14110877;1.21316;1.21322;1.21319;0;T;True;1
1621225427000;14110879;1.21317;1.21323;1.2132;1;T;True;1
1621225428000;14110881;1.21316;1.21322;1.21319;1;T;True;1
1621225429000;14110882;1.21316;1.21322;1.21319;0;T;True;1
1621225430000;14110883;1.21316;1.21322;1.21319;0;T;True;1
1621225431000;14110884;1.21316;1.21322;1.21319;0;T;True;1
1621225432000;14110887;1.21316;1.21322;1.21319;2;T;True;1
1621225433000;14110888;1.21316;1.21322;1.21319;0;T;True;1
1621225434000;14110889;1.21316;1.21322;1.21319;0;T;True;1
1621225435000;14110890;1.21316;1.21322;1.21319;0;T;True;1
1621225436000;14110893;1.21316;1.21322;1.21319;2;T;True;1
1621225437000;14110894;1.21316;1.21322;1.21319;0;T;True;1
1621225438000;14110895;1.21316;1.21322;1.21319;0;T;True;1
1621225439000;14110896;1.21316;1.21322;1.21319;0;T;True;1
1621225440000;14110897;1.21316;1.21322;1.21319;0;T;True;1
1621225441000;14110900;1.21316;1.21322;1.21319;2;T;True;1
1621225442000;14110902;1.21316;1.21322;1.21319;1;T;True;1
1621225443000;14110903;1.21316;1.21322;1.21319;0;T;True;1
1621225444000;14110904;1.21316;1.21322;1.21319;0;T;True;1
1621225445000;14110905;1.21316;1.21322;1.21319;0;T;True;1
1621225446000;14110907;1.21316;1.21322;1.21319;1;T;True;1
1621225447000;14110908;1.21316;1.21322;1.21319;0;T;True;1
1621225448000;14110913;1.21314;1.2132;1.21317;4;T;True;1
1621225449000;14110917;1.21312;1.21318;1.21315;3;T;True;1
1621225450000;14110918;1.21312;1.21318;1.21315;0;T;True;1
1621225451000;14110919;1.21312;1.21318;1.21315;0;T;True;1
1621225452000;14110921;1.21312;1.21318;1.21315;1;T;True;1
1621225453000;14110922;1.21312;1.21318;1.21315;0;T;True;1
1621225454000;14110924;1.21312;1.21318;1.21315;1;T;True;1
1621225455000;14110925;1.21312;1.21318;1.21315;0;T;True;1
1621225456000;14110926;1.21312;1.21318;1.21315;0;T;True;1
1621225457000;14110927;1.21312;1.21318;1.21315;0;T;True;1
1621225458000;14110928;1.21312;1.21318;1.21315;0;T;True;1
1621225459000;14110929;1.21312;1.21318;1.21315;0;T;True;1
1621225460000;14110930;1.21312;1.21318;1.21315;0;T;True;1
1621225461000;14110931;1.21312;1.21318;1.21315;0;T;True;1
1621225462000;14110932;1.21312;1.21318;1.21315;0;T;True;1
1621225463000;14110933;1.21312;1.21318;1.21315;0;T;True;1
1621225464000;14110934;1.21312;1.21318;1.21315;0;T;True;1
1621225465000;14110935;1.21312;1.21318;1.21315;0;T;True;1
1621225466000;14110936;1.21312;1.21318;1.21315;0;T;True;1
1621225467000;14110937;1.21312;1.21318;1.21315;0;T;True;1
1621225468000;14110938;1.21312;1.21318;1.21315;0;T;True;1
1621225469000;14110939;1.21312;1.21318;1.21315;0;T;True;1
1621225470000;14110940;1.21312;1.21318;1.21315;0;T;True;1
1621225471000;14110941;1.21312;1.21318;1.21315;0;T;True;1
1621225472000;14110944;1.21312;1.21318;1.21315;2;T;True;1
1621225473000;14110945;1.21312;1.21318;1.21315;0;T;True;1
1621225474000;14110947;1.21312;1.21318;1.21315;1;T;True;1
1621225475000;14110948;1.21312;1.21318;1.21315;0;T;True;1
1621225476000;14110949;1.21312;1.21318;1.21315;0;T;True;1
1621225477000;14110950;1.21312;1.21318;1.21315;0;T;True;1
1621225478000;14110951;1.21312;1.21318;1.21315;0;T;True;1
1621225479000;14110958;1.21316;1.21322;1.21319;6;T;True;1
1621225480000;14110960;1.21316;1.21322;1.21319;1;T;True;1
1621225481000;14110961;1.21316;1.21322;1.21319;0;T;True;1
1621225482000;14110962;1.21316;1.21322;1.21319;0;T;True;1
1621225483000;14110963;1.21316;1.21322;1.21319;0;T;True;1
1621225484000;14110964;1.21316;1.21322;1.21319;0;T;True;1
1621225485000;14110965;1.21316;1.21322;1.21319;0;T;True;1
1621225486000;14110967;1.21316;1.21322;1.21319;1;T;True;1
1621225487000;14110968;1.21316;1.21322;1.21319;0;T;True;1
1621225488000;14110969;1.21316;1.21322;1.21319;0;T;True;1
1621225489000;14110970;1.21316;1.21322;1.21319;0;T;True;1
1621225490000;14110971;1.21316;1.21322;1.21319;0;T;True;1
1621225491000;14110976;1.21314;1.2132;1.21317;4;T;True;1
1621225492000;14110980;1.21315;1.21321;1.21318;3;T;True;1
1621225493000;14110981;1.21315;1.21321;1.21318;0;T;True;1
1621225494000;14110982;1.21315;1.21321;1.21318;0;T;True;1
1621225495000;14110983;1.21315;1.21321;1.21318;0;T;True;1
1621225496000;14110984;1.21315;1.21321;1.21318;0;T;True;1
1621225497000;14110985;1.21315;1.21321;1.21318;0;T;True;1
1621225498000;14110986;1.21315;1.21321;1.21318;0;T;True;1
1621225499000;14110987;1.21315;1.21321;1.21318;0;T;True;1
1621225500000;14110988;1.21315;1.21321;1.21318;0;T;True;1
1621225501000;14110990;1.21316;1.21322;1.21319;1;T;True;1
1621225502000;14110992;1.21316;1.21322;1.21319;1;T;True;1
1621225503000;14110993;1.21316;1.21322;1.21319;0;T;True;1
1621225504000;14110994;1.21316;1.21322;1.21319;0;T;True;1
1621225505000;14110995;1.21316;1.21322;1.21319;0;T;True;1
1621225506000;14110996;1.21316;1.21322;1.21319;0;T;True;1
1621225507000;14110997;1.21316;1.21322;1.21319;0;T;True;1
1621225508000;14110998;1.21316;1.21322;1.21319;0;T;True;1
1621225509000;14110999;1.21316;1.21322;1.21319;0;T;True;1
1621225510000;14111000;1.21316;1.21322;1.21319;0;T;True;1
1621225511000;14111001;1.21316;1.21322;1.21319;0;T;True;1
1621225512000;14111002;1.21316;1.21322;1.21319;0;T;True;1
1621225513000;14111003;1.21316;1.21322;1.21319;0;T;True;1
1621225514000;14111004;1.21316;1.21322;1.21319;0;T;True;1
1621225515000;14111005;1.21316;1.21322;1.21319;0;T;True;1
1621225516000;14111006;1.21316;1.21322;1.21319;0;T;True;1
1621225517000;14111007;1.21316;1.21322;1.21319;0;T;True;1
1621225518000;14111008;1.21316;1.21322;1.21319;0;T;True;1
1621225519000;14111010;1.21317;1.21323;1.2132;1;T;True;1
1621225520000;14111011;1.21317;1.21323;1.2132;0;T;True;1
1621225521000;14111012;1.21317;1.21323;1.2132;0;T;True;1
1621225522000;14111013;1.21317;1.21323;1.2132;0;T;True;1
1621225523000;14111014;1.21317;1.21323;1.2132;0;T;True;1
1621225524000;14111015;1.21317;1.21323;1.2132;0;T;True;1
1621225525000;14111016;1.21317;1.21323;1.2132;0;T;True;1
1621225526000;14111017;1.21317;1.21323;1.2132;0;T;True;1
1621225527000;14111018;1.21317;1.21323;1.2132;0;T;True;1
1621225528000;14111019;1.21317;1.21323;1.2132;0;T;True;1
1621225529000;14111020;1.21317;1.21323;1.2132;0;T;True;1
1621225530000;14111021;1.21317;1.21323;1.2132;0;T;True;1
1621225531000;14111022;1.21317;1.21323;1.2132;0;T;True;1
1621225532000;14111023;1.21317;1.21323;1.2132;0;T;True;1
1621225533000;14111025;1.21316;1.21322;1.21319;1;T;True;1
1621225534000;14111026;1.21316;1.21322;1.21319;0;T;True;1
1621225535000;14111027;1.21316;1.21322;1.21319;0;T;True;1
1621225536000;14111028;1.21316;1.21322;1.21319;0;T;True;1
1621225537000;14111029;1.21316;1.21322;1.21319;0;T;True;1
1621225538000;14111030;1.21316;1.21322;1.21319;0;T;True;1
1621225539000;14111032;1.21316;1.21322;1.21319;1;T;True;1
1621225540000;14111033;1.21316;1.21322;1.21319;0;T;True;1
1621225541000;14111034;1.21316;1.21322;1.21319;0;T;True;1
1621225542000;14111039;1.21316;1.21322;1.21319;4;T;True;1
1621225543000;14111040;1.21316;1.21322;1.21319;0;T;True;1
1621225544000;14111041;1.21316;1.21322;1.21319;0;T;True;1
1621225545000;14111042;1.21316;1.21322;1.21319;0;T;True;1
1621225546000;14111045;1.21317;1.21323;1.2132;2;T;True;1
1621225547000;14111048;1.21317;1.21323;1.2132;2;T;True;1
1621225548000;14111049;1.21317;1.21323;1.2132;0;T;True;1
1621225549000;14111050;1.21317;1.21323;1.2132;0;T;True;1
1621225550000;14111052;1.21317;1.21323;1.2132;1;T;True;1
1621225551000;14111053;1.21317;1.21323;1.2132;0;T;True;1
1621225552000;14111062;1.21314;1.2132;1.21317;8;T;True;1
1621225553000;14111063;1.21314;1.2132;1.21317;0;T;True;1
1621225554000;14111064;1.21314;1.2132;1.21317;0;T;True;1
1621225555000;14111065;1.21314;1.2132;1.21317;0;T;True;1
1621225556000;14111066;1.21314;1.2132;1.21317;0;T;True;1
1621225557000;14111067;1.21314;1.2132;1.21317;0;T;True;1
1621225558000;14111068;1.21314;1.2132;1.21317;0;T;True;1
1621225559000;14111069;1.21314;1.2132;1.21317;0;T;True;1
1621225560000;14111070;1.21314;1.2132;1.21317;0;T;True;1
1621225561000;14111075;1.21314;1.2132;1.21317;4;T;True;1
1621225562000;14111077;1.21314;1.2132;1.21317;1;T;True;1
1621225563000;14111078;1.21314;1.2132;1.21317;0;T;True;1
1621225564000;14111079;1.21314;1.2132;1.21317;0;T;True;1
1621225565000;14111080;1.21314;1.2132;1.21317;0;T;True;1
1621225566000;14111081;1.21314;1.2132;1.21317;0;T;True;1
1621225567000;14111082;1.21314;1.2132;1.21317;0;T;True;1
1621225568000;14111083;1.21314;1.2132;1.21317;0;T;True;1
1621225569000;14111084;1.21314;1.2132;1.21317;0;T;True;1
1621225570000;14111085;1.21314;1.2132;1.21317;0;T;True;1
1621225571000;14111086;1.21314;1.2132;1.21317;0;T;True;1
1621225572000;14111087;1.21314;1.2132;1.21317;0;T;True;1
1621225573000;14111088;1.21314;1.2132;1.21317;0;T;True;1
1621225574000;14111091;1.21314;1.2132;1.21317;2;T;True;1
1621225575000;14111094;1.21314;1.2132;1.21317;2;T;True;1
1621225576000;14111098;1.21313;1.21319;1.21316;3;T;True;1
1621225577000;14111099;1.21313;1.21319;1.21316;0;T;True;1
1621225578000;14111101;1.21313;1.21319;1.21316;1;T;True;1
1621225579000;14111103;1.21312;1.21318;1.21315;1;T;True;1
1621225580000;14111104;1.21312;1.21318;1.21315;0;T;True;1
1621225581000;14111110;1.2131;1.21316;1.21313;5;T;True;1
1621225582000;14111111;1.2131;1.21316;1.21313;0;T;True;1
1621225583000;14111112;1.2131;1.21316;1.21313;0;T;True;1
1621225584000;14111113;1.2131;1.21316;1.21313;0;T;True;1
1621225585000;14111116;1.2131;1.21316;1.21313;2;T;True;1
1621225586000;14111117;1.2131;1.21316;1.21313;0;T;True;1
1621225587000;14111118;1.2131;1.21316;1.21313;0;T;True;1
1621225588000;14111119;1.2131;1.21316;1.21313;0;T;True;1
1621225589000;14111120;1.2131;1.21316;1.21313;0;T;True;1
1621225590000;14111121;1.2131;1.21316;1.21313;0;T;True;1
1621225591000;14111122;1.2131;1.21316;1.21313;0;T;True;1
1621225592000;14111123;1.2131;1.21316;1.21313;0;T;True;1
