ts;n;bid;ask;value;volume;phase;round;active_id
1621243662000;14152927;1.21474;1.2148;1.21477;1;T;True;1
1621243663000;14152929;1.21474;1.2148;1.21477;1;T;True;1
1621243664000;14152930;1.21474;1.2148;1.21477;0;T;True;1
1621243665000;14152935;1.2147;1.21476;1.21473;4;T;True;1
1621243666000;14152936;1.2147;1.21476;1.21473;0;T;True;1
1621243667000;14152937;1.2147;1.21476;1.21473;0;T;True;1
1621243668000;14152938;1.2147;1.21476;1.21473;0;T;True;1
1621243669000;14152939;1.2147;1.21476;1.21473;0;T;True;1
1621243670000;14152940;1.2147;1.21476;1.21473;0;T;True;1
1621243671000;14152941;1.2147;1.21476;1.21473;0;T;True;1
1621243672000;14152950;1.21466;1.21472;1.21469;8;T;True;1
1621243673000;14152953;1.21465;1.21471;1.21468;2;T;True;1
1621243674000;14152955;1.21464;1.2147;1.21467;1;T;True;1
1621243675000;14152956;1.21464;1.2147;1.21467;0;T;True;1
1621243676000;14152957;1.21464;1.2147;1.21467;0;T;True;1
1621243677000;14152959;1.21464;1.2147;1.21467;1;T;True;1
1621243678000;14152960;1.21464;1.2147;1.21467;0;T;True;1
1621243679000;14152962;1.21464;1.2147;1.21467;1;T;True;1
1621243680000;14152970;1.21462;1.21468;1.21465;7;T;True;1
1621243681000;14152971;1.21462;1.21468;1.21465;0;T;True;1
1621243682000;14152972;1.21462;1.21468;1.21465;0;T;True;1
1621243683000;14152973;1.21462;1.21468;1.21465;0;T;True;1
1621243684000;14152975;1.21462;1.21468;1.21465;1;T;True;1
1621243685000;14152981;1.21462;1.21468;1.21465;5;T;True;1
1621243686000;14152985;1.2146;1.21466;1.21463;3;T;True;1
1621243687000;14152986;1.2146;1.21466;1.21463;0;T;True;1
1621243688000;14152987;1.2146;1.21466;1.21463;0;T;True;1
1621243689000;14152988;1.2146;1.21466;1.21463;0;T;True;1
1621243690000;14152989;1.2146;1.21466;1.21463;0;T;True;1
1621243691000;14152991;1.21458;1.21464;1.21461;1;T;True;1
1621243692000;14152999;1.21456;1.21462;1.21459;7;T;True;1
1621243693000;14153000;1.21456;1.21462;1.21459;0;T;True;1
1621243694000;14153004;1.21456;1.21462;1.21459;3;T;True;1
1621243695000;14153005;1.21456;1.21462;1.21459;0;T;True;1
1621243696000;14153006;1.21456;1.21462;1.21459;0;T;True;1
1621243697000;14153014;1.2146;1.21466;1.21463;7;T;True;1
1621243698000;14153019;1.21462;1.21468;1.21465;4;T;True;1
1621243699000;14153023;1.21462;1.21468;1.21465;3;T;True;1
1621243700000;14153024;1.21462;1.21468;1.21465;0;T;True;1
1621243701000;14153025;1.21462;1.21468;1.21465;0;T;True;1
1621243702000;14153026;1.21462;1.21468;1.21465;0;T;True;1
1621243703000;14153027;1.21462;1.21468;1.21465;0;T;True;1
1621243704000;14153032;1.21462;1.21468;1.21465;4;T;True;1
1621243705000;14153034;1.21463;1.21469;1.21466;1;T;True;1
1621243706000;14153038;1.21465;1.21471;1.21468;3;T;True;1
1621243707000;14153043;1.21466;1.21472;1.21469;4;T;True;1
1621243708000;14153044;1.21466;1.21472;1.21469;0;T;True;1
1621243709000;14153046;1.21467;1.21473;1.2147;1;T;True;1
1621243710000;14153048;1.21468;1.21474;1.21471;1;T;True;1
1621243711000;14153049;1.21468;1.21474;1.21471;0;T;True;1
1621243712000;14153051;1.21467;1.21473;1.2147;1;T;True;1
1621243713000;14153052;1.21467;1.21473;1.2147;0;T;True;1
1621243714000;14153054;1.21468;1.21474;1.21471;1;T;True;1
1621243715000;14153063;1.21472;1.21478;1.21475;8;T;True;1
1621243716000;14153064;1.21472;1.21478;1.21475;0;T;True;1
1621243717000;14153071;1.21467;1.21473;1.2147;6;T;True;1
1621243718000;14153074;1.21466;1.21472;1.21469;2;T;True;1
1621243719000;14153078;1.21464;1.2147;1.21467;3;T;True;1
1621243720000;14153082;1.21464;1.2147;1.21467;3;T;True;1
1621243721000;14153083;1.21464;1.2147;1.21467;0;T;True;1
1621243722000;14153085;1.21464;1.2147;1.21467;1;T;True;1
1621243723000;14153086;1.21464;1.2147;1.21467;0;T;True;1
1621243724000;14153089;1.21466;1.21472;1.21469;2;T;True;1
1621243725000;14153092;1.21467;1.21473;1.2147;2;T;True;1
1621243726000;14153095;1.21466;1.21472;1.21469;2;T;True;1
1621243727000;14153098;1.21468;1.21474;1.21471;2;T;True;1
1621243728000;14153100;1.21468;1.21474;1.21471;1;T;True;1
1621243729000;14153101;1.21468;1.21474;1.21471;0;T;True;1
1621243730000;14153102;1.21468;1.21474;1.21471;0;T;True;1
1621243731000;14153103;1.21468;1.21474;1.21471;0;T;True;1
1621243732000;14153104;1.21468;1.21474;1.21471;0;T;True;1
1621243733000;14153106;1.21467;1.21473;1.2147;1;T;True;1
1621243734000;14153111;1.21468;1.21474;1.21471;4;T;True;1
1621243735000;14153112;1.21468;1.21474;1.21471;0;T;True;1
1621243736000;14153113;1.21468;1.21474;1.21471;0;T;True;1
1621243737000;14153117;1.21468;1.21474;1.21471;3;T;True;1
1621243738000;14153120;1.21467;1.21473;1.2147;2;T;True;1
1621243739000;14153124;1.21467;1.21473;1.2147;3;T;True;1
1621243740000;14153126;1.21467;1.21473;1.2147;1;T;True;1
1621243741000;14153128;1.21467;1.21473;1.2147;1;T;True;1
1621243742000;14153131;1.21466;1.21472;1.21469;2;T;True;1
1621243743000;14153134;1.21464;1.2147;1.21467;2;T;True;1
1621243744000;14153136;1.21464;1.2147;1.21467;1;T;True;1
1621243745000;14153139;1.21464;1.2147;1.21467;2;T;True;1
1621243746000;14153140;1.21464;1.2147;1.21467;0;T;True;1
1621243747000;14153142;1.21465;1.21471;1.21468;1;T;True;1
1621243748000;14153143;1.21465;1.21471;1.21468;0;T;True;1
1621243749000;14153146;1.21464;1.2147;1.21467;2;T;True;1
1621243750000;14153152;1.21465;1.21471;1.21468;5;T;True;1
1621243751000;14153154;1.21465;1.21471;1.21468;1;T;True;1
1621243752000;14153156;1.21465;1.21471;1.21468;1;T;True;1
1621243753000;14153160;1.21467;1.21473;1.2147;3;T;True;1
1621243754000;14153161;1.21467;1.21473;1.2147;0;T;True;1
1621243755000;14153167;1.21468;1.21474;1.21471;5;T;True;1
1621243756000;14153169;1.21468;1.21474;1.21471;1;T;True;1
1621243757000;14153173;1.21467;1.21473;1.2147;3;T;True;1
1621243758000;14153174;1.21467;1.21473;1.2147;0;T;True;1
1621243759000;14153175;1.21467;1.21473;1.2147;0;T;True;1
1621243760000;14153176;1.21467;1.21473;1.2147;0;T;True;1
1621243761000;14153177;1.21467;1.21473;1.2147;0;T;True;1
1621243762000;14153178;1.21467;1.21473;1.2147;0;T;True;1
1621243763000;14153181;1.21467;1.21473;1.2147;2;T;True;1
1621243764000;14153182;1.21467;1.21473;1.2147;0;T;True;1
1621243765000;14153183;1.21467;1.21473;1.2147;0;T;True;1
1621243766000;14153185;1.21467;1.21473;1.2147;1;T;True;1
1621243767000;14153187;1.21468;1.21474;1.21471;1;T;True;1
1621243768000;14153189;1.21468;1.21474;1.21471;1;T;True;1
1621243769000;14153190;1.21468;1.21474;1.21471;0;T;True;1
1621243770000;14153192;1.21467;1.21473;1.2147;1;T;True;1
1621243771000;14153194;1.21468;1.21474;1.21471;1;T;True;1
1621243772000;14153195;1.21468;1.21474;1.21471;0;T;True;1
1621243773000;14153196;1.21468;1.21474;1.21471;0;T;True;1
1621243774000;14153197;1.21468;1.21474;1.21471;0;T;True;1
1621243775000;14153198;1.21468;1.21474;1.21471;0;T;True;1
1621243776000;14153199;1.21468;1.21474;1.21471;0;T;True;1
1621243777000;14153200;1.21468;1.21474;1.21471;0;T;True;1
1621243778000;14153205;1.21466;1.21472;1.21469;4;T;True;1
1621243779000;14153207;1.21466;1.21472;1.21469;1;T;True;1
1621243780000;14153208;1.21466;1.21472;1.21469;0;T;True;1
1621243781000;14153211;1.21467;1.21473;1.2147;2;T;True;1
1621243782000;14153213;1.21468;1.21474;1.21471;1;T;True;1
1621243783000;14153215;1.21469;1.21475;1.21472;1;T;True;1
1621243784000;14153216;1.21469;1.21475;1.21472;0;T;True;1
1621243785000;14153219;1.21469;1.21475;1.21472;2;T;True;1
1621243786000;14153223;1.21472;1.21478;1.21475;3;T;True;1
1621243787000;14153231;1.21475;1.21481;1.21478;7;T;True;1
1621243788000;14153234;1.21475;1.21481;1.21478;2;T;True;1
1621243789000;14153235;1.21475;1.21481;1.21478;0;T;True;1
1621243790000;14153236;1.21475;1.21481;1.21478;0;T;True;1
1621243791000;14153239;1.21478;1.21484;1.21481;2;T;True;1
1621243792000;14153242;1.2148;1.21486;1.21483;2;T;True;1
1621243793000;14153243;1.2148;1.21486;1.21483;0;T;True;1
1621243794000;14153245;1.21479;1.21485;1.21482;1;T;True;1
1621243795000;14153246;1.21479;1.21485;1.21482;0;T;True;1
1621243796000;14153247;1.21479;1.21485;1.21482;0;T;True;1
1621243797000;14153248;1.21479;1.21485;1.21482;0;T;True;1
1621243798000;14153250;1.2148;1.21486;1.21483;1;T;True;1
1621243799000;14153251;1.2148;1.21486;1.21483;0;T;True;1
1621243800000;14153252;1.2148;1.21486;1.21483;0;T;True;1
1621243801000;14153255;1.21479;1.21485;1.21482;2;T;True;1
1621243802000;14153258;1.21479;1.21485;1.21482;2;T;True;1
1621243803000;14153259;1.21479;1.21485;1.21482;0;T;True;1
1621243804000;14153261;1.2148;1.21486;1.21483;1;T;True;1
1621243805000;14153263;1.21479;1.21485;1.21482;1;T;True;1
1621243806000;14153265;1.2148;1.21486;1.21483;1;T;True;1
1621243807000;14153266;1.2148;1.21486;1.21483;0;T;True;1
1621243808000;14153267;1.2148;1.21486;1.21483;0;T;True;1
1621243809000;14153268;1.2148;1.21486;1.21483;0;T;True;1
1621243810000;14153269;1.2148;1.21486;1.21483;0;T;True;1
1621243811000;14153270;1.2148;1.21486;1.21483;0;T;True;1
1621243812000;14153272;1.21481;1.21487;1.21484;1;T;True;1
1621243813000;14153274;1.2148;1.21486;1.21483;1;T;True;1
1621243814000;14153277;1.2148;1.21486;1.21483;2;T;True;1
1621243815000;14153283;1.21484;1.2149;1.21487;5;T;True;1
1621243816000;14153284;1.21484;1.2149;1.21487;0;T;True;1
1621243817000;14153287;1.21482;1.21488;1.21485;2;T;True;1
1621243818000;14153288;1.21482;1.21488;1.21485;0;T;True;1
1621243819000;14153290;1.21481;1.21487;1.21484;1;T;True;1
1621243820000;14153296;1.21486;1.21492;1.21489;5;T;True;1
1621243821000;14153298;1.21485;1.21491;1.21488;1;T;True;1
1621243822000;14153299;1.21485;1.21491;1.21488;0;T;True;1
1621243823000;14153300;1.21485;1.21491;1.21488;0;T;True;1
1621243824000;14153305;1.21483;1.21489;1.21486;4;T;True;1
1621243825000;14153306;1.21483;1.21489;1.21486;0;T;True;1
1621243826000;14153307;1.21483;1.21489;1.21486;0;T;True;1
1621243827000;14153309;1.21482;1.21488;1.21485;1;T;True;1
1621243828000;14153310;1.21482;1.21488;1.21485;0;T;True;1
1621243829000;14153312;1.21484;1.2149;1.21487;1;T;True;1
1621243830000;14153314;1.21483;1.21489;1.21486;1;T;True;1
1621243831000;14153316;1.21484;1.2149;1.21487;1;T;True;1
1621243832000;14153320;1.21481;1.21487;1.21484;3;T;True;1
1621243833000;14153327;1.21478;1.21484;1.21481;6;T;True;1
1621243834000;14153333;1.21478;1.21484;1.21481;5;T;True;1
1621243835000;14153335;1.21478;1.21484;1.21481;1;T;True;1
1621243836000;14153337;1.21479;1.21485;1.21482;1;T;True;1
1621243837000;14153339;1.21479;1.21485;1.21482;1;T;True;1
1621243838000;14153341;1.21479;1.21485;1.21482;1;T;True;1
1621243839000;14153342;1.21479;1.21485;1.21482;0;T;True;1
1621243840000;14153343;1.21479;1.21485;1.21482;0;T;True;1
1621243841000;14153345;1.2148;1.21486;1.21483;1;T;True;1
1621243842000;14153346;1.2148;1.21486;1.21483;0;T;True;1
1621243843000;14153348;1.2148;1.21486;1.21483;1;T;True;1
1621243844000;14153349;1.2148;1.21486;1.21483;0;T;True;1
1621243845000;14153352;1.2148;1.21486;1.21483;2;T;True;1
1621243846000;14153354;1.2148;1.21486;1.21483;1;T;True;1
1621243847000;14153357;1.21484;1.2149;1.21487;2;T;True;1
1621243848000;14153363;1.21482;1.21488;1.21485;5;T;True;1
1621243849000;14153364;1.21482;1.21488;1.21485;0;T;True;1
1621243850000;14153366;1.2148;1.21486;1.21483;1;T;True;1
1621243851000;14153367;1.2148;1.21486;1.21483;0;T;True;1
1621243852000;14153371;1.2148;1.21486;1.21483;3;T;True;1
1621243853000;14153372;1.2148;1.21486;1.21483;0;T;True;1
1621243854000;14153373;1.2148;1.21486;1.21483;0;T;True;1
1621243855000;14153374;1.2148;1.21486;1.21483;0;T;True;1
1621243856000;14153376;1.2148;1.21486;1.21483;1;T;True;1
1621243857000;14153379;1.21484;1.2149;1.21487;2;T;True;1
1621243858000;14153380;1.21484;1.2149;1.21487;0;T;True;1
1621243859000;14153381;1.21484;1.2149;1.21487;0;T;True;1
1621243860000;14153382;1.21484;1.2149;1.21487;0;T;True;1
1621243861000;14153384;1.21482;1.21488;1.21485;1;T;True;1
1621243862000;14153385;1.21482;1.21488;1.21485;0;T;True;1
1621243863000;14153386;1.21482;1.21488;1.21485;0;T;True;1
1621243864000;14153387;1.21482;1.21488;1.21485;0;T;True;1
1621243865000;14153388;1.21482;1.21488;1.21485;0;T;True;1
1621243866000;14153389;1.21482;1.21488;1.21485;0;T;True;1
1621243867000;14153392;1.21484;1.2149;1.21487;2;T;True;1
1621243868000;14153393;1.21484;1.2149;1.21487;0;T;True;1
1621243869000;14153395;1.21484;1.2149;1.21487;1;T;True;1
1621243870000;14153398;1.21484;1.2149;1.21487;2;T;True;1
1621243871000;14153400;1.21484;1.2149;1.21487;1;T;True;1
1621243872000;14153401;1.21484;1.2149;1.21487;0;T;True;1
1621243873000;14153402;1.21484;1.2149;1.21487;0;T;True;1
1621243874000;14153403;1.21484;1.2149;1.21487;0;T;True;1
1621243875000;14153405;1.21484;1.2149;1.21487;1;T;True;1
1621243876000;14153407;1.21484;1.2149;1.21487;1;T;True;1
1621243877000;14153408;1.21484;1.2149;1.21487;0;T;True;1
1621243878000;14153409;1.21484;1.2149;1.21487;0;T;True;1
1621243879000;14153411;1.21484;1.2149;1.21487;1;T;True;1
1621243880000;14153413;1.21484;1.2149;1.21487;1;T;True;1
1621243881000;14153416;1.21486;1.21492;1.21489;2;T;True;1
1621243882000;14153418;1.21488;1.21494;1.21491;1;T;True;1
1621243883000;14153419;1.21488;1.21494;1.21491;0;T;True;1
1621243884000;14153422;1.21488;1.21494;1.21491;2;T;True;1
1621243885000;14153426;1.21487;1.21493;1.2149;3;T;True;1
1621243886000;14153427;1.21487;1.21493;1.2149;0;T;True;1
1621243887000;14153430;1.21488;1.21494;1.21491;2;T;True;1
1621243888000;14153433;1.21487;1.21493;1.2149;2;T;True;1
1621243889000;14153435;1.21486;1.21492;1.21489;1;T;True;1
1621243890000;14153437;1.21488;1.21494;1.21491;1;T;True;1
1621243891000;14153439;1.21487;1.21493;1.2149;1;T;True;1
1621243892000;14153442;1.21487;1.21493;1.2149;2;T;True;1
1621243893000;14153443;1.21487;1.21493;1.2149;0;T;True;1
1621243894000;14153444;1.21487;1.21493;1.2149;0;T;True;1
1621243895000;14153445;1.21487;1.21493;1.2149;0;T;True;1
1621243896000;14153447;1.21486;1.21492;1.21489;1;T;True;1
1621243897000;14153449;1.21487;1.21493;1.2149;1;T;True;1
1621243898000;14153450;1.21487;1.21493;1.2149;0;T;True;1
1621243899000;14153451;1.21487;1.21493;1.2149;0;T;True;1
1621243900000;14153453;1.21488;1.21494;1.21491;1;T;True;1
1621243901000;14153454;1.21488;1.21494;1.21491;0;T;True;1
1621243902000;14153455;1.21488;1.21494;1.21491;0;T;True;1
1621243903000;14153457;1.21488;1.21494;1.21491;1;T;True;1
1621243904000;14153458;1.21488;1.21494;1.21491;0;T;True;1
1621243905000;14153462;1.21488;1.21494;1.21491;3;T;True;1
1621243906000;14153464;1.21489;1.21495;1.21492;1;T;True;1
1621243907000;14153465;1.21489;1.21495;1.21492;0;T;True;1
1621243908000;14153466;1.21489;1.21495;1.21492;0;T;True;1
1621243909000;14153467;1.21489;1.21495;1.21492;0;T;True;1
1621243910000;14153469;1.21488;1.21494;1.21491;1;T;True;1
1621243911000;14153473;1.21486;1.21492;1.21489;3;T;True;1
1621243912000;14153474;1.21486;1.21492;1.21489;0;T;True;1
1621243913000;14153478;1.21488;1.21494;1.21491;3;T;True;1
1621243914000;14153479;1.21488;1.21494;1.21491;0;T;True;1
1621243915000;14153480;1.21488;1.21494;1.21491;0;T;True;1
1621243916000;14153481;1.21488;1.21494;1.21491;0;T;True;1
1621243917000;14153483;1.21488;1.21494;1.21491;1;T;True;1
1621243918000;14153484;1.21488;1.21494;1.21491;0;T;True;1
1621243919000;14153486;1.21488;1.21494;1.21491;1;T;True;1
1621243920000;14153487;1.21488;1.21494;1.21491;0;T;True;1
1621243921000;14153499;1.21491;1.21497;1.21494;11;T;True;1
1621243922000;14153502;1.21491;1.21497;1.21494;2;T;True;1
1621243923000;14153504;1.21491;1.21497;1.21494;1;T;True;1
1621243924000;14153512;1.21492;1.21498;1.21495;7;T;True;1
1621243925000;14153516;1.21492;1.21498;1.21495;3;T;True;1
1621243926000;14153522;1.2149;1.21496;1.21493;5;T;True;1
1621243927000;14153523;1.2149;1.21496;1.21493;0;T;True;1
1621243928000;14153524;1.2149;1.21496;1.21493;0;T;True;1
1621243929000;14153527;1.21488;1.21494;1.21491;2;T;True;1
1621243930000;14153532;1.2149;1.21496;1.21493;4;T;True;1
1621243931000;14153533;1.2149;1.21496;1.21493;0;T;True;1
1621243932000;14153534;1.2149;1.21496;1.21493;0;T;True;1
1621243933000;14153535;1.2149;1.21496;1.21493;0;T;True;1
1621243934000;14153541;1.21488;1.21494;1.21491;5;T;True;1
1621243935000;14153545;1.2149;1.21496;1.21493;3;T;True;1
1621243936000;14153547;1.21491;1.21497;1.21494;1;T;True;1
1621243937000;14153548;1.21491;1.21497;1.21494;0;T;True;1
1621243938000;14153549;1.21491;1.21497;1.21494;0;T;True;1
1621243939000;14153550;1.21491;1.21497;1.21494;0;T;True;1
1621243940000;14153551;1.21491;1.21497;1.21494;0;T;True;1
1621243941000;14153555;1.21491;1.21497;1.21494;3;T;True;1
1621243942000;14153556;1.21491;1.21497;1.21494;0;T;True;1
1621243943000;14153559;1.21492;1.21498;1.21495;2;T;True;1
1621243944000;14153561;1.21494;1.215;1.21497;1;T;True;1
1621243945000;14153562;1.21494;1.215;1.21497;0;T;True;1
1621243946000;14153564;1.21495;1.21501;1.21498;1;T;True;1
1621243947000;14153585;1.21502;1.21508;1.21505;20;T;True;1
1621243948000;14153604;1.215;1.21506;1.21503;18;T;True;1
1621243949000;14153613;1.21498;1.21504;1.21501;8;T;True;1
1621243950000;14153614;1.21498;1.21504;1.21501;0;T;True;1
1621243951000;14153620;1.215;1.21506;1.21503;5;T;True;1
1621243952000;14153626;1.215;1.21506;1.21503;5;T;True;1
1621243953000;14153629;1.215;1.21506;1.21503;2;T;True;1
1621243954000;14153632;1.215;1.21506;1.21503;2;T;True;1
1621243955000;14153635;1.215;1.21506;1.21503;2;T;True;1
1621243956000;14153636;1.215;1.21506;1.21503;0;T;True;1
1621243957000;14153637;1.215;1.21506;1.21503;0;T;True;1
1621243958000;14153643;1.215;1.21506;1.21503;5;T;True;1
1621243959000;14153645;1.215;1.21506;1.21503;1;T;True;1
1621243960000;14153647;1.215;1.21506;1.21503;1;T;True;1
1621243961000;14153648;1.215;1.21506;1.21503;0;T;True;1
1621243962000;14153650;1.215;1.21506;1.21503;1;T;True;1
1621243963000;14153652;1.215;1.21506;1.21503;1;T;True;1
1621243964000;14153653;1.215;1.21506;1.21503;0;T;True;1
1621243965000;14153654;1.215;1.21506;1.21503;0;T;True;1
1621243966000;14153655;1.215;1.21506;1.21503;0;T;True;1
1621243967000;14153657;1.215;1.21506;1.21503;1;T;True;1
1621243968000;14153658;1.215;1.21506;1.21503;0;T;True;1
1621243969000;14153659;1.215;1.21506;1.21503;0;T;True;1
1621243970000;14153661;1.215;1.21506;1.21503;1;T;True;1
1621243971000;14153663;1.215;1.21506;1.21503;1;T;True;1
1621243972000;14153664;1.215;1.21506;1.21503;0;T;True;1
1621243973000;14153665;1.215;1.21506;1.21503;0;T;True;1
1621243974000;14153666;1.215;1.21506;1.21503;0;T;True;1
1621243975000;14153672;1.21494;1.215;1.21497;5;T;True;1
1621243976000;14153676;1.21494;1.215;1.21497;3;T;True;1
1621243977000;14153681;1.21494;1.215;1.21497;4;T;True;1
1621243978000;14153686;1.21491;1.21497;1.21494;4;T;True;1
1621243979000;14153688;1.21491;1.21497;1.21494;1;T;True;1
1621243980000;14153690;1.21492;1.21498;1.21495;1;T;True;1
1621243981000;14153691;1.21492;1.21498;1.21495;0;T;True;1
1621243982000;14153692;1.21492;1.21498;1.21495;0;T;True;1
1621243983000;14153693;1.21492;1.21498;1.21495;0;T;True;1
1621243984000;14153695;1.21492;1.21498;1.21495;1;T;True;1
1621243985000;14153698;1.21492;1.21498;1.21495;2;T;True;1
1621243986000;14153700;1.21494;1.215;1.21497;1;T;True;1
1621243987000;14153701;1.21494;1.215;1.21497;0;T;True;1
1621243988000;14153702;1.21494;1.215;1.21497;0;T;True;1
1621243989000;14153705;1.21494;1.215;1.21497;2;T;True;1
1621243990000;14153707;1.21494;1.215;1.21497;1;T;True;1
1621243991000;14153708;1.21494;1.215;1.21497;0;T;True;1
1621243992000;14153710;1.21492;1.21498;1.21495;1;T;True;1
1621243993000;14153711;1.21492;1.21498;1.21495;0;T;True;1
1621243994000;14153712;1.21492;1.21498;1.21495;0;T;True;1
1621243995000;14153713;1.21492;1.21498;1.21495;0;T;True;1
1621243996000;14153714;1.21492;1.21498;1.21495;0;T;True;1
1621243997000;14153722;1.21492;1.21498;1.21495;7;T;True;1
1621243998000;14153724;1.21493;1.21499;1.21496;1;T;True;1
1621243999000;14153732;1.21492;1.21498;1.21495;7;T;True;1
1621244000000;14153735;1.21492;1.21498;1.21495;2;T;True;1
1621244001000;14153739;1.21492;1.21498;1.21495;3;T;True;1
1621244002000;14153740;1.21492;1.21498;1.21495;0;T;True;1
1621244003000;14153744;1.21492;1.21498;1.21495;3;T;True;1
1621244004000;14153753;1.21485;1.21491;1.21488;8;T;True;1
1621244005000;14153756;1.21484;1.2149;1.21487;2;T;True;1
1621244006000;14153764;1.21482;1.21488;1.21485;7;T;True;1
1621244007000;14153767;1.21479;1.21485;1.21482;2;T;True;1
1621244008000;14153769;1.21479;1.21485;1.21482;1;T;True;1
1621244009000;14153775;1.21479;1.21485;1.21482;5;T;True;1
1621244010000;14153777;1.21479;1.21485;1.21482;1;T;True;1
1621244011000;14153778;1.21479;1.21485;1.21482;0;T;True;1
1621244012000;14153779;1.21479;1.21485;1.21482;0;T;True;1
1621244013000;14153780;1.21479;1.21485;1.21482;0;T;True;1
1621244014000;14153782;1.21478;1.21484;1.21481;1;T;True;1
1621244015000;14153783;1.21478;1.21484;1.21481;0;T;True;1
1621244016000;14153785;1.21478;1.21484;1.21481;1;T;True;1
1621244017000;14153791;1.21476;1.21482;1.21479;5;T;True;1
1621244018000;14153792;1.21476;1.21482;1.21479;0;T;True;1
1621244019000;14153794;1.21476;1.21482;1.21479;1;T;True;1
1621244020000;14153796;1.21476;1.21482;1.21479;1;T;True;1
1621244021000;14153802;1.21478;1.21484;1.21481;5;T;True;1
1621244022000;14153805;1.21477;1.21483;1.2148;2;T;True;1
1621244023000;14153806;1.21477;1.21483;1.2148;0;T;True;1
1621244024000;14153810;1.21476;1.21482;1.21479;3;T;True;1
1621244025000;14153814;1.21476;1.21482;1.21479;3;T;True;1
1621244026000;14153826;1.2148;1.21486;1.21483;11;T;True;1
1621244027000;14153832;1.21484;1.2149;1.21487;5;T;True;1
1621244028000;14153837;1.21484;1.2149;1.21487;4;T;True;1
1621244029000;14153838;1.21484;1.2149;1.21487;0;T;True;1
1621244030000;14153845;1.21481;1.21487;1.21484;6;T;True;1
1621244031000;14153849;1.2148;1.21486;1.21483;3;T;True;1
1621244032000;14153854;1.21482;1.21488;1.21485;4;T;True;1
1621244033000;14153856;1.21482;1.21488;1.21485;1;T;True;1
1621244034000;14153857;1.21482;1.21488;1.21485;0;T;True;1
1621244035000;14153858;1.21482;1.21488;1.21485;0;T;True;1
1621244036000;14153861;1.21482;1.21488;1.21485;2;T;True;1
1621244037000;14153862;1.21482;1.21488;1.21485;0;T;True;1
1621244038000;14153863;1.21482;1.21488;1.21485;0;T;True;1
1621244039000;14153865;1.21482;1.21488;1.21485;1;T;True;1
1621244040000;14153866;1.21482;1.21488;1.21485;0;T;True;1
1621244041000;14153871;1.21484;1.2149;1.21487;4;T;True;1
1621244042000;14153873;1.21483;1.21489;1.21486;1;T;True;1
1621244043000;14153880;1.21482;1.21488;1.21485;6;T;True;1
1621244044000;14153881;1.21482;1.21488;1.21485;0;T;True;1
1621244045000;14153883;1.21482;1.21488;1.21485;1;T;True;1
1621244046000;14153890;1.21486;1.21492;1.21489;6;T;True;1
1621244047000;14153891;1.21486;1.21492;1.21489;0;T;True;1
1621244048000;14153894;1.21488;1.21494;1.21491;2;T;True;1
1621244049000;14153895;1.21488;1.21494;1.21491;0;T;True;1
1621244050000;14153898;1.21487;1.21493;1.2149;2;T;True;1
1621244051000;14153903;1.21484;1.2149;1.21487;4;T;True;1
1621244052000;14153904;1.21484;1.2149;1.21487;0;T;True;1
1621244053000;14153905;1.21484;1.2149;1.21487;0;T;True;1
1621244054000;14153906;1.21484;1.2149;1.21487;0;T;True;1
1621244055000;14153907;1.21484;1.2149;1.21487;0;T;True;1
1621244056000;14153908;1.21484;1.2149;1.21487;0;T;True;1
1621244057000;14153914;1.21482;1.21488;1.21485;5;T;True;1
1621244058000;14153918;1.21482;1.21488;1.21485;3;T;True;1
1621244059000;14153919;1.21482;1.21488;1.21485;0;T;True;1
1621244060000;14153920;1.21482;1.21488;1.21485;0;T;True;1
1621244061000;14153922;1.21483;1.21489;1.21486;1;T;True;1
1621244062000;14153934;1.21486;1.21492;1.21489;11;T;True;1
1621244063000;14153935;1.21486;1.21492;1.21489;0;T;True;1
1621244064000;14153936;1.21486;1.21492;1.21489;0;T;True;1
1621244065000;14153940;1.21488;1.21494;1.21491;3;T;True;1
1621244066000;14153941;1.21488;1.21494;1.21491;0;T;True;1
1621244067000;14153942;1.21488;1.21494;1.21491;0;T;True;1
1621244068000;14153943;1.21488;1.21494;1.21491;0;T;True;1
1621244069000;14153944;1.21488;1.21494;1.21491;0;T;True;1
1621244070000;14153945;1.21488;1.21494;1.21491;0;T;True;1
1621244071000;14153947;1.21486;1.21492;1.21489;1;T;True;1
1621244072000;14153948;1.21486;1.21492;1.21489;0;T;True;1
1621244073000;14153951;1.21484;1.2149;1.21487;2;T;True;1
1621244074000;14153952;1.21484;1.2149;1.21487;0;T;True;1
1621244075000;14153953;1.21484;1.2149;1.21487;0;T;True;1
1621244076000;14153954;1.21484;1.2149;1.21487;0;T;True;1
1621244077000;14153958;1.21482;1.21488;1.21485;3;T;True;1
1621244078000;14153959;1.21482;1.21488;1.21485;0;T;True;1
1621244079000;14153961;1.21482;1.21488;1.21485;1;T;True;1
1621244080000;14153965;1.21483;1.21489;1.21486;3;T;True;1
1621244081000;14153967;1.21484;1.2149;1.21487;1;T;True;1
1621244082000;14153968;1.21484;1.2149;1.21487;0;T;True;1
1621244083000;14153970;1.21485;1.21491;1.21488;1;T;True;1
1621244084000;14153973;1.21486;1.21492;1.21489;2;T;True;1
1621244085000;14153975;1.21486;1.21492;1.21489;1;T;True;1
1621244086000;14153976;1.21486;1.21492;1.21489;0;T;True;1
1621244087000;14153980;1.21487;1.21493;1.2149;3;T;True;1
1621244088000;14153981;1.21487;1.21493;1.2149;0;T;True;1
1621244089000;14153982;1.21487;1.21493;1.2149;0;T;True;1
1621244090000;14153983;1.21487;1.21493;1.2149;0;T;True;1
1621244091000;14153984;1.21487;1.21493;1.2149;0;T;True;1
1621244092000;14153985;1.21487;1.21493;1.2149;0;T;True;1
1621244093000;14153990;1.21484;1.2149;1.21487;4;T;True;1
1621244094000;14153994;1.21484;1.2149;1.21487;3;T;True;1
1621244095000;14153999;1.21482;1.21488;1.21485;4;T;True;1
1621244096000;14154001;1.21481;1.21487;1.21484;1;T;True;1
1621244097000;14154002;1.21481;1.21487;1.21484;0;T;True;1
1621244098000;14154004;1.21481;1.21487;1.21484;1;T;True;1
1621244099000;14154005;1.21481;1.21487;1.21484;0;T;True;1
1621244100000;14154009;1.21484;1.2149;1.21487;3;T;True;1
1621244101000;14154011;1.21484;1.2149;1.21487;1;T;True;1
1621244102000;14154012;1.21484;1.2149;1.21487;0;T;True;1
1621244103000;14154013;1.21484;1.2149;1.21487;0;T;True;1
1621244104000;14154018;1.21484;1.2149;1.21487;4;T;True;1
1621244105000;14154022;1.21488;1.21494;1.21491;3;T;True;1
1621244106000;14154024;1.21487;1.21493;1.2149;1;T;True;1
1621244107000;14154026;1.21486;1.21492;1.21489;1;T;True;1
1621244108000;14154028;1.21487;1.21493;1.2149;1;T;True;1
1621244109000;14154029;1.21487;1.21493;1.2149;0;T;True;1
1621244110000;14154030;1.21487;1.21493;1.2149;0;T;True;1
1621244111000;14154031;1.21487;1.21493;1.2149;0;T;True;1
1621244112000;14154034;1.21488;1.21494;1.21491;2;T;True;1
1621244113000;14154035;1.21488;1.21494;1.21491;0;T;True;1
1621244114000;14154036;1.21488;1.21494;1.21491;0;T;True;1
1621244115000;14154037;1.21488;1.21494;1.21491;0;T;True;1
1621244116000;14154038;1.21488;1.21494;1.21491;0;T;True;1
1621244117000;14154039;1.21488;1.21494;1.21491;0;T;True;1
1621244118000;14154040;1.21488;1.21494;1.21491;0;T;True;1
1621244119000;14154041;1.21488;1.21494;1.21491;0;T;True;1
1621244120000;14154042;1.21488;1.21494;1.21491;0;T;True;1
1621244121000;14154043;1.21488;1.21494;1.21491;0;T;True;1
1621244122000;14154045;1.21488;1.21494;1.21491;1;T;True;1
1621244123000;14154048;1.21487;1.21493;1.2149;2;T;True;1
1621244124000;14154049;1.21487;1.21493;1.2149;0;T;True;1
1621244125000;14154050;1.21487;1.21493;1.2149;0;T;True;1
1621244126000;14154052;1.21486;1.21492;1.21489;1;T;True;1
1621244127000;14154053;1.21486;1.21492;1.21489;0;T;True;1
1621244128000;14154054;1.21486;1.21492;1.21489;0;T;True;1
1621244129000;14154057;1.21487;1.21493;1.2149;2;T;True;1
1621244130000;14154058;1.21487;1.21493;1.2149;0;T;True;1
1621244131000;14154059;1.21487;1.21493;1.2149;0;T;True;1
1621244132000;14154066;1.2148;1.21486;1.21483;6;T;True;1
1621244133000;14154073;1.21482;1.21488;1.21485;6;T;True;1
1621244134000;14154075;1.21482;1.21488;1.21485;1;T;True;1
1621244135000;14154077;1.21482;1.21488;1.21485;1;T;True;1
1621244136000;14154079;1.21482;1.21488;1.21485;1;T;True;1
1621244137000;14154080;1.21482;1.21488;1.21485;0;T;True;1
1621244138000;14154081;1.21482;1.21488;1.21485;0;T;True;1
1621244139000;14154082;1.21482;1.21488;1.21485;0;T;True;1
1621244140000;14154083;1.21482;1.21488;1.21485;0;T;True;1
1621244141000;14154089;1.21486;1.21492;1.21489;5;T;True;1
1621244142000;14154090;1.21486;1.21492;1.21489;0;T;True;1
1621244143000;14154091;1.21486;1.21492;1.21489;0;T;True;1
1621244144000;14154092;1.21486;1.21492;1.21489;0;T;True;1
1621244145000;14154093;1.21486;1.21492;1.21489;0;T;True;1
1621244146000;14154094;1.21486;1.21492;1.21489;0;T;True;1
1621244147000;14154095;1.21486;1.21492;1.21489;0;T;True;1
1621244148000;14154096;1.21486;1.21492;1.21489;0;T;True;1
1621244149000;14154106;1.21482;1.21488;1.21485;9;T;True;1
1621244150000;14154108;1.21481;1.21487;1.21484;1;T;True;1
1621244151000;14154109;1.21481;1.21487;1.21484;0;T;True;1
1621244152000;14154110;1.21481;1.21487;1.21484;0;T;True;1
1621244153000;14154111;1.21481;1.21487;1.21484;0;T;True;1
1621244154000;14154112;1.21481;1.21487;1.21484;0;T;True;1
1621244155000;14154113;1.21481;1.21487;1.21484;0;T;True;1
1621244156000;14154117;1.2148;1.21486;1.21483;3;T;True;1
1621244157000;14154118;1.2148;1.21486;1.21483;0;T;True;1
1621244158000;14154121;1.2148;1.21486;1.21483;2;T;True;1
1621244159000;14154122;1.2148;1.21486;1.21483;0;T;True;1
1621244160000;14154123;1.2148;1.21486;1.21483;0;T;True;1
1621244161000;14154124;1.2148;1.21486;1.21483;0;T;True;1
1621244162000;14154125;1.2148;1.21486;1.21483;0;T;True;1
1621244163000;14154127;1.21481;1.21487;1.21484;1;T;True;1
1621244164000;14154132;1.21481;1.21487;1.21484;4;T;True;1
1621244165000;14154133;1.21481;1.21487;1.21484;0;T;True;1
1621244166000;14154134;1.21481;1.21487;1.21484;0;T;True;1
1621244167000;14154135;1.21481;1.21487;1.21484;0;T;True;1
1621244168000;14154136;1.21481;1.21487;1.21484;0;T;True;1
1621244169000;14154138;1.21482;1.21488;1.21485;1;T;True;1
1621244170000;14154139;1.21482;1.21488;1.21485;0;T;True;1
1621244171000;14154141;1.21482;1.21488;1.21485;1;T;True;1
1621244172000;14154142;1.21482;1.21488;1.21485;0;T;True;1
1621244173000;14154145;1.21483;1.21489;1.21486;2;T;True;1
1621244174000;14154146;1.21483;1.21489;1.21486;0;T;True;1
1621244175000;14154149;1.21484;1.2149;1.21487;2;T;True;1
1621244176000;14154150;1.21484;1.2149;1.21487;0;T;True;1
1621244177000;14154155;1.21482;1.21488;1.21485;4;T;True;1
1621244178000;14154157;1.21483;1.21489;1.21486;1;T;True;1
1621244179000;14154163;1.21479;1.21485;1.21482;5;T;True;1
1621244180000;14154165;1.21479;1.21485;1.21482;1;T;True;1
1621244181000;14154168;1.21478;1.21484;1.21481;2;T;True;1
1621244182000;14154169;1.21478;1.21484;1.21481;0;T;True;1
1621244183000;14154170;1.21478;1.21484;1.21481;0;T;True;1
1621244184000;14154172;1.21478;1.21484;1.21481;1;T;True;1
1621244185000;14154175;1.2148;1.21486;1.21483;2;T;True;1
1621244186000;14154177;1.2148;1.21486;1.21483;1;T;True;1
1621244187000;14154182;1.21483;1.21489;1.21486;4;T;True;1
1621244188000;14154187;1.21487;1.21493;1.2149;4;T;True;1
1621244189000;14154198;1.21493;1.21499;1.21496;10;T;True;1
1621244190000;14154202;1.21494;1.215;1.21497;3;T;True;1
1621244191000;14154206;1.21492;1.21498;1.21495;3;T;True;1
1621244192000;14154207;1.21492;1.21498;1.21495;0;T;True;1
1621244193000;14154210;1.21494;1.215;1.21497;2;T;True;1
1621244194000;14154211;1.21494;1.215;1.21497;0;T;True;1
1621244195000;14154213;1.21494;1.215;1.21497;1;T;True;1
1621244196000;14154215;1.21494;1.215;1.21497;1;T;True;1
1621244197000;14154216;1.21494;1.215;1.21497;0;T;True;1
1621244198000;14154222;1.2149;1.21496;1.21493;5;T;True;1
1621244199000;14154223;1.2149;1.21496;1.21493;0;T;True;1
1621244200000;14154229;1.21488;1.21494;1.21491;5;T;True;1
1621244201000;14154230;1.21488;1.21494;1.21491;0;T;True;1
1621244202000;14154232;1.21487;1.21493;1.2149;1;T;True;1
1621244203000;14154233;1.21487;1.21493;1.2149;0;T;True;1
1621244204000;14154234;1.21487;1.21493;1.2149;0;T;True;1
1621244205000;14154235;1.21487;1.21493;1.2149;0;T;True;1
1621244206000;14154236;1.21487;1.21493;1.2149;0;T;True;1
1621244207000;14154242;1.2149;1.21496;1.21493;5;T;True;1
1621244208000;14154243;1.2149;1.21496;1.21493;0;T;True;1
1621244209000;14154244;1.2149;1.21496;1.21493;0;T;True;1
1621244210000;14154246;1.2149;1.21496;1.21493;1;T;True;1
1621244211000;14154248;1.21488;1.21494;1.21491;1;T;True;1
1621244212000;14154250;1.21488;1.21494;1.21491;1;T;True;1
1621244213000;14154253;1.21488;1.21494;1.21491;2;T;True;1
1621244214000;14154255;1.21488;1.21494;1.21491;1;T;True;1
1621244215000;14154258;1.21487;1.21493;1.2149;2;T;True;1
1621244216000;14154261;1.21485;1.21491;1.21488;2;T;True;1
1621244217000;14154262;1.21485;1.21491;1.21488;0;T;True;1
1621244218000;14154263;1.21485;1.21491;1.21488;0;T;True;1
1621244219000;14154264;1.21485;1.21491;1.21488;0;T;True;1
1621244220000;14154265;1.21485;1.21491;1.21488;0;T;True;1
1621244221000;14154266;1.21485;1.21491;1.21488;0;T;True;1
1621244222000;14154267;1.21485;1.21491;1.21488;0;T;True;1
1621244223000;14154269;1.21484;1.2149;1.21487;1;T;True;1
1621244224000;14154271;1.21484;1.2149;1.21487;1;T;True;1
1621244225000;14154273;1.21484;1.2149;1.21487;1;T;True;1
1621244226000;14154276;1.21484;1.2149;1.21487;2;T;True;1
1621244227000;14154277;1.21484;1.2149;1.21487;0;T;True;1
1621244228000;14154278;1.21484;1.2149;1.21487;0;T;True;1
1621244229000;14154279;1.21484;1.2149;1.21487;0;T;True;1
1621244230000;14154280;1.21484;1.2149;1.21487;0;T;True;1
1621244231000;14154281;1.21484;1.2149;1.21487;0;T;True;1
1621244232000;14154284;1.21483;1.21489;1.21486;2;T;True;1
1621244233000;14154285;1.21483;1.21489;1.21486;0;T;True;1
1621244234000;14154288;1.21482;1.21488;1.21485;2;T;True;1
1621244235000;14154293;1.21483;1.21489;1.21486;4;T;True;1
1621244236000;14154294;1.21483;1.21489;1.21486;0;T;True;1
1621244237000;14154301;1.21482;1.21488;1.21485;6;T;True;1
1621244238000;14154302;1.21482;1.21488;1.21485;0;T;True;1
1621244239000;14154303;1.21482;1.21488;1.21485;0;T;True;1
1621244240000;14154305;1.21482;1.21488;1.21485;1;T;True;1
1621244241000;14154306;1.21482;1.21488;1.21485;0;T;True;1
1621244242000;14154308;1.21482;1.21488;1.21485;1;T;True;1
1621244243000;14154310;1.2148;1.21486;1.21483;1;T;True;1
1621244244000;14154312;1.2148;1.21486;1.21483;1;T;True;1
1621244245000;14154313;1.2148;1.21486;1.21483;0;T;True;1
1621244246000;14154316;1.21478;1.21484;1.21481;2;T;True;1
1621244247000;14154320;1.21479;1.21485;1.21482;3;T;True;1
1621244248000;14154322;1.2148;1.21486;1.21483;1;T;True;1
1621244249000;14154323;1.2148;1.21486;1.21483;0;T;True;1
1621244250000;14154324;1.2148;1.21486;1.21483;0;T;True;1
1621244251000;14154330;1.21484;1.2149;1.21487;5;T;True;1
1621244252000;14154334;1.21486;1.21492;1.21489;3;T;True;1
1621244253000;14154336;1.21486;1.21492;1.21489;1;T;True;1
1621244254000;14154340;1.21487;1.21493;1.2149;3;T;True;1
1621244255000;14154341;1.21487;1.21493;1.2149;0;T;True;1
1621244256000;14154342;1.21487;1.21493;1.2149;0;T;True;1
1621244257000;14154343;1.21487;1.21493;1.2149;0;T;True;1
1621244258000;14154344;1.21487;1.21493;1.2149;0;T;True;1
1621244259000;14154345;1.21487;1.21493;1.2149;0;T;True;1
1621244260000;14154346;1.21487;1.21493;1.2149;0;T;True;1
1621244261000;14154351;1.21485;1.21491;1.21488;4;T;True;1
1621244262000;14154355;1.21484;1.2149;1.21487;3;T;True;1
1621244263000;14154359;1.21482;1.21488;1.21485;3;T;True;1
1621244264000;14154363;1.21481;1.21487;1.21484;3;T;True;1
1621244265000;14154366;1.21481;1.21487;1.21484;2;T;True;1
1621244266000;14154374;1.21482;1.21488;1.21485;7;T;True;1
1621244267000;14154375;1.21482;1.21488;1.21485;0;T;True;1
1621244268000;14154376;1.21482;1.21488;1.21485;0;T;True;1
1621244269000;14154377;1.21482;1.21488;1.21485;0;T;True;1
1621244270000;14154378;1.21482;1.21488;1.21485;0;T;True;1
1621244271000;14154380;1.21482;1.21488;1.21485;1;T;True;1
1621244272000;14154382;1.21482;1.21488;1.21485;1;T;True;1
1621244273000;14154385;1.21482;1.21488;1.21485;2;T;True;1
1621244274000;14154391;1.21484;1.2149;1.21487;5;T;True;1
1621244275000;14154393;1.21484;1.2149;1.21487;1;T;True;1
1621244276000;14154395;1.21484;1.2149;1.21487;1;T;True;1
1621244277000;14154399;1.21482;1.21488;1.21485;3;T;True;1
1621244278000;14154401;1.21482;1.21488;1.21485;1;T;True;1
1621244279000;14154402;1.21482;1.21488;1.21485;0;T;True;1
1621244280000;14154403;1.21482;1.21488;1.21485;0;T;True;1
1621244281000;14154410;1.21484;1.2149;1.21487;6;T;True;1
1621244282000;14154412;1.21486;1.21492;1.21489;1;T;True;1
1621244283000;14154413;1.21486;1.21492;1.21489;0;T;True;1
1621244284000;14154415;1.21486;1.21492;1.21489;1;T;True;1
1621244285000;14154417;1.21486;1.21492;1.21489;1;T;True;1
1621244286000;14154418;1.21486;1.21492;1.21489;0;T;True;1
1621244287000;14154419;1.21486;1.21492;1.21489;0;T;True;1
1621244288000;14154422;1.21488;1.21494;1.21491;2;T;True;1
1621244289000;14154430;1.21492;1.21498;1.21495;7;T;True;1
1621244290000;14154432;1.21492;1.21498;1.21495;1;T;True;1
1621244291000;14154433;1.21492;1.21498;1.21495;0;T;True;1
1621244292000;14154434;1.21492;1.21498;1.21495;0;T;True;1
1621244293000;14154435;1.21492;1.21498;1.21495;0;T;True;1
1621244294000;14154437;1.21492;1.21498;1.21495;1;T;True;1
1621244295000;14154438;1.21492;1.21498;1.21495;0;T;True;1
1621244296000;14154439;1.21492;1.21498;1.21495;0;T;True;1
1621244297000;14154440;1.21492;1.21498;1.21495;0;T;True;1
1621244298000;14154441;1.21492;1.21498;1.21495;0;T;True;1
1621244299000;14154444;1.21494;1.215;1.21497;2;T;True;1
1621244300000;14154452;1.21498;1.21504;1.21501;7;T;True;1
1621244301000;14154457;1.215;1.21506;1.21503;4;T;True;1
1621244302000;14154458;1.215;1.21506;1.21503;0;T;True;1
1621244303000;14154464;1.21503;1.21509;1.21506;5;T;True;1
1621244304000;14154467;1.21502;1.21508;1.21505;2;T;True;1
1621244305000;14154472;1.21502;1.21508;1.21505;4;T;True;1
1621244306000;14154479;1.21504;1.2151;1.21507;6;T;True;1
1621244307000;14154486;1.21506;1.21512;1.21509;6;T;True;1
1621244308000;14154490;1.21507;1.21513;1.2151;3;T;True;1
1621244309000;14154492;1.21506;1.21512;1.21509;1;T;True;1
1621244310000;14154493;1.21506;1.21512;1.21509;0;T;True;1
1621244311000;14154494;1.21506;1.21512;1.21509;0;T;True;1
1621244312000;14154495;1.21506;1.21512;1.21509;0;T;True;1
1621244313000;14154496;1.21506;1.21512;1.21509;0;T;True;1
1621244314000;14154497;1.21506;1.21512;1.21509;0;T;True;1
1621244315000;14154502;1.21504;1.2151;1.21507;4;T;True;1
1621244316000;14154504;1.21505;1.21511;1.21508;1;T;True;1
1621244317000;14154505;1.21505;1.21511;1.21508;0;T;True;1
1621244318000;14154506;1.21505;1.21511;1.21508;0;T;True;1
1621244319000;14154508;1.21504;1.2151;1.21507;1;T;True;1
1621244320000;14154509;1.21504;1.2151;1.21507;0;T;True;1
1621244321000;14154510;1.21504;1.2151;1.21507;0;T;True;1
1621244322000;14154511;1.21504;1.2151;1.21507;0;T;True;1
1621244323000;14154518;1.21504;1.2151;1.21507;6;T;True;1
1621244324000;14154522;1.21506;1.21512;1.21509;3;T;True;1
1621244325000;14154524;1.21506;1.21512;1.21509;1;T;True;1
1621244326000;14154526;1.21506;1.21512;1.21509;1;T;True;1
1621244327000;14154530;1.21511;1.21517;1.21514;3;T;True;1
1621244328000;14154532;1.2151;1.21516;1.21513;1;T;True;1
1621244329000;14154534;1.2151;1.21516;1.21513;1;T;True;1
1621244330000;14154550;1.21516;1.21522;1.21519;15;T;True;1
1621244331000;14154559;1.21516;1.21522;1.21519;8;T;True;1
1621244332000;14154561;1.21516;1.21522;1.21519;1;T;True;1
1621244333000;14154563;1.21516;1.21522;1.21519;1;T;True;1
1621244334000;14154564;1.21516;1.21522;1.21519;0;T;True;1
1621244335000;14154565;1.21516;1.21522;1.21519;0;T;True;1
1621244336000;14154566;1.21516;1.21522;1.21519;0;T;True;1
1621244337000;14154567;1.21516;1.21522;1.21519;0;T;True;1
1621244338000;14154568;1.21516;1.21522;1.21519;0;T;True;1
1621244339000;14154576;1.2152;1.21526;1.21523;7;T;True;1
1621244340000;14154578;1.2152;1.21526;1.21523;1;T;True;1
1621244341000;14154585;1.21526;1.21532;1.21529;6;T;True;1
1621244342000;14154600;1.21524;1.2153;1.21527;14;T;True;1
1621244343000;14154608;1.21523;1.21529;1.21526;7;T;True;1
1621244344000;14154617;1.21521;1.21527;1.21524;8;T;True;1
1621244345000;14154629;1.21516;1.21522;1.21519;11;T;True;1
1621244346000;14154636;1.21518;1.21524;1.21521;6;T;True;1
1621244347000;14154638;1.21518;1.21524;1.21521;1;T;True;1
1621244348000;14154643;1.2152;1.21526;1.21523;4;T;True;1
1621244349000;14154648;1.2152;1.21526;1.21523;4;T;True;1
1621244350000;14154649;1.2152;1.21526;1.21523;0;T;True;1
1621244351000;14154650;1.2152;1.21526;1.21523;0;T;True;1
1621244352000;14154651;1.2152;1.21526;1.21523;0;T;True;1
1621244353000;14154654;1.2152;1.21526;1.21523;2;T;True;1
1621244354000;14154655;1.2152;1.21526;1.21523;0;T;True;1
1621244355000;14154659;1.21517;1.21523;1.2152;3;T;True;1
1621244356000;14154664;1.21518;1.21524;1.21521;4;T;True;1
1621244357000;14154670;1.21518;1.21524;1.21521;5;T;True;1
1621244358000;14154671;1.21518;1.21524;1.21521;0;T;True;1
1621244359000;14154674;1.21518;1.21524;1.21521;2;T;True;1
1621244360000;14154678;1.21521;1.21527;1.21524;3;T;True;1
1621244361000;14154679;1.21521;1.21527;1.21524;0;T;True;1
1621244362000;14154680;1.21521;1.21527;1.21524;0;T;True;1
1621244363000;14154681;1.21521;1.21527;1.21524;0;T;True;1
1621244364000;14154682;1.21521;1.21527;1.21524;0;T;True;1
1621244365000;14154686;1.21522;1.21528;1.21525;3;T;True;1
1621244366000;14154693;1.21522;1.21528;1.21525;6;T;True;1
1621244367000;14154699;1.2152;1.21526;1.21523;5;T;True;1
1621244368000;14154700;1.2152;1.21526;1.21523;0;T;True;1
1621244369000;14154703;1.2152;1.21526;1.21523;2;T;True;1
1621244370000;14154704;1.2152;1.21526;1.21523;0;T;True;1
1621244371000;14154706;1.2152;1.21526;1.21523;1;T;True;1
1621244372000;14154710;1.2152;1.21526;1.21523;3;T;True;1
1621244373000;14154712;1.21521;1.21527;1.21524;1;T;True;1
1621244374000;14154713;1.21521;1.21527;1.21524;0;T;True;1
1621244375000;14154716;1.21522;1.21528;1.21525;2;T;True;1
1621244376000;14154717;1.21522;1.21528;1.21525;0;T;True;1
1621244377000;14154727;1.2152;1.21526;1.21523;9;T;True;1
1621244378000;14154728;1.2152;1.21526;1.21523;0;T;True;1
1621244379000;14154733;1.21518;1.21524;1.21521;4;T;True;1
1621244380000;14154734;1.21518;1.21524;1.21521;0;T;True;1
1621244381000;14154736;1.21518;1.21524;1.21521;1;T;True;1
1621244382000;14154738;1.21518;1.21524;1.21521;1;T;True;1
1621244383000;14154739;1.21518;1.21524;1.21521;0;T;True;1
1621244384000;14154743;1.21516;1.21522;1.21519;3;T;True;1
1621244385000;14154747;1.21517;1.21523;1.2152;3;T;True;1
1621244386000;14154749;1.21516;1.21522;1.21519;1;T;True;1
1621244387000;14154752;1.21516;1.21522;1.21519;2;T;True;1
1621244388000;14154753;1.21516;1.21522;1.21519;0;T;True;1
1621244389000;14154755;1.21515;1.21521;1.21518;1;T;True;1
1621244390000;14154756;1.21515;1.21521;1.21518;0;T;True;1
1621244391000;14154757;1.21515;1.21521;1.21518;0;T;True;1
1621244392000;14154758;1.21515;1.21521;1.21518;0;T;True;1
1621244393000;14154762;1.21512;1.21518;1.21515;3;T;True;1
1621244394000;14154773;1.21508;1.21514;1.21511;10;T;True;1
1621244395000;14154782;1.215;1.21506;1.21503;8;T;True;1
1621244396000;14154783;1.215;1.21506;1.21503;0;T;True;1
1621244397000;14154791;1.21502;1.21508;1.21505;7;T;True;1
1621244398000;14154796;1.21502;1.21508;1.21505;4;T;True;1
1621244399000;14154798;1.21502;1.21508;1.21505;1;T;True;1
1621244400000;14154801;1.21501;1.21507;1.21504;2;T;True;1
1621244401000;14154809;1.21501;1.21507;1.21504;7;T;True;1
1621244402000;14154812;1.21501;1.21507;1.21504;2;T;True;1
1621244403000;14154816;1.21504;1.2151;1.21507;3;T;True;1
1621244404000;14154820;1.21504;1.2151;1.21507;3;T;True;1
1621244405000;14154821;1.21504;1.2151;1.21507;0;T;True;1
1621244406000;14154830;1.21502;1.21508;1.21505;8;T;True;1
1621244407000;14154832;1.21502;1.21508;1.21505;1;T;True;1
1621244408000;14154833;1.21502;1.21508;1.21505;0;T;True;1
1621244409000;14154834;1.21502;1.21508;1.21505;0;T;True;1
1621244410000;14154835;1.21502;1.21508;1.21505;0;T;True;1
1621244411000;14154839;1.21502;1.21508;1.21505;3;T;True;1
1621244412000;14154840;1.21502;1.21508;1.21505;0;T;True;1
1621244413000;14154841;1.21502;1.21508;1.21505;0;T;True;1
1621244414000;14154845;1.21504;1.2151;1.21507;3;T;True;1
1621244415000;14154847;1.21504;1.2151;1.21507;1;T;True;1
1621244416000;14154853;1.21502;1.21508;1.21505;5;T;True;1
1621244417000;14154854;1.21502;1.21508;1.21505;0;T;True;1
1621244418000;14154863;1.215;1.21506;1.21503;8;T;True;1
1621244419000;14154870;1.21502;1.21508;1.21505;6;T;True;1
1621244420000;14154874;1.21502;1.21508;1.21505;3;T;True;1
1621244421000;14154880;1.21502;1.21508;1.21505;5;T;True;1
1621244422000;14154888;1.21503;1.21509;1.21506;7;T;True;1
1621244423000;14154889;1.21503;1.21509;1.21506;0;T;True;1
1621244424000;14154895;1.21503;1.21509;1.21506;5;T;True;1
1621244425000;14154900;1.21502;1.21508;1.21505;4;T;True;1
1621244426000;14154905;1.21502;1.21508;1.21505;4;T;True;1
1621244427000;14154907;1.21502;1.21508;1.21505;1;T;True;1
1621244428000;14154915;1.21504;1.2151;1.21507;7;T;True;1
1621244429000;14154917;1.21504;1.2151;1.21507;1;T;True;1
1621244430000;14154918;1.21504;1.2151;1.21507;0;T;True;1
1621244431000;14154920;1.21504;1.2151;1.21507;1;T;True;1
1621244432000;14154925;1.21502;1.21508;1.21505;4;T;True;1
1621244433000;14154929;1.215;1.21506;1.21503;3;T;True;1
1621244434000;14154933;1.21501;1.21507;1.21504;3;T;True;1
1621244435000;14154934;1.21501;1.21507;1.21504;0;T;True;1
1621244436000;14154935;1.21501;1.21507;1.21504;0;T;True;1
1621244437000;14154936;1.21501;1.21507;1.21504;0;T;True;1
1621244438000;14154938;1.21501;1.21507;1.21504;1;T;True;1
1621244439000;14154940;1.215;1.21506;1.21503;1;T;True;1
1621244440000;14154942;1.215;1.21506;1.21503;1;T;True;1
1621244441000;14154945;1.215;1.21506;1.21503;2;T;True;1
1621244442000;14154946;1.215;1.21506;1.21503;0;T;True;1
1621244443000;14154954;1.21495;1.21501;1.21498;7;T;True;1
1621244444000;14154966;1.21499;1.21505;1.21502;11;T;True;1
1621244445000;14154969;1.21501;1.21507;1.21504;2;T;True;1
1621244446000;14154970;1.21501;1.21507;1.21504;0;T;True;1
1621244447000;14154977;1.21503;1.21509;1.21506;6;T;True;1
1621244448000;14154980;1.21504;1.2151;1.21507;2;T;True;1
1621244449000;14154987;1.21503;1.21509;1.21506;6;T;True;1
1621244450000;14154990;1.21504;1.2151;1.21507;2;T;True;1
1621244451000;14154991;1.21504;1.2151;1.21507;0;T;True;1
1621244452000;14154999;1.21507;1.21513;1.2151;7;T;True;1
1621244453000;14155000;1.21507;1.21513;1.2151;0;T;True;1
1621244454000;14155001;1.21507;1.21513;1.2151;0;T;True;1
1621244455000;14155002;1.21507;1.21513;1.2151;0;T;True;1
1621244456000;14155003;1.21507;1.21513;1.2151;0;T;True;1
1621244457000;14155004;1.21507;1.21513;1.2151;0;T;True;1
1621244458000;14155005;1.21507;1.21513;1.2151;0;T;True;1
1621244459000;14155007;1.21507;1.21513;1.2151;1;T;True;1
1621244460000;14155008;1.21507;1.21513;1.2151;0;T;True;1
1621244461000;14155013;1.21509;1.21515;1.21512;4;T;True;1
1621244462000;14155015;1.21509;1.21515;1.21512;1;T;True;1
1621244463000;14155017;1.2151;1.21516;1.21513;1;T;True;1
1621244464000;14155023;1.21508;1.21514;1.21511;5;T;True;1
1621244465000;14155024;1.21508;1.21514;1.21511;0;T;True;1
1621244466000;14155034;1.21507;1.21513;1.2151;9;T;True;1
1621244467000;14155036;1.21507;1.21513;1.2151;1;T;True;1
1621244468000;14155040;1.21508;1.21514;1.21511;3;T;True;1
1621244469000;14155043;1.21507;1.21513;1.2151;2;T;True;1
1621244470000;14155044;1.21507;1.21513;1.2151;0;T;True;1
1621244471000;14155046;1.21506;1.21512;1.21509;1;T;True;1
1621244472000;14155048;1.21506;1.21512;1.21509;1;T;True;1
1621244473000;14155049;1.21506;1.21512;1.21509;0;T;True;1
1621244474000;14155059;1.21501;1.21507;1.21504;9;T;True;1
1621244475000;14155061;1.21502;1.21508;1.21505;1;T;True;1
1621244476000;14155062;1.21502;1.21508;1.21505;0;T;True;1
1621244477000;14155063;1.21502;1.21508;1.21505;0;T;True;1
1621244478000;14155064;1.21502;1.21508;1.21505;0;T;True;1
1621244479000;14155065;1.21502;1.21508;1.21505;0;T;True;1
1621244480000;14155069;1.21503;1.21509;1.21506;3;T;True;1
1621244481000;14155071;1.21503;1.21509;1.21506;1;T;True;1
1621244482000;14155074;1.21503;1.21509;1.21506;2;T;True;1
1621244483000;14155075;1.21503;1.21509;1.21506;0;T;True;1
1621244484000;14155076;1.21503;1.21509;1.21506;0;T;True;1
1621244485000;14155081;1.21503;1.21509;1.21506;4;T;True;1
1621244486000;14155083;1.21503;1.21509;1.21506;1;T;True;1
1621244487000;14155089;1.21499;1.21505;1.21502;5;T;True;1
1621244488000;14155097;1.21494;1.215;1.21497;7;T;True;1
1621244489000;14155102;1.21496;1.21502;1.21499;4;T;True;1
1621244490000;14155107;1.21496;1.21502;1.21499;4;T;True;1
1621244491000;14155108;1.21496;1.21502;1.21499;0;T;True;1
1621244492000;14155109;1.21496;1.21502;1.21499;0;T;True;1
1621244493000;14155113;1.21496;1.21502;1.21499;3;T;True;1
1621244494000;14155122;1.21496;1.21502;1.21499;8;T;True;1
1621244495000;14155123;1.21496;1.21502;1.21499;0;T;True;1
1621244496000;14155124;1.21496;1.21502;1.21499;0;T;True;1
1621244497000;14155126;1.21496;1.21502;1.21499;1;T;True;1
1621244498000;14155129;1.21496;1.21502;1.21499;2;T;True;1
1621244499000;14155131;1.21496;1.21502;1.21499;1;T;True;1
1621244500000;14155133;1.21496;1.21502;1.21499;1;T;True;1
1621244501000;14155135;1.21496;1.21502;1.21499;1;T;True;1
1621244502000;14155137;1.21496;1.21502;1.21499;1;T;True;1
1621244503000;14155141;1.21494;1.215;1.21497;3;T;True;1
1621244504000;14155144;1.21492;1.21498;1.21495;2;T;True;1
1621244505000;14155151;1.21494;1.215;1.21497;6;T;True;1
1621244506000;14155154;1.21494;1.215;1.21497;2;T;True;1
1621244507000;14155155;1.21494;1.215;1.21497;0;T;True;1
1621244508000;14155156;1.21494;1.215;1.21497;0;T;True;1
1621244509000;14155157;1.21494;1.215;1.21497;0;T;True;1
1621244510000;14155159;1.21494;1.215;1.21497;1;T;True;1
1621244511000;14155161;1.21494;1.215;1.21497;1;T;True;1
1621244512000;14155162;1.21494;1.215;1.21497;0;T;True;1
1621244513000;14155164;1.21494;1.215;1.21497;1;T;True;1
1621244514000;14155166;1.21494;1.215;1.21497;1;T;True;1
1621244515000;14155167;1.21494;1.215;1.21497;0;T;True;1
1621244516000;14155170;1.21494;1.215;1.21497;2;T;True;1
1621244517000;14155172;1.21494;1.215;1.21497;1;T;True;1
1621244518000;14155173;1.21494;1.215;1.21497;0;T;True;1
1621244519000;14155179;1.2149;1.21496;1.21493;5;T;True;1
1621244520000;14155180;1.2149;1.21496;1.21493;0;T;True;1
1621244521000;14155184;1.2149;1.21496;1.21493;3;T;True;1
1621244522000;14155186;1.21489;1.21495;1.21492;1;T;True;1
1621244523000;14155190;1.21488;1.21494;1.21491;3;T;True;1
1621244524000;14155192;1.21488;1.21494;1.21491;1;T;True;1
1621244525000;14155202;1.21486;1.21492;1.21489;9;T;True;1
1621244526000;14155205;1.21485;1.21491;1.21488;2;T;True;1
1621244527000;14155209;1.21484;1.2149;1.21487;3;T;True;1
1621244528000;14155210;1.21484;1.2149;1.21487;0;T;True;1
1621244529000;14155211;1.21484;1.2149;1.21487;0;T;True;1
1621244530000;14155214;1.21481;1.21487;1.21484;2;T;True;1
1621244531000;14155223;1.21478;1.21484;1.21481;8;T;True;1
1621244532000;14155227;1.21478;1.21484;1.21481;3;T;True;1
1621244533000;14155229;1.21478;1.21484;1.21481;1;T;True;1
1621244534000;14155235;1.21475;1.21481;1.21478;5;T;True;1
1621244535000;14155238;1.21474;1.2148;1.21477;2;T;True;1
1621244536000;14155242;1.21474;1.2148;1.21477;3;T;True;1
1621244537000;14155245;1.21474;1.2148;1.21477;2;T;True;1
1621244538000;14155247;1.21474;1.2148;1.21477;1;T;True;1
1621244539000;14155248;1.21474;1.2148;1.21477;0;T;True;1
1621244540000;14155249;1.21474;1.2148;1.21477;0;T;True;1
1621244541000;14155250;1.21474;1.2148;1.21477;0;T;True;1
1621244542000;14155252;1.21476;1.21482;1.21479;1;T;True;1
1621244543000;14155258;1.21479;1.21485;1.21482;5;T;True;1
1621244544000;14155264;1.21483;1.21489;1.21486;5;T;True;1
1621244545000;14155269;1.21483;1.21489;1.21486;4;T;True;1
1621244546000;14155272;1.21484;1.2149;1.21487;2;T;True;1
1621244547000;14155273;1.21484;1.2149;1.21487;0;T;True;1
1621244548000;14155277;1.21484;1.2149;1.21487;3;T;True;1
1621244549000;14155280;1.21483;1.21489;1.21486;2;T;True;1
1621244550000;14155285;1.21483;1.21489;1.21486;4;T;True;1
1621244551000;14155286;1.21483;1.21489;1.21486;0;T;True;1
1621244552000;14155287;1.21483;1.21489;1.21486;0;T;True;1
1621244553000;14155288;1.21483;1.21489;1.21486;0;T;True;1
1621244554000;14155292;1.21482;1.21488;1.21485;3;T;True;1
1621244555000;14155293;1.21482;1.21488;1.21485;0;T;True;1
1621244556000;14155294;1.21482;1.21488;1.21485;0;T;True;1
1621244557000;14155295;1.21482;1.21488;1.21485;0;T;True;1
1621244558000;14155296;1.21482;1.21488;1.21485;0;T;True;1
1621244559000;14155301;1.21478;1.21484;1.21481;4;T;True;1
1621244560000;14155303;1.21479;1.21485;1.21482;1;T;True;1
1621244561000;14155305;1.2148;1.21486;1.21483;1;T;True;1
1621244562000;14155307;1.2148;1.21486;1.21483;1;T;True;1
1621244563000;14155308;1.2148;1.21486;1.21483;0;T;True;1
1621244564000;14155310;1.21478;1.21484;1.21481;1;T;True;1
1621244565000;14155311;1.21478;1.21484;1.21481;0;T;True;1
1621244566000;14155312;1.21478;1.21484;1.21481;0;T;True;1
1621244567000;14155314;1.21479;1.21485;1.21482;1;T;True;1
1621244568000;14155316;1.21479;1.21485;1.21482;1;T;True;1
1621244569000;14155318;1.21478;1.21484;1.21481;1;T;True;1
1621244570000;14155320;1.21479;1.21485;1.21482;1;T;True;1
1621244571000;14155321;1.21479;1.21485;1.21482;0;T;True;1
1621244572000;14155322;1.21479;1.21485;1.21482;0;T;True;1
1621244573000;14155323;1.21479;1.21485;1.21482;0;T;True;1
1621244574000;14155327;1.21478;1.21484;1.21481;3;T;True;1
1621244575000;14155328;1.21478;1.21484;1.21481;0;T;True;1
1621244576000;14155332;1.21478;1.21484;1.21481;3;T;True;1
1621244577000;14155333;1.21478;1.21484;1.21481;0;T;True;1
1621244578000;14155336;1.21479;1.21485;1.21482;2;T;True;1
1621244579000;14155337;1.21479;1.21485;1.21482;0;T;True;1
1621244580000;14155338;1.21479;1.21485;1.21482;0;T;True;1
1621244581000;14155339;1.21479;1.21485;1.21482;0;T;True;1
1621244582000;14155340;1.21479;1.21485;1.21482;0;T;True;1
1621244583000;14155346;1.21478;1.21484;1.21481;5;T;True;1
1621244584000;14155348;1.21478;1.21484;1.21481;1;T;True;1
1621244585000;14155349;1.21478;1.21484;1.21481;0;T;True;1
1621244586000;14155354;1.21472;1.21478;1.21475;4;T;True;1
1621244587000;14155355;1.21472;1.21478;1.21475;0;T;True;1
1621244588000;14155356;1.21472;1.21478;1.21475;0;T;True;1
1621244589000;14155364;1.21471;1.21477;1.21474;7;T;True;1
1621244590000;14155365;1.21471;1.21477;1.21474;0;T;True;1
1621244591000;14155369;1.2147;1.21476;1.21473;3;T;True;1
1621244592000;14155370;1.2147;1.21476;1.21473;0;T;True;1
1621244593000;14155371;1.2147;1.21476;1.21473;0;T;True;1
1621244594000;14155372;1.2147;1.21476;1.21473;0;T;True;1
1621244595000;14155376;1.21468;1.21474;1.21471;3;T;True;1
1621244596000;14155378;1.21468;1.21474;1.21471;1;T;True;1
1621244597000;14155379;1.21468;1.21474;1.21471;0;T;True;1
1621244598000;14155381;1.21468;1.21474;1.21471;1;T;True;1
1621244599000;14155387;1.21469;1.21475;1.21472;5;T;True;1
1621244600000;14155388;1.21469;1.21475;1.21472;0;T;True;1
1621244601000;14155391;1.2147;1.21476;1.21473;2;T;True;1
1621244602000;14155392;1.2147;1.21476;1.21473;0;T;True;1
1621244603000;14155394;1.2147;1.21476;1.21473;1;T;True;1
1621244604000;14155396;1.2147;1.21476;1.21473;1;T;True;1
1621244605000;14155400;1.2147;1.21476;1.21473;3;T;True;1
1621244606000;14155401;1.2147;1.21476;1.21473;0;T;True;1
1621244607000;14155404;1.21468;1.21474;1.21471;2;T;True;1
1621244608000;14155405;1.21468;1.21474;1.21471;0;T;True;1
1621244609000;14155406;1.21468;1.21474;1.21471;0;T;True;1
1621244610000;14155407;1.21468;1.21474;1.21471;0;T;True;1
1621244611000;14155411;1.21466;1.21472;1.21469;3;T;True;1
1621244612000;14155420;1.21467;1.21473;1.2147;8;T;True;1
1621244613000;14155422;1.21467;1.21473;1.2147;1;T;True;1
1621244614000;14155424;1.21467;1.21473;1.2147;1;T;True;1
1621244615000;14155429;1.21467;1.21473;1.2147;4;T;True;1
1621244616000;14155430;1.21467;1.21473;1.2147;0;T;True;1
1621244617000;14155434;1.21466;1.21472;1.21469;3;T;True;1
1621244618000;14155437;1.21464;1.2147;1.21467;2;T;True;1
1621244619000;14155443;1.21465;1.21471;1.21468;5;T;True;1
1621244620000;14155445;1.21465;1.21471;1.21468;1;T;True;1
1621244621000;14155447;1.21466;1.21472;1.21469;1;T;True;1
1621244622000;14155448;1.21466;1.21472;1.21469;0;T;True;1
1621244623000;14155449;1.21466;1.21472;1.21469;0;T;True;1
1621244624000;14155450;1.21466;1.21472;1.21469;0;T;True;1
1621244625000;14155451;1.21466;1.21472;1.21469;0;T;True;1
1621244626000;14155454;1.21464;1.2147;1.21467;2;T;True;1
1621244627000;14155455;1.21464;1.2147;1.21467;0;T;True;1
1621244628000;14155456;1.21464;1.2147;1.21467;0;T;True;1
1621244629000;14155457;1.21464;1.2147;1.21467;0;T;True;1
1621244630000;14155458;1.21464;1.2147;1.21467;0;T;True;1
1621244631000;14155459;1.21464;1.2147;1.21467;0;T;True;1
1621244632000;14155460;1.21464;1.2147;1.21467;0;T;True;1
1621244633000;14155463;1.21464;1.2147;1.21467;2;T;True;1
1621244634000;14155472;1.21457;1.21463;1.2146;8;T;True;1
1621244635000;14155475;1.21457;1.21463;1.2146;2;T;True;1
1621244636000;14155479;1.21458;1.21464;1.21461;3;T;True;1
1621244637000;14155482;1.21461;1.21467;1.21464;2;T;True;1
1621244638000;14155486;1.21462;1.21468;1.21465;3;T;True;1
1621244639000;14155489;1.21462;1.21468;1.21465;2;T;True;1
1621244640000;14155495;1.21462;1.21468;1.21465;5;T;True;1
1621244641000;14155502;1.21463;1.21469;1.21466;6;T;True;1
1621244642000;14155503;1.21463;1.21469;1.21466;0;T;True;1
1621244643000;14155506;1.21462;1.21468;1.21465;2;T;True;1
1621244644000;14155508;1.21462;1.21468;1.21465;1;T;True;1
1621244645000;14155510;1.21463;1.21469;1.21466;1;T;True;1
1621244646000;14155511;1.21463;1.21469;1.21466;0;T;True;1
1621244647000;14155513;1.21464;1.2147;1.21467;1;T;True;1
1621244648000;14155514;1.21464;1.2147;1.21467;0;T;True;1
1621244649000;14155518;1.21463;1.21469;1.21466;3;T;True;1
1621244650000;14155519;1.21463;1.21469;1.21466;0;T;True;1
1621244651000;14155520;1.21463;1.21469;1.21466;0;T;True;1
1621244652000;14155523;1.21466;1.21472;1.21469;2;T;True;1
1621244653000;14155528;1.21464;1.2147;1.21467;4;T;True;1
1621244654000;14155532;1.21464;1.2147;1.21467;3;T;True;1
1621244655000;14155535;1.21464;1.2147;1.21467;2;T;True;1
1621244656000;14155536;1.21464;1.2147;1.21467;0;T;True;1
1621244657000;14155538;1.21464;1.2147;1.21467;1;T;True;1
1621244658000;14155539;1.21464;1.2147;1.21467;0;T;True;1
1621244659000;14155540;1.21464;1.2147;1.21467;0;T;True;1
1621244660000;14155541;1.21464;1.2147;1.21467;0;T;True;1
1621244661000;14155542;1.21464;1.2147;1.21467;0;T;True;1
1621244662000;14155543;1.21464;1.2147;1.21467;0;T;True;1
1621244663000;14155544;1.21464;1.2147;1.21467;0;T;True;1
1621244664000;14155545;1.21464;1.2147;1.21467;0;T;True;1
1621244665000;14155546;1.21464;1.2147;1.21467;0;T;True;1
1621244666000;14155548;1.21464;1.2147;1.21467;1;T;True;1
1621244667000;14155549;1.21464;1.2147;1.21467;0;T;True;1
1621244668000;14155550;1.21464;1.2147;1.21467;0;T;True;1
1621244669000;14155551;1.21464;1.2147;1.21467;0;T;True;1
1621244670000;14155553;1.21463;1.21469;1.21466;1;T;True;1
1621244671000;14155554;1.21463;1.21469;1.21466;0;T;True;1
1621244672000;14155560;1.21464;1.2147;1.21467;5;T;True;1
1621244673000;14155565;1.21464;1.2147;1.21467;4;T;True;1
1621244674000;14155566;1.21464;1.2147;1.21467;0;T;True;1
1621244675000;14155567;1.21464;1.2147;1.21467;0;T;True;1
1621244676000;14155569;1.21463;1.21469;1.21466;1;T;True;1
1621244677000;14155570;1.21463;1.21469;1.21466;0;T;True;1
1621244678000;14155571;1.21463;1.21469;1.21466;0;T;True;1
1621244679000;14155572;1.21463;1.21469;1.21466;0;T;True;1
1621244680000;14155576;1.21463;1.21469;1.21466;3;T;True;1
1621244681000;14155580;1.21464;1.2147;1.21467;3;T;True;1
1621244682000;14155583;1.21465;1.21471;1.21468;2;T;True;1
1621244683000;14155584;1.21465;1.21471;1.21468;0;T;True;1
1621244684000;14155585;1.21465;1.21471;1.21468;0;T;True;1
1621244685000;14155588;1.21464;1.2147;1.21467;2;T;True;1
1621244686000;14155589;1.21464;1.2147;1.21467;0;T;True;1
1621244687000;14155591;1.21464;1.2147;1.21467;1;T;True;1
1621244688000;14155592;1.21464;1.2147;1.21467;0;T;True;1
1621244689000;14155593;1.21464;1.2147;1.21467;0;T;True;1
1621244690000;14155595;1.21464;1.2147;1.21467;1;T;True;1
1621244691000;14155596;1.21464;1.2147;1.21467;0;T;True;1
1621244692000;14155597;1.21464;1.2147;1.21467;0;T;True;1
1621244693000;14155598;1.21464;1.2147;1.21467;0;T;True;1
1621244694000;14155600;1.21464;1.2147;1.21467;1;T;True;1
1621244695000;14155602;1.21464;1.2147;1.21467;1;T;True;1
1621244696000;14155606;1.21468;1.21474;1.21471;3;T;True;1
1621244697000;14155607;1.21468;1.21474;1.21471;0;T;True;1
1621244698000;14155608;1.21468;1.21474;1.21471;0;T;True;1
1621244699000;14155609;1.21468;1.21474;1.21471;0;T;True;1
1621244700000;14155610;1.21468;1.21474;1.21471;0;T;True;1
1621244701000;14155615;1.2147;1.21476;1.21473;4;T;True;1
1621244702000;14155620;1.21474;1.2148;1.21477;4;T;True;1
1621244703000;14155624;1.21475;1.21481;1.21478;3;T;True;1
1621244704000;14155625;1.21475;1.21481;1.21478;0;T;True;1
1621244705000;14155628;1.21476;1.21482;1.21479;2;T;True;1
1621244706000;14155635;1.21481;1.21487;1.21484;6;T;True;1
1621244707000;14155638;1.21481;1.21487;1.21484;2;T;True;1
1621244708000;14155641;1.2148;1.21486;1.21483;2;T;True;1
1621244709000;14155650;1.21484;1.2149;1.21487;8;T;True;1
1621244710000;14155651;1.21484;1.2149;1.21487;0;T;True;1
1621244711000;14155652;1.21484;1.2149;1.21487;0;T;True;1
1621244712000;14155654;1.21484;1.2149;1.21487;1;T;True;1
1621244713000;14155658;1.21485;1.21491;1.21488;3;T;True;1
1621244714000;14155660;1.21485;1.21491;1.21488;1;T;True;1
1621244715000;14155664;1.21486;1.21492;1.21489;3;T;True;1
1621244716000;14155666;1.21486;1.21492;1.21489;1;T;True;1
1621244717000;14155667;1.21486;1.21492;1.21489;0;T;True;1
1621244718000;14155668;1.21486;1.21492;1.21489;0;T;True;1
1621244719000;14155670;1.21486;1.21492;1.21489;1;T;True;1
1621244720000;14155671;1.21486;1.21492;1.21489;0;T;True;1
1621244721000;14155672;1.21486;1.21492;1.21489;0;T;True;1
1621244722000;14155675;1.21484;1.2149;1.21487;2;T;True;1
1621244723000;14155678;1.21486;1.21492;1.21489;2;T;True;1
1621244724000;14155679;1.21486;1.21492;1.21489;0;T;True;1
1621244725000;14155680;1.21486;1.21492;1.21489;0;T;True;1
1621244726000;14155685;1.21488;1.21494;1.21491;4;T;True;1
1621244727000;14155686;1.21488;1.21494;1.21491;0;T;True;1
1621244728000;14155687;1.21488;1.21494;1.21491;0;T;True;1
1621244729000;14155688;1.21488;1.21494;1.21491;0;T;True;1
1621244730000;14155690;1.21489;1.21495;1.21492;1;T;True;1
1621244731000;14155697;1.2149;1.21496;1.21493;6;T;True;1
1621244732000;14155701;1.21493;1.21499;1.21496;3;T;True;1
1621244733000;14155705;1.21494;1.215;1.21497;3;T;True;1
1621244734000;14155706;1.21494;1.215;1.21497;0;T;True;1
1621244735000;14155707;1.21494;1.215;1.21497;0;T;True;1
1621244736000;14155710;1.21492;1.21498;1.21495;2;T;True;1
1621244737000;14155713;1.21492;1.21498;1.21495;2;T;True;1
1621244738000;14155716;1.21491;1.21497;1.21494;2;T;True;1
1621244739000;14155717;1.21491;1.21497;1.21494;0;T;True;1
1621244740000;14155719;1.21491;1.21497;1.21494;1;T;True;1
1621244741000;14155720;1.21491;1.21497;1.21494;0;T;True;1
1621244742000;14155721;1.21491;1.21497;1.21494;0;T;True;1
1621244743000;14155728;1.2149;1.21496;1.21493;6;T;True;1
1621244744000;14155731;1.2149;1.21496;1.21493;2;T;True;1
1621244745000;14155732;1.2149;1.21496;1.21493;0;T;True;1
1621244746000;14155733;1.2149;1.21496;1.21493;0;T;True;1
1621244747000;14155734;1.2149;1.21496;1.21493;0;T;True;1
1621244748000;14155742;1.21493;1.21499;1.21496;7;T;True;1
1621244749000;14155743;1.21493;1.21499;1.21496;0;T;True;1
1621244750000;14155744;1.21493;1.21499;1.21496;0;T;True;1
1621244751000;14155746;1.21493;1.21499;1.21496;1;T;True;1
1621244752000;14155748;1.21493;1.21499;1.21496;1;T;True;1
1621244753000;14155749;1.21493;1.21499;1.21496;0;T;True;1
1621244754000;14155750;1.21493;1.21499;1.21496;0;T;True;1
1621244755000;14155751;1.21493;1.21499;1.21496;0;T;True;1
1621244756000;14155753;1.21494;1.215;1.21497;1;T;True;1
1621244757000;14155763;1.21496;1.21502;1.21499;9;T;True;1
1621244758000;14155765;1.21496;1.21502;1.21499;1;T;True;1
1621244759000;14155766;1.21496;1.21502;1.21499;0;T;True;1
1621244760000;14155767;1.21496;1.21502;1.21499;0;T;True;1
1621244761000;14155769;1.21496;1.21502;1.21499;1;T;True;1
1621244762000;14155770;1.21496;1.21502;1.21499;0;T;True;1
1621244763000;14155774;1.21496;1.21502;1.21499;3;T;True;1
1621244764000;14155775;1.21496;1.21502;1.21499;0;T;True;1
1621244765000;14155776;1.21496;1.21502;1.21499;0;T;True;1
1621244766000;14155777;1.21496;1.21502;1.21499;0;T;True;1
1621244767000;14155778;1.21496;1.21502;1.21499;0;T;True;1
1621244768000;14155779;1.21496;1.21502;1.21499;0;T;True;1
1621244769000;14155780;1.21496;1.21502;1.21499;0;T;True;1
1621244770000;14155782;1.21496;1.21502;1.21499;1;T;True;1
1621244771000;14155783;1.21496;1.21502;1.21499;0;T;True;1
1621244772000;14155784;1.21496;1.21502;1.21499;0;T;True;1
1621244773000;14155789;1.21502;1.21508;1.21505;4;T;True;1
1621244774000;14155796;1.21507;1.21513;1.2151;6;T;True;1
1621244775000;14155804;1.21511;1.21517;1.21514;7;T;True;1
1621244776000;14155807;1.21511;1.21517;1.21514;2;T;True;1
1621244777000;14155812;1.21511;1.21517;1.21514;4;T;True;1
1621244778000;14155813;1.21511;1.21517;1.21514;0;T;True;1
1621244779000;14155821;1.2151;1.21516;1.21513;7;T;True;1
1621244780000;14155822;1.2151;1.21516;1.21513;0;T;True;1
1621244781000;14155831;1.21508;1.21514;1.21511;8;T;True;1
1621244782000;14155833;1.21508;1.21514;1.21511;1;T;True;1
1621244783000;14155835;1.21508;1.21514;1.21511;1;T;True;1
1621244784000;14155839;1.21507;1.21513;1.2151;3;T;True;1
1621244785000;14155842;1.21508;1.21514;1.21511;2;T;True;1
1621244786000;14155843;1.21508;1.21514;1.21511;0;T;True;1
1621244787000;14155846;1.21509;1.21515;1.21512;2;T;True;1
1621244788000;14155850;1.21511;1.21517;1.21514;3;T;True;1
1621244789000;14155851;1.21511;1.21517;1.21514;0;T;True;1
1621244790000;14155852;1.21511;1.21517;1.21514;0;T;True;1
1621244791000;14155858;1.21515;1.21521;1.21518;5;T;True;1
1621244792000;14155861;1.21517;1.21523;1.2152;2;T;True;1
1621244793000;14155867;1.2152;1.21526;1.21523;5;T;True;1
1621244794000;14155872;1.21518;1.21524;1.21521;4;T;True;1
1621244795000;14155874;1.21518;1.21524;1.21521;1;T;True;1
1621244796000;14155880;1.21516;1.21522;1.21519;5;T;True;1
1621244797000;14155881;1.21516;1.21522;1.21519;0;T;True;1
1621244798000;14155883;1.21515;1.21521;1.21518;1;T;True;1
1621244799000;14155884;1.21515;1.21521;1.21518;0;T;True;1
1621244800000;14155885;1.21515;1.21521;1.21518;0;T;True;1
1621244801000;14155887;1.21514;1.2152;1.21517;1;T;True;1
1621244802000;14155890;1.21516;1.21522;1.21519;2;T;True;1
1621244803000;14155891;1.21516;1.21522;1.21519;0;T;True;1
1621244804000;14155894;1.21516;1.21522;1.21519;2;T;True;1
1621244805000;14155902;1.21521;1.21527;1.21524;7;T;True;1
1621244806000;14155906;1.21522;1.21528;1.21525;3;T;True;1
1621244807000;14155911;1.21522;1.21528;1.21525;4;T;True;1
1621244808000;14155914;1.2152;1.21526;1.21523;2;T;True;1
1621244809000;14155918;1.21521;1.21527;1.21524;3;T;True;1
1621244810000;14155919;1.21521;1.21527;1.21524;0;T;True;1
1621244811000;14155922;1.21523;1.21529;1.21526;2;T;True;1
1621244812000;14155925;1.21522;1.21528;1.21525;2;T;True;1
1621244813000;14155926;1.21522;1.21528;1.21525;0;T;True;1
1621244814000;14155928;1.21523;1.21529;1.21526;1;T;True;1
1621244815000;14155931;1.21522;1.21528;1.21525;2;T;True;1
1621244816000;14155940;1.21525;1.21531;1.21528;8;T;True;1
1621244817000;14155941;1.21525;1.21531;1.21528;0;T;True;1
1621244818000;14155942;1.21525;1.21531;1.21528;0;T;True;1
1621244819000;14155954;1.21532;1.21538;1.21535;11;T;True;1
1621244820000;14155958;1.21532;1.21538;1.21535;3;T;True;1
1621244821000;14155964;1.21533;1.21539;1.21536;5;T;True;1
1621244822000;14155971;1.21539;1.21545;1.21542;6;T;True;1
1621244823000;14155989;1.21548;1.21554;1.21551;17;T;True;1
1621244824000;14155995;1.21545;1.21551;1.21548;5;T;True;1
1621244825000;14155997;1.21545;1.21551;1.21548;1;T;True;1
1621244826000;14156003;1.21542;1.21548;1.21545;5;T;True;1
1621244827000;14156013;1.21548;1.21554;1.21551;9;T;True;1
1621244828000;14156018;1.2155;1.21556;1.21553;4;T;True;1
1621244829000;14156025;1.2155;1.21556;1.21553;6;T;True;1
1621244830000;14156027;1.2155;1.21556;1.21553;1;T;True;1
1621244831000;14156034;1.21555;1.21561;1.21558;6;T;True;1
1621244832000;14156037;1.21556;1.21562;1.21559;2;T;True;1
1621244833000;14156050;1.21564;1.2157;1.21567;12;T;True;1
1621244834000;14156064;1.21556;1.21562;1.21559;13;T;True;1
1621244835000;14156071;1.21554;1.2156;1.21557;6;T;True;1
1621244836000;14156077;1.2156;1.21566;1.21563;5;T;True;1
1621244837000;14156081;1.21562;1.21568;1.21565;3;T;True;1
1621244838000;14156083;1.21561;1.21567;1.21564;1;T;True;1
1621244839000;14156086;1.21562;1.21568;1.21565;2;T;True;1
1621244840000;14156097;1.2157;1.21576;1.21573;10;T;True;1
1621244841000;14156099;1.2157;1.21576;1.21573;1;T;True;1
1621244842000;14156104;1.21575;1.21581;1.21578;4;T;True;1
1621244843000;14156111;1.21571;1.21577;1.21574;6;T;True;1
1621244844000;14156112;1.21571;1.21577;1.21574;0;T;True;1
1621244845000;14156114;1.21571;1.21577;1.21574;1;T;True;1
1621244846000;14156116;1.21571;1.21577;1.21574;1;T;True;1
1621244847000;14156125;1.21572;1.21578;1.21575;8;T;True;1
1621244848000;14156133;1.21577;1.21583;1.2158;7;T;True;1
1621244849000;14156135;1.21577;1.21583;1.2158;1;T;True;1
1621244850000;14156137;1.21577;1.21583;1.2158;1;T;True;1
1621244851000;14156144;1.21578;1.21584;1.21581;6;T;True;1
1621244852000;14156154;1.21582;1.21588;1.21585;9;T;True;1
1621244853000;14156160;1.2158;1.21586;1.21583;5;T;True;1
1621244854000;14156163;1.21581;1.21587;1.21584;2;T;True;1
1621244855000;14156164;1.21581;1.21587;1.21584;0;T;True;1
1621244856000;14156165;1.21581;1.21587;1.21584;0;T;True;1
1621244857000;14156169;1.2158;1.21586;1.21583;3;T;True;1
1621244858000;14156171;1.2158;1.21586;1.21583;1;T;True;1
1621244859000;14156184;1.21579;1.21585;1.21582;12;T;True;1
1621244860000;14156188;1.2158;1.21586;1.21583;3;T;True;1
1621244861000;14156196;1.2158;1.21586;1.21583;7;T;True;1
1621244862000;14156200;1.21577;1.21583;1.2158;3;T;True;1
1621244863000;14156201;1.21577;1.21583;1.2158;0;T;True;1
1621244864000;14156212;1.21583;1.21589;1.21586;10;T;True;1
1621244865000;14156213;1.21583;1.21589;1.21586;0;T;True;1
1621244866000;14156215;1.21583;1.21589;1.21586;1;T;True;1
1621244867000;14156219;1.21582;1.21588;1.21585;3;T;True;1
1621244868000;14156225;1.21585;1.21591;1.21588;5;T;True;1
1621244869000;14156229;1.21586;1.21592;1.21589;3;T;True;1
1621244870000;14156236;1.21586;1.21592;1.21589;6;T;True;1
1621244871000;14156244;1.2159;1.21596;1.21593;7;T;True;1
1621244872000;14156248;1.2159;1.21596;1.21593;3;T;True;1
1621244873000;14156251;1.21587;1.21593;1.2159;2;T;True;1
1621244874000;14156259;1.21582;1.21588;1.21585;7;T;True;1
1621244875000;14156260;1.21582;1.21588;1.21585;0;T;True;1
1621244876000;14156261;1.21582;1.21588;1.21585;0;T;True;1
1621244877000;14156263;1.21582;1.21588;1.21585;1;T;True;1
1621244878000;14156272;1.21588;1.21594;1.21591;8;T;True;1
1621244879000;14156280;1.21582;1.21588;1.21585;7;T;True;1
1621244880000;14156281;1.21582;1.21588;1.21585;0;T;True;1
1621244881000;14156282;1.21582;1.21588;1.21585;0;T;True;1
1621244882000;14156283;1.21582;1.21588;1.21585;0;T;True;1
1621244883000;14156284;1.21582;1.21588;1.21585;0;T;True;1
1621244884000;14156285;1.21582;1.21588;1.21585;0;T;True;1
1621244885000;14156286;1.21582;1.21588;1.21585;0;T;True;1
1621244886000;14156287;1.21582;1.21588;1.21585;0;T;True;1
1621244887000;14156288;1.21582;1.21588;1.21585;0;T;True;1
1621244888000;14156291;1.21581;1.21587;1.21584;2;T;True;1
1621244889000;14156292;1.21581;1.21587;1.21584;0;T;True;1
1621244890000;14156293;1.21581;1.21587;1.21584;0;T;True;1
1621244891000;14156294;1.21581;1.21587;1.21584;0;T;True;1
1621244892000;14156295;1.21581;1.21587;1.21584;0;T;True;1
1621244893000;14156296;1.21581;1.21587;1.21584;0;T;True;1
1621244894000;14156303;1.21571;1.21577;1.21574;6;T;True;1
1621244895000;14156315;1.2157;1.21576;1.21573;11;T;True;1
1621244896000;14156318;1.2157;1.21576;1.21573;2;T;True;1
1621244897000;14156324;1.21572;1.21578;1.21575;5;T;True;1
1621244898000;14156326;1.21571;1.21577;1.21574;1;T;True;1
1621244899000;14156327;1.21571;1.21577;1.21574;0;T;True;1
1621244900000;14156330;1.2157;1.21576;1.21573;2;T;True;1
1621244901000;14156331;1.2157;1.21576;1.21573;0;T;True;1
1621244902000;14156332;1.2157;1.21576;1.21573;0;T;True;1
1621244903000;14156333;1.2157;1.21576;1.21573;0;T;True;1
1621244904000;14156334;1.2157;1.21576;1.21573;0;T;True;1
1621244905000;14156336;1.21569;1.21575;1.21572;1;T;True;1
1621244906000;14156342;1.21568;1.21574;1.21571;5;T;True;1
1621244907000;14156348;1.21569;1.21575;1.21572;5;T;True;1
1621244908000;14156351;1.21569;1.21575;1.21572;2;T;True;1
1621244909000;14156363;1.21564;1.2157;1.21567;11;T;True;1
1621244910000;14156365;1.21564;1.2157;1.21567;1;T;True;1
1621244911000;14156376;1.21555;1.21561;1.21558;10;T;True;1
1621244912000;14156380;1.21553;1.21559;1.21556;3;T;True;1
1621244913000;14156381;1.21553;1.21559;1.21556;0;T;True;1
1621244914000;14156387;1.2155;1.21556;1.21553;5;T;True;1
1621244915000;14156389;1.2155;1.21556;1.21553;1;T;True;1
1621244916000;14156390;1.2155;1.21556;1.21553;0;T;True;1
1621244917000;14156391;1.2155;1.21556;1.21553;0;T;True;1
1621244918000;14156392;1.2155;1.21556;1.21553;0;T;True;1
1621244919000;14156393;1.2155;1.21556;1.21553;0;T;True;1
1621244920000;14156396;1.2155;1.21556;1.21553;2;T;True;1
1621244921000;14156397;1.2155;1.21556;1.21553;0;T;True;1
1621244922000;14156398;1.2155;1.21556;1.21553;0;T;True;1
1621244923000;14156400;1.2155;1.21556;1.21553;1;T;True;1
1621244924000;14156404;1.2155;1.21556;1.21553;3;T;True;1
1621244925000;14156409;1.21553;1.21559;1.21556;4;T;True;1
1621244926000;14156410;1.21553;1.21559;1.21556;0;T;True;1
1621244927000;14156411;1.21553;1.21559;1.21556;0;T;True;1
1621244928000;14156413;1.21552;1.21558;1.21555;1;T;True;1
1621244929000;14156415;1.21551;1.21557;1.21554;1;T;True;1
1621244930000;14156418;1.21551;1.21557;1.21554;2;T;True;1
1621244931000;14156419;1.21551;1.21557;1.21554;0;T;True;1
1621244932000;14156420;1.21551;1.21557;1.21554;0;T;True;1
1621244933000;14156421;1.21551;1.21557;1.21554;0;T;True;1
1621244934000;14156424;1.21551;1.21557;1.21554;2;T;True;1
1621244935000;14156426;1.21551;1.21557;1.21554;1;T;True;1
1621244936000;14156427;1.21551;1.21557;1.21554;0;T;True;1
1621244937000;14156430;1.21552;1.21558;1.21555;2;T;True;1
1621244938000;14156433;1.21554;1.2156;1.21557;2;T;True;1
1621244939000;14156435;1.21553;1.21559;1.21556;1;T;True;1
1621244940000;14156436;1.21553;1.21559;1.21556;0;T;True;1
1621244941000;14156438;1.21552;1.21558;1.21555;1;T;True;1
1621244942000;14156440;1.21552;1.21558;1.21555;1;T;True;1
1621244943000;14156441;1.21552;1.21558;1.21555;0;T;True;1
1621244944000;14156446;1.21547;1.21553;1.2155;4;T;True;1
1621244945000;14156450;1.21548;1.21554;1.21551;3;T;True;1
1621244946000;14156451;1.21548;1.21554;1.21551;0;T;True;1
1621244947000;14156452;1.21548;1.21554;1.21551;0;T;True;1
1621244948000;14156453;1.21548;1.21554;1.21551;0;T;True;1
1621244949000;14156455;1.21547;1.21553;1.2155;1;T;True;1
1621244950000;14156456;1.21547;1.21553;1.2155;0;T;True;1
1621244951000;14156459;1.21548;1.21554;1.21551;2;T;True;1
1621244952000;14156461;1.21548;1.21554;1.21551;1;T;True;1
1621244953000;14156470;1.21552;1.21558;1.21555;8;T;True;1
1621244954000;14156472;1.21552;1.21558;1.21555;1;T;True;1
1621244955000;14156474;1.21552;1.21558;1.21555;1;T;True;1
1621244956000;14156475;1.21552;1.21558;1.21555;0;T;True;1
1621244957000;14156476;1.21552;1.21558;1.21555;0;T;True;1
1621244958000;14156479;1.21553;1.21559;1.21556;2;T;True;1
1621244959000;14156486;1.21553;1.21559;1.21556;6;T;True;1
1621244960000;14156487;1.21553;1.21559;1.21556;0;T;True;1
1621244961000;14156488;1.21553;1.21559;1.21556;0;T;True;1
1621244962000;14156490;1.2155;1.21556;1.21553;1;T;True;1
1621244963000;14156493;1.21549;1.21555;1.21552;2;T;True;1
1621244964000;14156495;1.2155;1.21556;1.21553;1;T;True;1
1621244965000;14156496;1.2155;1.21556;1.21553;0;T;True;1
1621244966000;14156497;1.2155;1.21556;1.21553;0;T;True;1
1621244967000;14156498;1.2155;1.21556;1.21553;0;T;True;1
1621244968000;14156499;1.2155;1.21556;1.21553;0;T;True;1
1621244969000;14156502;1.21548;1.21554;1.21551;2;T;True;1
1621244970000;14156503;1.21548;1.21554;1.21551;0;T;True;1
1621244971000;14156504;1.21548;1.21554;1.21551;0;T;True;1
1621244972000;14156505;1.21548;1.21554;1.21551;0;T;True;1
1621244973000;14156507;1.21548;1.21554;1.21551;1;T;True;1
1621244974000;14156508;1.21548;1.21554;1.21551;0;T;True;1
1621244975000;14156509;1.21548;1.21554;1.21551;0;T;True;1
1621244976000;14156511;1.21546;1.21552;1.21549;1;T;True;1
1621244977000;14156512;1.21546;1.21552;1.21549;0;T;True;1
1621244978000;14156518;1.21546;1.21552;1.21549;5;T;True;1
1621244979000;14156522;1.21547;1.21553;1.2155;3;T;True;1
1621244980000;14156523;1.21547;1.21553;1.2155;0;T;True;1
1621244981000;14156526;1.21547;1.21553;1.2155;2;T;True;1
1621244982000;14156531;1.2155;1.21556;1.21553;4;T;True;1
1621244983000;14156532;1.2155;1.21556;1.21553;0;T;True;1
1621244984000;14156534;1.2155;1.21556;1.21553;1;T;True;1
1621244985000;14156535;1.2155;1.21556;1.21553;0;T;True;1
1621244986000;14156536;1.2155;1.21556;1.21553;0;T;True;1
1621244987000;14156537;1.2155;1.21556;1.21553;0;T;True;1
1621244988000;14156538;1.2155;1.21556;1.21553;0;T;True;1
1621244989000;14156539;1.2155;1.21556;1.21553;0;T;True;1
1621244990000;14156542;1.21549;1.21555;1.21552;2;T;True;1
1621244991000;14156544;1.21548;1.21554;1.21551;1;T;True;1
1621244992000;14156545;1.21548;1.21554;1.21551;0;T;True;1
1621244993000;14156548;1.21548;1.21554;1.21551;2;T;True;1
1621244994000;14156555;1.21546;1.21552;1.21549;6;T;True;1
1621244995000;14156562;1.21541;1.21547;1.21544;6;T;True;1
1621244996000;14156569;1.21541;1.21547;1.21544;6;T;True;1
1621244997000;14156574;1.2154;1.21546;1.21543;4;T;True;1
1621244998000;14156580;1.2154;1.21546;1.21543;5;T;True;1
1621244999000;14156589;1.21538;1.21544;1.21541;8;T;True;1
1621245000000;14156591;1.21538;1.21544;1.21541;1;T;True;1
1621245001000;14156595;1.21538;1.21544;1.21541;3;T;True;1
1621245002000;14156610;1.21539;1.21545;1.21542;14;T;True;1
1621245003000;14156612;1.2154;1.21546;1.21543;1;T;True;1
1621245004000;14156613;1.2154;1.21546;1.21543;0;T;True;1
1621245005000;14156617;1.21539;1.21545;1.21542;3;T;True;1
1621245006000;14156621;1.21539;1.21545;1.21542;3;T;True;1
1621245007000;14156622;1.21539;1.21545;1.21542;0;T;True;1
1621245008000;14156624;1.21539;1.21545;1.21542;1;T;True;1
1621245009000;14156625;1.21539;1.21545;1.21542;0;T;True;1
1621245010000;14156628;1.21539;1.21545;1.21542;2;T;True;1
1621245011000;14156629;1.21539;1.21545;1.21542;0;T;True;1
1621245012000;14156634;1.21539;1.21545;1.21542;4;T;True;1
1621245013000;14156635;1.21539;1.21545;1.21542;0;T;True;1
1621245014000;14156639;1.21538;1.21544;1.21541;3;T;True;1
1621245015000;14156641;1.21538;1.21544;1.21541;1;T;True;1
1621245016000;14156642;1.21538;1.21544;1.21541;0;T;True;1
1621245017000;14156644;1.21539;1.21545;1.21542;1;T;True;1
1621245018000;14156647;1.21538;1.21544;1.21541;2;T;True;1
1621245019000;14156648;1.21538;1.21544;1.21541;0;T;True;1
1621245020000;14156649;1.21538;1.21544;1.21541;0;T;True;1
1621245021000;14156661;1.21541;1.21547;1.21544;11;T;True;1
1621245022000;14156664;1.21542;1.21548;1.21545;2;T;True;1
1621245023000;14156665;1.21542;1.21548;1.21545;0;T;True;1
1621245024000;14156670;1.21544;1.2155;1.21547;4;T;True;1
1621245025000;14156675;1.21544;1.2155;1.21547;4;T;True;1
1621245026000;14156678;1.21545;1.21551;1.21548;2;T;True;1
1621245027000;14156682;1.21546;1.21552;1.21549;3;T;True;1
1621245028000;14156683;1.21546;1.21552;1.21549;0;T;True;1
1621245029000;14156686;1.21546;1.21552;1.21549;2;T;True;1
1621245030000;14156688;1.21546;1.21552;1.21549;1;T;True;1
1621245031000;14156697;1.21539;1.21545;1.21542;8;T;True;1
1621245032000;14156701;1.21539;1.21545;1.21542;3;T;True;1
1621245033000;14156703;1.21539;1.21545;1.21542;1;T;True;1
1621245034000;14156716;1.2154;1.21546;1.21543;12;T;True;1
1621245035000;14156718;1.2154;1.21546;1.21543;1;T;True;1
1621245036000;14156722;1.21537;1.21543;1.2154;3;T;True;1
1621245037000;14156723;1.21537;1.21543;1.2154;0;T;True;1
1621245038000;14156724;1.21537;1.21543;1.2154;0;T;True;1
1621245039000;14156726;1.21538;1.21544;1.21541;1;T;True;1
1621245040000;14156727;1.21538;1.21544;1.21541;0;T;True;1
1621245041000;14156728;1.21538;1.21544;1.21541;0;T;True;1
1621245042000;14156737;1.21538;1.21544;1.21541;8;T;True;1
1621245043000;14156742;1.21538;1.21544;1.21541;4;T;True;1
1621245044000;14156743;1.21538;1.21544;1.21541;0;T;True;1
1621245045000;14156747;1.21539;1.21545;1.21542;3;T;True;1
1621245046000;14156749;1.21539;1.21545;1.21542;1;T;True;1
1621245047000;14156755;1.2154;1.21546;1.21543;5;T;True;1
1621245048000;14156756;1.2154;1.21546;1.21543;0;T;True;1
1621245049000;14156762;1.21538;1.21544;1.21541;5;T;True;1
1621245050000;14156763;1.21538;1.21544;1.21541;0;T;True;1
1621245051000;14156767;1.21538;1.21544;1.21541;3;T;True;1
1621245052000;14156768;1.21538;1.21544;1.21541;0;T;True;1
1621245053000;14156769;1.21538;1.21544;1.21541;0;T;True;1
1621245054000;14156775;1.21538;1.21544;1.21541;5;T;True;1
1621245055000;14156776;1.21538;1.21544;1.21541;0;T;True;1
1621245056000;14156784;1.21537;1.21543;1.2154;7;T;True;1
1621245057000;14156791;1.2154;1.21546;1.21543;6;T;True;1
1621245058000;14156799;1.21541;1.21547;1.21544;7;T;True;1
1621245059000;14156802;1.2154;1.21546;1.21543;2;T;True;1
1621245060000;14156805;1.21541;1.21547;1.21544;2;T;True;1
1621245061000;14156807;1.21541;1.21547;1.21544;1;T;True;1
1621245062000;14156809;1.2154;1.21546;1.21543;1;T;True;1
1621245063000;14156819;1.21541;1.21547;1.21544;9;T;True;1
1621245064000;14156820;1.21541;1.21547;1.21544;0;T;True;1
1621245065000;14156824;1.2154;1.21546;1.21543;3;T;True;1
1621245066000;14156825;1.2154;1.21546;1.21543;0;T;True;1
1621245067000;14156836;1.21538;1.21544;1.21541;10;T;True;1
1621245068000;14156841;1.21536;1.21542;1.21539;4;T;True;1
1621245069000;14156842;1.21536;1.21542;1.21539;0;T;True;1
1621245070000;14156843;1.21536;1.21542;1.21539;0;T;True;1
1621245071000;14156844;1.21536;1.21542;1.21539;0;T;True;1
1621245072000;14156848;1.21534;1.2154;1.21537;3;T;True;1
1621245073000;14156852;1.21534;1.2154;1.21537;3;T;True;1
1621245074000;14156854;1.21534;1.2154;1.21537;1;T;True;1
1621245075000;14156856;1.21534;1.2154;1.21537;1;T;True;1
1621245076000;14156858;1.21534;1.2154;1.21537;1;T;True;1
1621245077000;14156861;1.21534;1.2154;1.21537;2;T;True;1
1621245078000;14156863;1.21534;1.2154;1.21537;1;T;True;1
1621245079000;14156864;1.21534;1.2154;1.21537;0;T;True;1
1621245080000;14156873;1.21528;1.21534;1.21531;8;T;True;1
1621245081000;14156885;1.21528;1.21534;1.21531;11;T;True;1
1621245082000;14156891;1.21526;1.21532;1.21529;5;T;True;1
1621245083000;14156896;1.21526;1.21532;1.21529;4;T;True;1
1621245084000;14156898;1.21526;1.21532;1.21529;1;T;True;1
1621245085000;14156902;1.21528;1.21534;1.21531;3;T;True;1
1621245086000;14156908;1.21532;1.21538;1.21535;5;T;True;1
1621245087000;14156912;1.21534;1.2154;1.21537;3;T;True;1
1621245088000;14156916;1.21534;1.2154;1.21537;3;T;True;1
1621245089000;14156917;1.21534;1.2154;1.21537;0;T;True;1
1621245090000;14156918;1.21534;1.2154;1.21537;0;T;True;1
1621245091000;14156924;1.21538;1.21544;1.21541;5;T;True;1
1621245092000;14156925;1.21538;1.21544;1.21541;0;T;True;1
1621245093000;14156928;1.21539;1.21545;1.21542;2;T;True;1
1621245094000;14156929;1.21539;1.21545;1.21542;0;T;True;1
1621245095000;14156930;1.21539;1.21545;1.21542;0;T;True;1
1621245096000;14156932;1.21539;1.21545;1.21542;1;T;True;1
1621245097000;14156934;1.21539;1.21545;1.21542;1;T;True;1
1621245098000;14156936;1.21539;1.21545;1.21542;1;T;True;1
1621245099000;14156938;1.21538;1.21544;1.21541;1;T;True;1
1621245100000;14156939;1.21538;1.21544;1.21541;0;T;True;1
1621245101000;14156940;1.21538;1.21544;1.21541;0;T;True;1
1621245102000;14156941;1.21538;1.21544;1.21541;0;T;True;1
1621245103000;14156942;1.21538;1.21544;1.21541;0;T;True;1
1621245104000;14156943;1.21538;1.21544;1.21541;0;T;True;1
1621245105000;14156945;1.21539;1.21545;1.21542;1;T;True;1
1621245106000;14156946;1.21539;1.21545;1.21542;0;T;True;1
1621245107000;14156948;1.21538;1.21544;1.21541;1;T;True;1
1621245108000;14156951;1.21538;1.21544;1.21541;2;T;True;1
1621245109000;14156952;1.21538;1.21544;1.21541;0;T;True;1
1621245110000;14156953;1.21538;1.21544;1.21541;0;T;True;1
1621245111000;14156954;1.21538;1.21544;1.21541;0;T;True;1
1621245112000;14156957;1.21538;1.21544;1.21541;2;T;True;1
1621245113000;14156958;1.21538;1.21544;1.21541;0;T;True;1
1621245114000;14156959;1.21538;1.21544;1.21541;0;T;True;1
1621245115000;14156960;1.21538;1.21544;1.21541;0;T;True;1
1621245116000;14156961;1.21538;1.21544;1.21541;0;T;True;1
1621245117000;14156964;1.21538;1.21544;1.21541;2;T;True;1
1621245118000;14156965;1.21538;1.21544;1.21541;0;T;True;1
1621245119000;14156966;1.21538;1.21544;1.21541;0;T;True;1
1621245120000;14156967;1.21538;1.21544;1.21541;0;T;True;1
1621245121000;14156968;1.21538;1.21544;1.21541;0;T;True;1
1621245122000;14156969;1.21538;1.21544;1.21541;0;T;True;1
1621245123000;14156972;1.21536;1.21542;1.21539;2;T;True;1
1621245124000;14156976;1.21534;1.2154;1.21537;3;T;True;1
1621245125000;14156979;1.21533;1.21539;1.21536;2;T;True;1
1621245126000;14156982;1.21533;1.21539;1.21536;2;T;True;1
1621245127000;14156984;1.21533;1.21539;1.21536;1;T;True;1
1621245128000;14156986;1.21533;1.21539;1.21536;1;T;True;1
1621245129000;14156987;1.21533;1.21539;1.21536;0;T;True;1
1621245130000;14156989;1.21533;1.21539;1.21536;1;T;True;1
1621245131000;14156990;1.21533;1.21539;1.21536;0;T;True;1
1621245132000;14156991;1.21533;1.21539;1.21536;0;T;True;1
1621245133000;14156994;1.21533;1.21539;1.21536;2;T;True;1
1621245134000;14157003;1.21531;1.21537;1.21534;8;T;True;1
1621245135000;14157005;1.21531;1.21537;1.21534;1;T;True;1
1621245136000;14157012;1.2153;1.21536;1.21533;6;T;True;1
1621245137000;14157018;1.2153;1.21536;1.21533;5;T;True;1
1621245138000;14157019;1.2153;1.21536;1.21533;0;T;True;1
1621245139000;14157021;1.2153;1.21536;1.21533;1;T;True;1
1621245140000;14157022;1.2153;1.21536;1.21533;0;T;True;1
1621245141000;14157027;1.21532;1.21538;1.21535;4;T;True;1
1621245142000;14157030;1.21532;1.21538;1.21535;2;T;True;1
1621245143000;14157034;1.21534;1.2154;1.21537;3;T;True;1
1621245144000;14157043;1.2153;1.21536;1.21533;8;T;True;1
1621245145000;14157044;1.2153;1.21536;1.21533;0;T;True;1
1621245146000;14157045;1.2153;1.21536;1.21533;0;T;True;1
1621245147000;14157047;1.2153;1.21536;1.21533;1;T;True;1
1621245148000;14157048;1.2153;1.21536;1.21533;0;T;True;1
1621245149000;14157050;1.2153;1.21536;1.21533;1;T;True;1
1621245150000;14157057;1.21528;1.21534;1.21531;6;T;True;1
1621245151000;14157061;1.21528;1.21534;1.21531;3;T;True;1
1621245152000;14157064;1.21528;1.21534;1.21531;2;T;True;1
1621245153000;14157067;1.21528;1.21534;1.21531;2;T;True;1
1621245154000;14157069;1.21528;1.21534;1.21531;1;T;True;1
1621245155000;14157070;1.21528;1.21534;1.21531;0;T;True;1
1621245156000;14157071;1.21528;1.21534;1.21531;0;T;True;1
1621245157000;14157073;1.21528;1.21534;1.21531;1;T;True;1
1621245158000;14157079;1.21523;1.21529;1.21526;5;T;True;1
1621245159000;14157080;1.21523;1.21529;1.21526;0;T;True;1
1621245160000;14157081;1.21523;1.21529;1.21526;0;T;True;1
1621245161000;14157082;1.21523;1.21529;1.21526;0;T;True;1
1621245162000;14157084;1.21523;1.21529;1.21526;1;T;True;1
1621245163000;14157085;1.21523;1.21529;1.21526;0;T;True;1
1621245164000;14157086;1.21523;1.21529;1.21526;0;T;True;1
1621245165000;14157087;1.21523;1.21529;1.21526;0;T;True;1
1621245166000;14157092;1.2152;1.21526;1.21523;4;T;True;1
1621245167000;14157093;1.2152;1.21526;1.21523;0;T;True;1
1621245168000;14157095;1.2152;1.21526;1.21523;1;T;True;1
1621245169000;14157096;1.2152;1.21526;1.21523;0;T;True;1
1621245170000;14157100;1.21518;1.21524;1.21521;3;T;True;1
1621245171000;14157102;1.21518;1.21524;1.21521;1;T;True;1
1621245172000;14157103;1.21518;1.21524;1.21521;0;T;True;1
1621245173000;14157107;1.21513;1.21519;1.21516;3;T;True;1
1621245174000;14157112;1.21513;1.21519;1.21516;4;T;True;1
1621245175000;14157118;1.21513;1.21519;1.21516;5;T;True;1
1621245176000;14157119;1.21513;1.21519;1.21516;0;T;True;1
1621245177000;14157122;1.21513;1.21519;1.21516;2;T;True;1
1621245178000;14157124;1.21512;1.21518;1.21515;1;T;True;1
1621245179000;14157125;1.21512;1.21518;1.21515;0;T;True;1
1621245180000;14157126;1.21512;1.21518;1.21515;0;T;True;1
1621245181000;14157130;1.21512;1.21518;1.21515;3;T;True;1
1621245182000;14157133;1.21513;1.21519;1.21516;2;T;True;1
1621245183000;14157140;1.21516;1.21522;1.21519;6;T;True;1
1621245184000;14157143;1.21518;1.21524;1.21521;2;T;True;1
1621245185000;14157150;1.2152;1.21526;1.21523;6;T;True;1
1621245186000;14157151;1.2152;1.21526;1.21523;0;T;True;1
1621245187000;14157155;1.21522;1.21528;1.21525;3;T;True;1
1621245188000;14157159;1.21521;1.21527;1.21524;3;T;True;1
1621245189000;14157165;1.2152;1.21526;1.21523;5;T;True;1
1621245190000;14157172;1.2152;1.21526;1.21523;6;T;True;1
1621245191000;14157176;1.2152;1.21526;1.21523;3;T;True;1
1621245192000;14157180;1.2152;1.21526;1.21523;3;T;True;1
1621245193000;14157182;1.2152;1.21526;1.21523;1;T;True;1
1621245194000;14157184;1.2152;1.21526;1.21523;1;T;True;1
1621245195000;14157187;1.2152;1.21526;1.21523;2;T;True;1
1621245196000;14157188;1.2152;1.21526;1.21523;0;T;True;1
1621245197000;14157189;1.2152;1.21526;1.21523;0;T;True;1
1621245198000;14157190;1.2152;1.21526;1.21523;0;T;True;1
1621245199000;14157191;1.2152;1.21526;1.21523;0;T;True;1
1621245200000;14157192;1.2152;1.21526;1.21523;0;T;True;1
1621245201000;14157193;1.2152;1.21526;1.21523;0;T;True;1
1621245202000;14157194;1.2152;1.21526;1.21523;0;T;True;1
1621245203000;14157195;1.2152;1.21526;1.21523;0;T;True;1
1621245204000;14157196;1.2152;1.21526;1.21523;0;T;True;1
1621245205000;14157197;1.2152;1.21526;1.21523;0;T;True;1
1621245206000;14157198;1.2152;1.21526;1.21523;0;T;True;1
1621245207000;14157199;1.2152;1.21526;1.21523;0;T;True;1
1621245208000;14157201;1.2152;1.21526;1.21523;1;T;True;1
1621245209000;14157202;1.2152;1.21526;1.21523;0;T;True;1
1621245210000;14157203;1.2152;1.21526;1.21523;0;T;True;1
1621245211000;14157204;1.2152;1.21526;1.21523;0;T;True;1
1621245212000;14157205;1.2152;1.21526;1.21523;0;T;True;1
1621245213000;14157206;1.2152;1.21526;1.21523;0;T;True;1
1621245214000;14157214;1.21525;1.21531;1.21528;7;T;True;1
1621245215000;14157215;1.21525;1.21531;1.21528;0;T;True;1
1621245216000;14157216;1.21525;1.21531;1.21528;0;T;True;1
1621245217000;14157217;1.21525;1.21531;1.21528;0;T;True;1
1621245218000;14157219;1.21526;1.21532;1.21529;1;T;True;1
1621245219000;14157220;1.21526;1.21532;1.21529;0;T;True;1
1621245220000;14157221;1.21526;1.21532;1.21529;0;T;True;1
1621245221000;14157222;1.21526;1.21532;1.21529;0;T;True;1
1621245222000;14157223;1.21526;1.21532;1.21529;0;T;True;1
1621245223000;14157224;1.21526;1.21532;1.21529;0;T;True;1
1621245224000;14157225;1.21526;1.21532;1.21529;0;T;True;1
1621245225000;14157226;1.21526;1.21532;1.21529;0;T;True;1
1621245226000;14157230;1.21527;1.21533;1.2153;3;T;True;1
1621245227000;14157233;1.21526;1.21532;1.21529;2;T;True;1
1621245228000;14157239;1.21526;1.21532;1.21529;5;T;True;1
1621245229000;14157240;1.21526;1.21532;1.21529;0;T;True;1
1621245230000;14157243;1.21526;1.21532;1.21529;2;T;True;1
1621245231000;14157244;1.21526;1.21532;1.21529;0;T;True;1
1621245232000;14157245;1.21526;1.21532;1.21529;0;T;True;1
1621245233000;14157247;1.21526;1.21532;1.21529;1;T;True;1
1621245234000;14157248;1.21526;1.21532;1.21529;0;T;True;1
1621245235000;14157249;1.21526;1.21532;1.21529;0;T;True;1
1621245236000;14157250;1.21526;1.21532;1.21529;0;T;True;1
1621245237000;14157251;1.21526;1.21532;1.21529;0;T;True;1
1621245238000;14157252;1.21526;1.21532;1.21529;0;T;True;1
1621245239000;14157258;1.21528;1.21534;1.21531;5;T;True;1
1621245240000;14157262;1.21528;1.21534;1.21531;3;T;True;1
1621245241000;14157263;1.21528;1.21534;1.21531;0;T;True;1
1621245242000;14157265;1.21528;1.21534;1.21531;1;T;True;1
1621245243000;14157275;1.21531;1.21537;1.21534;9;T;True;1
1621245244000;14157279;1.21531;1.21537;1.21534;3;T;True;1
1621245245000;14157281;1.21531;1.21537;1.21534;1;T;True;1
1621245246000;14157288;1.21531;1.21537;1.21534;6;T;True;1
1621245247000;14157289;1.21531;1.21537;1.21534;0;T;True;1
1621245248000;14157290;1.21531;1.21537;1.21534;0;T;True;1
1621245249000;14157292;1.21531;1.21537;1.21534;1;T;True;1
1621245250000;14157293;1.21531;1.21537;1.21534;0;T;True;1
1621245251000;14157296;1.21531;1.21537;1.21534;2;T;True;1
1621245252000;14157299;1.21531;1.21537;1.21534;2;T;True;1
1621245253000;14157309;1.21534;1.2154;1.21537;9;T;True;1
1621245254000;14157310;1.21534;1.2154;1.21537;0;T;True;1
1621245255000;14157311;1.21534;1.2154;1.21537;0;T;True;1
1621245256000;14157313;1.21534;1.2154;1.21537;1;T;True;1
1621245257000;14157314;1.21534;1.2154;1.21537;0;T;True;1
1621245258000;14157316;1.21533;1.21539;1.21536;1;T;True;1
1621245259000;14157318;1.21533;1.21539;1.21536;1;T;True;1
1621245260000;14157321;1.21534;1.2154;1.21537;2;T;True;1
1621245261000;14157324;1.21535;1.21541;1.21538;2;T;True;1
1621245262000;14157325;1.21535;1.21541;1.21538;0;T;True;1
1621245263000;14157326;1.21535;1.21541;1.21538;0;T;True;1
1621245264000;14157330;1.21536;1.21542;1.21539;3;T;True;1
1621245265000;14157335;1.21538;1.21544;1.21541;4;T;True;1
1621245266000;14157341;1.2154;1.21546;1.21543;5;T;True;1
1621245267000;14157345;1.2154;1.21546;1.21543;3;T;True;1
1621245268000;14157346;1.2154;1.21546;1.21543;0;T;True;1
1621245269000;14157349;1.21542;1.21548;1.21545;2;T;True;1
1621245270000;14157351;1.21542;1.21548;1.21545;1;T;True;1
1621245271000;14157357;1.21548;1.21554;1.21551;5;T;True;1
1621245272000;14157360;1.21547;1.21553;1.2155;2;T;True;1
1621245273000;14157362;1.21547;1.21553;1.2155;1;T;True;1
1621245274000;14157364;1.21546;1.21552;1.21549;1;T;True;1
1621245275000;14157365;1.21546;1.21552;1.21549;0;T;True;1
1621245276000;14157366;1.21546;1.21552;1.21549;0;T;True;1
1621245277000;14157369;1.21548;1.21554;1.21551;2;T;True;1
1621245278000;14157371;1.21548;1.21554;1.21551;1;T;True;1
1621245279000;14157377;1.21545;1.21551;1.21548;5;T;True;1
1621245280000;14157379;1.21545;1.21551;1.21548;1;T;True;1
1621245281000;14157380;1.21545;1.21551;1.21548;0;T;True;1
1621245282000;14157383;1.21544;1.2155;1.21547;2;T;True;1
1621245283000;14157384;1.21544;1.2155;1.21547;0;T;True;1
1621245284000;14157388;1.21546;1.21552;1.21549;3;T;True;1
1621245285000;14157392;1.21545;1.21551;1.21548;3;T;True;1
1621245286000;14157393;1.21545;1.21551;1.21548;0;T;True;1
1621245287000;14157396;1.21544;1.2155;1.21547;2;T;True;1
1621245288000;14157397;1.21544;1.2155;1.21547;0;T;True;1
1621245289000;14157401;1.21542;1.21548;1.21545;3;T;True;1
1621245290000;14157402;1.21542;1.21548;1.21545;0;T;True;1
1621245291000;14157404;1.21541;1.21547;1.21544;1;T;True;1
1621245292000;14157409;1.21547;1.21553;1.2155;4;T;True;1
1621245293000;14157412;1.21549;1.21555;1.21552;2;T;True;1
1621245294000;14157414;1.21549;1.21555;1.21552;1;T;True;1
1621245295000;14157415;1.21549;1.21555;1.21552;0;T;True;1
1621245296000;14157416;1.21549;1.21555;1.21552;0;T;True;1
1621245297000;14157424;1.21552;1.21558;1.21555;7;T;True;1
1621245298000;14157425;1.21552;1.21558;1.21555;0;T;True;1
1621245299000;14157426;1.21552;1.21558;1.21555;0;T;True;1
1621245300000;14157427;1.21552;1.21558;1.21555;0;T;True;1
1621245301000;14157431;1.21552;1.21558;1.21555;3;T;True;1
1621245302000;14157434;1.21554;1.2156;1.21557;2;T;True;1
1621245303000;14157437;1.21555;1.21561;1.21558;2;T;True;1
1621245304000;14157439;1.21556;1.21562;1.21559;1;T;True;1
1621245305000;14157440;1.21556;1.21562;1.21559;0;T;True;1
1621245306000;14157441;1.21556;1.21562;1.21559;0;T;True;1
1621245307000;14157442;1.21556;1.21562;1.21559;0;T;True;1
1621245308000;14157443;1.21556;1.21562;1.21559;0;T;True;1
1621245309000;14157444;1.21556;1.21562;1.21559;0;T;True;1
1621245310000;14157445;1.21556;1.21562;1.21559;0;T;True;1
1621245311000;14157452;1.21552;1.21558;1.21555;6;T;True;1
1621245312000;14157454;1.21552;1.21558;1.21555;1;T;True;1
1621245313000;14157457;1.21551;1.21557;1.21554;2;T;True;1
1621245314000;14157459;1.2155;1.21556;1.21553;1;T;True;1
1621245315000;14157460;1.2155;1.21556;1.21553;0;T;True;1
1621245316000;14157468;1.21554;1.2156;1.21557;7;T;True;1
1621245317000;14157471;1.21554;1.2156;1.21557;2;T;True;1
1621245318000;14157473;1.21554;1.2156;1.21557;1;T;True;1
1621245319000;14157475;1.21554;1.2156;1.21557;1;T;True;1
1621245320000;14157476;1.21554;1.2156;1.21557;0;T;True;1
1621245321000;14157479;1.21556;1.21562;1.21559;2;T;True;1
1621245322000;14157483;1.21554;1.2156;1.21557;3;T;True;1
1621245323000;14157489;1.21552;1.21558;1.21555;5;T;True;1
1621245324000;14157494;1.21553;1.21559;1.21556;4;T;True;1
1621245325000;14157497;1.21554;1.2156;1.21557;2;T;True;1
1621245326000;14157499;1.21554;1.2156;1.21557;1;T;True;1
1621245327000;14157504;1.21552;1.21558;1.21555;4;T;True;1
1621245328000;14157505;1.21552;1.21558;1.21555;0;T;True;1
1621245329000;14157507;1.21552;1.21558;1.21555;1;T;True;1
1621245330000;14157509;1.21552;1.21558;1.21555;1;T;True;1
1621245331000;14157511;1.21552;1.21558;1.21555;1;T;True;1
1621245332000;14157514;1.21552;1.21558;1.21555;2;T;True;1
1621245333000;14157517;1.21553;1.21559;1.21556;2;T;True;1
1621245334000;14157519;1.21553;1.21559;1.21556;1;T;True;1
1621245335000;14157522;1.21551;1.21557;1.21554;2;T;True;1
1621245336000;14157523;1.21551;1.21557;1.21554;0;T;True;1
1621245337000;14157526;1.21551;1.21557;1.21554;2;T;True;1
1621245338000;14157528;1.21551;1.21557;1.21554;1;T;True;1
1621245339000;14157530;1.2155;1.21556;1.21553;1;T;True;1
1621245340000;14157534;1.21552;1.21558;1.21555;3;T;True;1
1621245341000;14157535;1.21552;1.21558;1.21555;0;T;True;1
1621245342000;14157537;1.21552;1.21558;1.21555;1;T;True;1
1621245343000;14157538;1.21552;1.21558;1.21555;0;T;True;1
1621245344000;14157541;1.21552;1.21558;1.21555;2;T;True;1
1621245345000;14157542;1.21552;1.21558;1.21555;0;T;True;1
1621245346000;14157544;1.21551;1.21557;1.21554;1;T;True;1
1621245347000;14157547;1.21551;1.21557;1.21554;2;T;True;1
1621245348000;14157550;1.21553;1.21559;1.21556;2;T;True;1
1621245349000;14157551;1.21553;1.21559;1.21556;0;T;True;1
1621245350000;14157553;1.21553;1.21559;1.21556;1;T;True;1
1621245351000;14157558;1.21553;1.21559;1.21556;4;T;True;1
1621245352000;14157560;1.21554;1.2156;1.21557;1;T;True;1
1621245353000;14157561;1.21554;1.2156;1.21557;0;T;True;1
1621245354000;14157563;1.21554;1.2156;1.21557;1;T;True;1
1621245355000;14157565;1.21553;1.21559;1.21556;1;T;True;1
1621245356000;14157569;1.21552;1.21558;1.21555;3;T;True;1
1621245357000;14157570;1.21552;1.21558;1.21555;0;T;True;1
1621245358000;14157574;1.21552;1.21558;1.21555;3;T;True;1
1621245359000;14157576;1.21553;1.21559;1.21556;1;T;True;1
1621245360000;14157578;1.21554;1.2156;1.21557;1;T;True;1
1621245361000;14157587;1.21552;1.21558;1.21555;8;T;True;1
1621245362000;14157594;1.2155;1.21556;1.21553;6;T;True;1
1621245363000;14157595;1.2155;1.21556;1.21553;0;T;True;1
1621245364000;14157598;1.2155;1.21556;1.21553;2;T;True;1
1621245365000;14157606;1.21554;1.2156;1.21557;7;T;True;1
1621245366000;14157617;1.21558;1.21564;1.21561;10;T;True;1
1621245367000;14157618;1.21558;1.21564;1.21561;0;T;True;1
1621245368000;14157624;1.21554;1.2156;1.21557;5;T;True;1
1621245369000;14157626;1.21554;1.2156;1.21557;1;T;True;1
1621245370000;14157628;1.21554;1.2156;1.21557;1;T;True;1
1621245371000;14157630;1.21554;1.2156;1.21557;1;T;True;1
1621245372000;14157635;1.21553;1.21559;1.21556;4;T;True;1
1621245373000;14157636;1.21553;1.21559;1.21556;0;T;True;1
1621245374000;14157638;1.21554;1.2156;1.21557;1;T;True;1
1621245375000;14157644;1.21555;1.21561;1.21558;5;T;True;1
1621245376000;14157647;1.21556;1.21562;1.21559;2;T;True;1
1621245377000;14157652;1.21553;1.21559;1.21556;4;T;True;1
1621245378000;14157653;1.21553;1.21559;1.21556;0;T;True;1
1621245379000;14157656;1.21552;1.21558;1.21555;2;T;True;1
1621245380000;14157659;1.21553;1.21559;1.21556;2;T;True;1
1621245381000;14157660;1.21553;1.21559;1.21556;0;T;True;1
1621245382000;14157661;1.21553;1.21559;1.21556;0;T;True;1
1621245383000;14157662;1.21553;1.21559;1.21556;0;T;True;1
1621245384000;14157666;1.21553;1.21559;1.21556;3;T;True;1
1621245385000;14157671;1.21552;1.21558;1.21555;4;T;True;1
1621245386000;14157673;1.21552;1.21558;1.21555;1;T;True;1
1621245387000;14157674;1.21552;1.21558;1.21555;0;T;True;1
1621245388000;14157677;1.2155;1.21556;1.21553;2;T;True;1
1621245389000;14157681;1.21551;1.21557;1.21554;3;T;True;1
1621245390000;14157682;1.21551;1.21557;1.21554;0;T;True;1
1621245391000;14157683;1.21551;1.21557;1.21554;0;T;True;1
1621245392000;14157685;1.21551;1.21557;1.21554;1;T;True;1
1621245393000;14157688;1.21551;1.21557;1.21554;2;T;True;1
1621245394000;14157695;1.21554;1.2156;1.21557;6;T;True;1
1621245395000;14157700;1.21556;1.21562;1.21559;4;T;True;1
1621245396000;14157707;1.21558;1.21564;1.21561;6;T;True;1
