ts;n;bid;ask;value;volume;phase;round;active_id
1621247262000;14162622;1.21656;1.21662;1.21659;0;T;True;1
1621247263000;14162624;1.21655;1.21661;1.21658;1;T;True;1
1621247264000;14162625;1.21655;1.21661;1.21658;0;T;True;1
1621247265000;14162626;1.21655;1.21661;1.21658;0;T;True;1
1621247266000;14162627;1.21655;1.21661;1.21658;0;T;True;1
1621247267000;14162633;1.21652;1.21658;1.21655;5;T;True;1
1621247268000;14162634;1.21652;1.21658;1.21655;0;T;True;1
1621247269000;14162636;1.21654;1.2166;1.21657;1;T;True;1
1621247270000;14162637;1.21654;1.2166;1.21657;0;T;True;1
1621247271000;14162639;1.21653;1.21659;1.21656;1;T;True;1
1621247272000;14162640;1.21653;1.21659;1.21656;0;T;True;1
1621247273000;14162641;1.21653;1.21659;1.21656;0;T;True;1
1621247274000;14162642;1.21653;1.21659;1.21656;0;T;True;1
1621247275000;14162645;1.21653;1.21659;1.21656;2;T;True;1
1621247276000;14162648;1.21656;1.21662;1.21659;2;T;True;1
1621247277000;14162649;1.21656;1.21662;1.21659;0;T;True;1
1621247278000;14162652;1.21654;1.2166;1.21657;2;T;True;1
1621247279000;14162654;1.21654;1.2166;1.21657;1;T;True;1
1621247280000;14162657;1.21654;1.2166;1.21657;2;T;True;1
1621247281000;14162659;1.21654;1.2166;1.21657;1;T;True;1
1621247282000;14162660;1.21654;1.2166;1.21657;0;T;True;1
1621247283000;14162661;1.21654;1.2166;1.21657;0;T;True;1
1621247284000;14162667;1.2165;1.21656;1.21653;5;T;True;1
1621247285000;14162668;1.2165;1.21656;1.21653;0;T;True;1
1621247286000;14162671;1.21648;1.21654;1.21651;2;T;True;1
1621247287000;14162677;1.21645;1.21651;1.21648;5;T;True;1
1621247288000;14162678;1.21645;1.21651;1.21648;0;T;True;1
1621247289000;14162679;1.21645;1.21651;1.21648;0;T;True;1
1621247290000;14162683;1.21648;1.21654;1.21651;3;T;True;1
1621247291000;14162684;1.21648;1.21654;1.21651;0;T;True;1
1621247292000;14162685;1.21648;1.21654;1.21651;0;T;True;1
1621247293000;14162687;1.21647;1.21653;1.2165;1;T;True;1
1621247294000;14162690;1.21648;1.21654;1.21651;2;T;True;1
1621247295000;14162691;1.21648;1.21654;1.21651;0;T;True;1
1621247296000;14162692;1.21648;1.21654;1.21651;0;T;True;1
1621247297000;14162693;1.21648;1.21654;1.21651;0;T;True;1
1621247298000;14162694;1.21648;1.21654;1.21651;0;T;True;1
1621247299000;14162697;1.21648;1.21654;1.21651;2;T;True;1
1621247300000;14162703;1.21649;1.21655;1.21652;5;T;True;1
1621247301000;14162709;1.21646;1.21652;1.21649;5;T;True;1
1621247302000;14162710;1.21646;1.21652;1.21649;0;T;True;1
1621247303000;14162714;1.21646;1.21652;1.21649;3;T;True;1
1621247304000;14162715;1.21646;1.21652;1.21649;0;T;True;1
1621247305000;14162717;1.21646;1.21652;1.21649;1;T;True;1
1621247306000;14162719;1.21645;1.21651;1.21648;1;T;True;1
1621247307000;14162720;1.21645;1.21651;1.21648;0;T;True;1
1621247308000;14162721;1.21645;1.21651;1.21648;0;T;True;1
1621247309000;14162722;1.21645;1.21651;1.21648;0;T;True;1
1621247310000;14162723;1.21645;1.21651;1.21648;0;T;True;1
1621247311000;14162724;1.21645;1.21651;1.21648;0;T;True;1
1621247312000;14162725;1.21645;1.21651;1.21648;0;T;True;1
1621247313000;14162726;1.21645;1.21651;1.21648;0;T;True;1
1621247314000;14162727;1.21645;1.21651;1.21648;0;T;True;1
1621247315000;14162728;1.21645;1.21651;1.21648;0;T;True;1
1621247316000;14162729;1.21645;1.21651;1.21648;0;T;True;1
1621247317000;14162730;1.21645;1.21651;1.21648;0;T;True;1
1621247318000;14162732;1.21644;1.2165;1.21647;1;T;True;1
1621247319000;14162735;1.21644;1.2165;1.21647;2;T;True;1
1621247320000;14162736;1.21644;1.2165;1.21647;0;T;True;1
1621247321000;14162740;1.21646;1.21652;1.21649;3;T;True;1
1621247322000;14162741;1.21646;1.21652;1.21649;0;T;True;1
1621247323000;14162742;1.21646;1.21652;1.21649;0;T;True;1
1621247324000;14162745;1.21646;1.21652;1.21649;2;T;True;1
1621247325000;14162750;1.21646;1.21652;1.21649;4;T;True;1
1621247326000;14162751;1.21646;1.21652;1.21649;0;T;True;1
1621247327000;14162753;1.21646;1.21652;1.21649;1;T;True;1
1621247328000;14162755;1.21645;1.21651;1.21648;1;T;True;1
1621247329000;14162756;1.21645;1.21651;1.21648;0;T;True;1
1621247330000;14162758;1.21645;1.21651;1.21648;1;T;True;1
1621247331000;14162760;1.21644;1.2165;1.21647;1;T;True;1
1621247332000;14162761;1.21644;1.2165;1.21647;0;T;True;1
1621247333000;14162764;1.21644;1.2165;1.21647;2;T;True;1
1621247334000;14162765;1.21644;1.2165;1.21647;0;T;True;1
1621247335000;14162766;1.21644;1.2165;1.21647;0;T;True;1
1621247336000;14162768;1.21644;1.2165;1.21647;1;T;True;1
1621247337000;14162769;1.21644;1.2165;1.21647;0;T;True;1
1621247338000;14162770;1.21644;1.2165;1.21647;0;T;True;1
1621247339000;14162774;1.21647;1.21653;1.2165;3;T;True;1
1621247340000;14162775;1.21647;1.21653;1.2165;0;T;True;1
1621247341000;14162777;1.21646;1.21652;1.21649;1;T;True;1
1621247342000;14162778;1.21646;1.21652;1.21649;0;T;True;1
1621247343000;14162779;1.21646;1.21652;1.21649;0;T;True;1
1621247344000;14162782;1.21648;1.21654;1.21651;2;T;True;1
1621247345000;14162783;1.21648;1.21654;1.21651;0;T;True;1
1621247346000;14162784;1.21648;1.21654;1.21651;0;T;True;1
1621247347000;14162791;1.21651;1.21657;1.21654;6;T;True;1
1621247348000;14162794;1.2165;1.21656;1.21653;2;T;True;1
1621247349000;14162796;1.2165;1.21656;1.21653;1;T;True;1
1621247350000;14162798;1.2165;1.21656;1.21653;1;T;True;1
1621247351000;14162801;1.21648;1.21654;1.21651;2;T;True;1
1621247352000;14162802;1.21648;1.21654;1.21651;0;T;True;1
1621247353000;14162803;1.21648;1.21654;1.21651;0;T;True;1
1621247354000;14162805;1.21648;1.21654;1.21651;1;T;True;1
1621247355000;14162807;1.21648;1.21654;1.21651;1;T;True;1
1621247356000;14162811;1.21646;1.21652;1.21649;3;T;True;1
1621247357000;14162813;1.21645;1.21651;1.21648;1;T;True;1
1621247358000;14162814;1.21645;1.21651;1.21648;0;T;True;1
1621247359000;14162819;1.21646;1.21652;1.21649;4;T;True;1
1621247360000;14162820;1.21646;1.21652;1.21649;0;T;True;1
1621247361000;14162825;1.21648;1.21654;1.21651;4;T;True;1
1621247362000;14162826;1.21648;1.21654;1.21651;0;T;True;1
1621247363000;14162827;1.21648;1.21654;1.21651;0;T;True;1
1621247364000;14162830;1.21648;1.21654;1.21651;2;T;True;1
1621247365000;14162832;1.21648;1.21654;1.21651;1;T;True;1
1621247366000;14162837;1.21648;1.21654;1.21651;4;T;True;1
1621247367000;14162838;1.21648;1.21654;1.21651;0;T;True;1
1621247368000;14162839;1.21648;1.21654;1.21651;0;T;True;1
1621247369000;14162841;1.21648;1.21654;1.21651;1;T;True;1
1621247370000;14162843;1.21648;1.21654;1.21651;1;T;True;1
1621247371000;14162844;1.21648;1.21654;1.21651;0;T;True;1
1621247372000;14162845;1.21648;1.21654;1.21651;0;T;True;1
1621247373000;14162851;1.21648;1.21654;1.21651;5;T;True;1
1621247374000;14162853;1.21648;1.21654;1.21651;1;T;True;1
1621247375000;14162854;1.21648;1.21654;1.21651;0;T;True;1
1621247376000;14162855;1.21648;1.21654;1.21651;0;T;True;1
1621247377000;14162857;1.21646;1.21652;1.21649;1;T;True;1
1621247378000;14162858;1.21646;1.21652;1.21649;0;T;True;1
1621247379000;14162859;1.21646;1.21652;1.21649;0;T;True;1
1621247380000;14162860;1.21646;1.21652;1.21649;0;T;True;1
1621247381000;14162863;1.21645;1.21651;1.21648;2;T;True;1
1621247382000;14162865;1.21644;1.2165;1.21647;1;T;True;1
1621247383000;14162866;1.21644;1.2165;1.21647;0;T;True;1
1621247384000;14162867;1.21644;1.2165;1.21647;0;T;True;1
1621247385000;14162868;1.21644;1.2165;1.21647;0;T;True;1
1621247386000;14162869;1.21644;1.2165;1.21647;0;T;True;1
1621247387000;14162870;1.21644;1.2165;1.21647;0;T;True;1
1621247388000;14162874;1.21646;1.21652;1.21649;3;T;True;1
1621247389000;14162876;1.21647;1.21653;1.2165;1;T;True;1
1621247390000;14162877;1.21647;1.21653;1.2165;0;T;True;1
1621247391000;14162878;1.21647;1.21653;1.2165;0;T;True;1
1621247392000;14162884;1.21652;1.21658;1.21655;5;T;True;1
1621247393000;14162886;1.21652;1.21658;1.21655;1;T;True;1
1621247394000;14162888;1.2165;1.21656;1.21653;1;T;True;1
1621247395000;14162892;1.21648;1.21654;1.21651;3;T;True;1
1621247396000;14162893;1.21648;1.21654;1.21651;0;T;True;1
1621247397000;14162899;1.21646;1.21652;1.21649;5;T;True;1
1621247398000;14162903;1.21646;1.21652;1.21649;3;T;True;1
1621247399000;14162907;1.21646;1.21652;1.21649;3;T;True;1
1621247400000;14162908;1.21646;1.21652;1.21649;0;T;True;1
1621247401000;14162912;1.21648;1.21654;1.21651;3;T;True;1
1621247402000;14162913;1.21648;1.21654;1.21651;0;T;True;1
1621247403000;14162914;1.21648;1.21654;1.21651;0;T;True;1
1621247404000;14162915;1.21648;1.21654;1.21651;0;T;True;1
1621247405000;14162917;1.21647;1.21653;1.2165;1;T;True;1
1621247406000;14162919;1.21647;1.21653;1.2165;1;T;True;1
1621247407000;14162921;1.21647;1.21653;1.2165;1;T;True;1
1621247408000;14162926;1.21646;1.21652;1.21649;4;T;True;1
1621247409000;14162929;1.21648;1.21654;1.21651;2;T;True;1
1621247410000;14162930;1.21648;1.21654;1.21651;0;T;True;1
1621247411000;14162931;1.21648;1.21654;1.21651;0;T;True;1
1621247412000;14162932;1.21648;1.21654;1.21651;0;T;True;1
1621247413000;14162933;1.21648;1.21654;1.21651;0;T;True;1
1621247414000;14162934;1.21648;1.21654;1.21651;0;T;True;1
1621247415000;14162935;1.21648;1.21654;1.21651;0;T;True;1
1621247416000;14162936;1.21648;1.21654;1.21651;0;T;True;1
1621247417000;14162938;1.21648;1.21654;1.21651;1;T;True;1
1621247418000;14162939;1.21648;1.21654;1.21651;0;T;True;1
1621247419000;14162940;1.21648;1.21654;1.21651;0;T;True;1
1621247420000;14162941;1.21648;1.21654;1.21651;0;T;True;1
1621247421000;14162942;1.21648;1.21654;1.21651;0;T;True;1
1621247422000;14162943;1.21648;1.21654;1.21651;0;T;True;1
1621247423000;14162945;1.2165;1.21656;1.21653;1;T;True;1
1621247424000;14162950;1.21648;1.21654;1.21651;4;T;True;1
1621247425000;14162951;1.21648;1.21654;1.21651;0;T;True;1
1621247426000;14162953;1.21648;1.21654;1.21651;1;T;True;1
1621247427000;14162954;1.21648;1.21654;1.21651;0;T;True;1
1621247428000;14162956;1.21648;1.21654;1.21651;1;T;True;1
1621247429000;14162961;1.21646;1.21652;1.21649;4;T;True;1
1621247430000;14162965;1.21646;1.21652;1.21649;3;T;True;1
1621247431000;14162967;1.21647;1.21653;1.2165;1;T;True;1
1621247432000;14162969;1.21647;1.21653;1.2165;1;T;True;1
1621247433000;14162973;1.21648;1.21654;1.21651;3;T;True;1
1621247434000;14162974;1.21648;1.21654;1.21651;0;T;True;1
1621247435000;14162977;1.21648;1.21654;1.21651;2;T;True;1
1621247436000;14162979;1.21648;1.21654;1.21651;1;T;True;1
1621247437000;14162980;1.21648;1.21654;1.21651;0;T;True;1
1621247438000;14162982;1.21648;1.21654;1.21651;1;T;True;1
1621247439000;14162985;1.21648;1.21654;1.21651;2;T;True;1
1621247440000;14162987;1.21648;1.21654;1.21651;1;T;True;1
1621247441000;14162989;1.21646;1.21652;1.21649;1;T;True;1
1621247442000;14162990;1.21646;1.21652;1.21649;0;T;True;1
1621247443000;14162991;1.21646;1.21652;1.21649;0;T;True;1
1621247444000;14162994;1.21648;1.21654;1.21651;2;T;True;1
1621247445000;14162999;1.21648;1.21654;1.21651;4;T;True;1
1621247446000;14163000;1.21648;1.21654;1.21651;0;T;True;1
1621247447000;14163001;1.21648;1.21654;1.21651;0;T;True;1
1621247448000;14163003;1.21646;1.21652;1.21649;1;T;True;1
1621247449000;14163004;1.21646;1.21652;1.21649;0;T;True;1
1621247450000;14163005;1.21646;1.21652;1.21649;0;T;True;1
1621247451000;14163007;1.21646;1.21652;1.21649;1;T;True;1
1621247452000;14163011;1.21645;1.21651;1.21648;3;T;True;1
1621247453000;14163014;1.21647;1.21653;1.2165;2;T;True;1
1621247454000;14163016;1.21646;1.21652;1.21649;1;T;True;1
1621247455000;14163017;1.21646;1.21652;1.21649;0;T;True;1
1621247456000;14163018;1.21646;1.21652;1.21649;0;T;True;1
1621247457000;14163020;1.21646;1.21652;1.21649;1;T;True;1
1621247458000;14163022;1.21646;1.21652;1.21649;1;T;True;1
1621247459000;14163023;1.21646;1.21652;1.21649;0;T;True;1
1621247460000;14163024;1.21646;1.21652;1.21649;0;T;True;1
1621247461000;14163025;1.21646;1.21652;1.21649;0;T;True;1
1621247462000;14163026;1.21646;1.21652;1.21649;0;T;True;1
1621247463000;14163027;1.21646;1.21652;1.21649;0;T;True;1
1621247464000;14163028;1.21646;1.21652;1.21649;0;T;True;1
1621247465000;14163031;1.21646;1.21652;1.21649;2;T;True;1
1621247466000;14163039;1.21644;1.2165;1.21647;7;T;True;1
1621247467000;14163041;1.21644;1.2165;1.21647;1;T;True;1
1621247468000;14163046;1.21648;1.21654;1.21651;4;T;True;1
1621247469000;14163047;1.21648;1.21654;1.21651;0;T;True;1
1621247470000;14163048;1.21648;1.21654;1.21651;0;T;True;1
1621247471000;14163049;1.21648;1.21654;1.21651;0;T;True;1
1621247472000;14163050;1.21648;1.21654;1.21651;0;T;True;1
1621247473000;14163055;1.21648;1.21654;1.21651;4;T;True;1
1621247474000;14163061;1.21649;1.21655;1.21652;5;T;True;1
1621247475000;14163062;1.21649;1.21655;1.21652;0;T;True;1
1621247476000;14163063;1.21649;1.21655;1.21652;0;T;True;1
1621247477000;14163064;1.21649;1.21655;1.21652;0;T;True;1
1621247478000;14163066;1.21649;1.21655;1.21652;1;T;True;1
1621247479000;14163068;1.2165;1.21656;1.21653;1;T;True;1
1621247480000;14163069;1.2165;1.21656;1.21653;0;T;True;1
1621247481000;14163070;1.2165;1.21656;1.21653;0;T;True;1
1621247482000;14163071;1.2165;1.21656;1.21653;0;T;True;1
1621247483000;14163072;1.2165;1.21656;1.21653;0;T;True;1
1621247484000;14163073;1.2165;1.21656;1.21653;0;T;True;1
1621247485000;14163074;1.2165;1.21656;1.21653;0;T;True;1
1621247486000;14163075;1.2165;1.21656;1.21653;0;T;True;1
1621247487000;14163076;1.2165;1.21656;1.21653;0;T;True;1
1621247488000;14163077;1.2165;1.21656;1.21653;0;T;True;1
1621247489000;14163079;1.2165;1.21656;1.21653;1;T;True;1
1621247490000;14163080;1.2165;1.21656;1.21653;0;T;True;1
1621247491000;14163081;1.2165;1.21656;1.21653;0;T;True;1
1621247492000;14163082;1.2165;1.21656;1.21653;0;T;True;1
1621247493000;14163083;1.2165;1.21656;1.21653;0;T;True;1
1621247494000;14163084;1.2165;1.21656;1.21653;0;T;True;1
1621247495000;14163090;1.21648;1.21654;1.21651;5;T;True;1
1621247496000;14163091;1.21648;1.21654;1.21651;0;T;True;1
1621247497000;14163097;1.21648;1.21654;1.21651;5;T;True;1
1621247498000;14163100;1.21648;1.21654;1.21651;2;T;True;1
1621247499000;14163101;1.21648;1.21654;1.21651;0;T;True;1
1621247500000;14163102;1.21648;1.21654;1.21651;0;T;True;1
1621247501000;14163108;1.2165;1.21656;1.21653;5;T;True;1
1621247502000;14163109;1.2165;1.21656;1.21653;0;T;True;1
1621247503000;14163110;1.2165;1.21656;1.21653;0;T;True;1
1621247504000;14163114;1.21654;1.2166;1.21657;3;T;True;1
1621247505000;14163115;1.21654;1.2166;1.21657;0;T;True;1
1621247506000;14163116;1.21654;1.2166;1.21657;0;T;True;1
1621247507000;14163118;1.21655;1.21661;1.21658;1;T;True;1
1621247508000;14163124;1.21652;1.21658;1.21655;5;T;True;1
1621247509000;14163125;1.21652;1.21658;1.21655;0;T;True;1
1621247510000;14163127;1.21652;1.21658;1.21655;1;T;True;1
1621247511000;14163128;1.21652;1.21658;1.21655;0;T;True;1
1621247512000;14163129;1.21652;1.21658;1.21655;0;T;True;1
1621247513000;14163130;1.21652;1.21658;1.21655;0;T;True;1
1621247514000;14163133;1.2165;1.21656;1.21653;2;T;True;1
1621247515000;14163134;1.2165;1.21656;1.21653;0;T;True;1
1621247516000;14163135;1.2165;1.21656;1.21653;0;T;True;1
1621247517000;14163137;1.2165;1.21656;1.21653;1;T;True;1
1621247518000;14163139;1.2165;1.21656;1.21653;1;T;True;1
1621247519000;14163140;1.2165;1.21656;1.21653;0;T;True;1
1621247520000;14163142;1.2165;1.21656;1.21653;1;T;True;1
1621247521000;14163143;1.2165;1.21656;1.21653;0;T;True;1
1621247522000;14163146;1.21648;1.21654;1.21651;2;T;True;1
1621247523000;14163149;1.21649;1.21655;1.21652;2;T;True;1
1621247524000;14163152;1.21649;1.21655;1.21652;2;T;True;1
1621247525000;14163153;1.21649;1.21655;1.21652;0;T;True;1
1621247526000;14163154;1.21649;1.21655;1.21652;0;T;True;1
1621247527000;14163155;1.21649;1.21655;1.21652;0;T;True;1
1621247528000;14163156;1.21649;1.21655;1.21652;0;T;True;1
1621247529000;14163157;1.21649;1.21655;1.21652;0;T;True;1
1621247530000;14163158;1.21649;1.21655;1.21652;0;T;True;1
1621247531000;14163159;1.21649;1.21655;1.21652;0;T;True;1
1621247532000;14163160;1.21649;1.21655;1.21652;0;T;True;1
1621247533000;14163161;1.21649;1.21655;1.21652;0;T;True;1
1621247534000;14163162;1.21649;1.21655;1.21652;0;T;True;1
1621247535000;14163163;1.21649;1.21655;1.21652;0;T;True;1
1621247536000;14163165;1.2165;1.21656;1.21653;1;T;True;1
1621247537000;14163166;1.2165;1.21656;1.21653;0;T;True;1
1621247538000;14163168;1.2165;1.21656;1.21653;1;T;True;1
1621247539000;14163169;1.2165;1.21656;1.21653;0;T;True;1
1621247540000;14163172;1.2165;1.21656;1.21653;2;T;True;1
1621247541000;14163173;1.2165;1.21656;1.21653;0;T;True;1
1621247542000;14163175;1.21649;1.21655;1.21652;1;T;True;1
1621247543000;14163176;1.21649;1.21655;1.21652;0;T;True;1
1621247544000;14163178;1.21648;1.21654;1.21651;1;T;True;1
1621247545000;14163181;1.2165;1.21656;1.21653;2;T;True;1
1621247546000;14163183;1.2165;1.21656;1.21653;1;T;True;1
1621247547000;14163185;1.21651;1.21657;1.21654;1;T;True;1
1621247548000;14163186;1.21651;1.21657;1.21654;0;T;True;1
1621247549000;14163189;1.2165;1.21656;1.21653;2;T;True;1
1621247550000;14163190;1.2165;1.21656;1.21653;0;T;True;1
1621247551000;14163191;1.2165;1.21656;1.21653;0;T;True;1
1621247552000;14163194;1.2165;1.21656;1.21653;2;T;True;1
1621247553000;14163201;1.21654;1.2166;1.21657;6;T;True;1
1621247554000;14163202;1.21654;1.2166;1.21657;0;T;True;1
1621247555000;14163204;1.21654;1.2166;1.21657;1;T;True;1
1621247556000;14163205;1.21654;1.2166;1.21657;0;T;True;1
1621247557000;14163210;1.21654;1.2166;1.21657;4;T;True;1
1621247558000;14163211;1.21654;1.2166;1.21657;0;T;True;1
1621247559000;14163212;1.21654;1.2166;1.21657;0;T;True;1
1621247560000;14163216;1.2165;1.21656;1.21653;3;T;True;1
1621247561000;14163217;1.2165;1.21656;1.21653;0;T;True;1
1621247562000;14163218;1.2165;1.21656;1.21653;0;T;True;1
1621247563000;14163220;1.2165;1.21656;1.21653;1;T;True;1
1621247564000;14163221;1.2165;1.21656;1.21653;0;T;True;1
1621247565000;14163223;1.2165;1.21656;1.21653;1;T;True;1
1621247566000;14163224;1.2165;1.21656;1.21653;0;T;True;1
1621247567000;14163226;1.21648;1.21654;1.21651;1;T;True;1
1621247568000;14163229;1.21646;1.21652;1.21649;2;T;True;1
1621247569000;14163238;1.21647;1.21653;1.2165;8;T;True;1
1621247570000;14163244;1.21644;1.2165;1.21647;5;T;True;1
1621247571000;14163250;1.21646;1.21652;1.21649;5;T;True;1
1621247572000;14163251;1.21646;1.21652;1.21649;0;T;True;1
1621247573000;14163252;1.21646;1.21652;1.21649;0;T;True;1
1621247574000;14163253;1.21646;1.21652;1.21649;0;T;True;1
1621247575000;14163255;1.21647;1.21653;1.2165;1;T;True;1
1621247576000;14163256;1.21647;1.21653;1.2165;0;T;True;1
1621247577000;14163257;1.21647;1.21653;1.2165;0;T;True;1
1621247578000;14163258;1.21647;1.21653;1.2165;0;T;True;1
1621247579000;14163259;1.21647;1.21653;1.2165;0;T;True;1
1621247580000;14163260;1.21647;1.21653;1.2165;0;T;True;1
1621247581000;14163261;1.21647;1.21653;1.2165;0;T;True;1
1621247582000;14163262;1.21647;1.21653;1.2165;0;T;True;1
1621247583000;14163263;1.21647;1.21653;1.2165;0;T;True;1
1621247584000;14163265;1.21646;1.21652;1.21649;1;T;True;1
1621247585000;14163266;1.21646;1.21652;1.21649;0;T;True;1
1621247586000;14163268;1.21646;1.21652;1.21649;1;T;True;1
1621247587000;14163274;1.21645;1.21651;1.21648;5;T;True;1
1621247588000;14163275;1.21645;1.21651;1.21648;0;T;True;1
1621247589000;14163277;1.21644;1.2165;1.21647;1;T;True;1
1621247590000;14163278;1.21644;1.2165;1.21647;0;T;True;1
1621247591000;14163282;1.21642;1.21648;1.21645;3;T;True;1
1621247592000;14163289;1.21644;1.2165;1.21647;6;T;True;1
1621247593000;14163290;1.21644;1.2165;1.21647;0;T;True;1
1621247594000;14163291;1.21644;1.2165;1.21647;0;T;True;1
1621247595000;14163297;1.21648;1.21654;1.21651;5;T;True;1
1621247596000;14163306;1.2165;1.21656;1.21653;8;T;True;1
1621247597000;14163308;1.2165;1.21656;1.21653;1;T;True;1
1621247598000;14163309;1.2165;1.21656;1.21653;0;T;True;1
1621247599000;14163310;1.2165;1.21656;1.21653;0;T;True;1
1621247600000;14163311;1.2165;1.21656;1.21653;0;T;True;1
1621247601000;14163312;1.2165;1.21656;1.21653;0;T;True;1
1621247602000;14163313;1.2165;1.21656;1.21653;0;T;True;1
1621247603000;14163315;1.21652;1.21658;1.21655;1;T;True;1
1621247604000;14163316;1.21652;1.21658;1.21655;0;T;True;1
1621247605000;14163317;1.21652;1.21658;1.21655;0;T;True;1
1621247606000;14163323;1.21648;1.21654;1.21651;5;T;True;1
1621247607000;14163324;1.21648;1.21654;1.21651;0;T;True;1
1621247608000;14163325;1.21648;1.21654;1.21651;0;T;True;1
1621247609000;14163326;1.21648;1.21654;1.21651;0;T;True;1
1621247610000;14163327;1.21648;1.21654;1.21651;0;T;True;1
1621247611000;14163338;1.21648;1.21654;1.21651;10;T;True;1
1621247612000;14163343;1.21648;1.21654;1.21651;4;T;True;1
1621247613000;14163345;1.2165;1.21656;1.21653;1;T;True;1
1621247614000;14163346;1.2165;1.21656;1.21653;0;T;True;1
1621247615000;14163348;1.21649;1.21655;1.21652;1;T;True;1
1621247616000;14163349;1.21649;1.21655;1.21652;0;T;True;1
1621247617000;14163351;1.21648;1.21654;1.21651;1;T;True;1
1621247618000;14163352;1.21648;1.21654;1.21651;0;T;True;1
1621247619000;14163353;1.21648;1.21654;1.21651;0;T;True;1
1621247620000;14163354;1.21648;1.21654;1.21651;0;T;True;1
1621247621000;14163355;1.21648;1.21654;1.21651;0;T;True;1
1621247622000;14163356;1.21648;1.21654;1.21651;0;T;True;1
1621247623000;14163357;1.21648;1.21654;1.21651;0;T;True;1
1621247624000;14163359;1.21648;1.21654;1.21651;1;T;True;1
1621247625000;14163363;1.21648;1.21654;1.21651;3;T;True;1
1621247626000;14163364;1.21648;1.21654;1.21651;0;T;True;1
1621247627000;14163367;1.21648;1.21654;1.21651;2;T;True;1
1621247628000;14163369;1.21647;1.21653;1.2165;1;T;True;1
1621247629000;14163373;1.21648;1.21654;1.21651;3;T;True;1
1621247630000;14163377;1.21651;1.21657;1.21654;3;T;True;1
1621247631000;14163378;1.21651;1.21657;1.21654;0;T;True;1
1621247632000;14163385;1.2165;1.21656;1.21653;6;T;True;1
1621247633000;14163390;1.2165;1.21656;1.21653;4;T;True;1
1621247634000;14163397;1.21649;1.21655;1.21652;6;T;True;1
1621247635000;14163400;1.21649;1.21655;1.21652;2;T;True;1
1621247636000;14163401;1.21649;1.21655;1.21652;0;T;True;1
1621247637000;14163404;1.21646;1.21652;1.21649;2;T;True;1
1621247638000;14163407;1.21644;1.2165;1.21647;2;T;True;1
1621247639000;14163412;1.21644;1.2165;1.21647;4;T;True;1
1621247640000;14163415;1.21644;1.2165;1.21647;2;T;True;1
1621247641000;14163424;1.21644;1.2165;1.21647;8;T;True;1
1621247642000;14163429;1.2165;1.21656;1.21653;4;T;True;1
1621247643000;14163434;1.21648;1.21654;1.21651;4;T;True;1
1621247644000;14163435;1.21648;1.21654;1.21651;0;T;True;1
1621247645000;14163437;1.21648;1.21654;1.21651;1;T;True;1
1621247646000;14163439;1.21648;1.21654;1.21651;1;T;True;1
1621247647000;14163440;1.21648;1.21654;1.21651;0;T;True;1
1621247648000;14163442;1.21647;1.21653;1.2165;1;T;True;1
1621247649000;14163444;1.21646;1.21652;1.21649;1;T;True;1
1621247650000;14163446;1.21646;1.21652;1.21649;1;T;True;1
1621247651000;14163450;1.21646;1.21652;1.21649;3;T;True;1
1621247652000;14163456;1.21644;1.2165;1.21647;5;T;True;1
1621247653000;14163457;1.21644;1.2165;1.21647;0;T;True;1
1621247654000;14163458;1.21644;1.2165;1.21647;0;T;True;1
1621247655000;14163460;1.21644;1.2165;1.21647;1;T;True;1
1621247656000;14163461;1.21644;1.2165;1.21647;0;T;True;1
1621247657000;14163464;1.21644;1.2165;1.21647;2;T;True;1
1621247658000;14163465;1.21644;1.2165;1.21647;0;T;True;1
1621247659000;14163467;1.21644;1.2165;1.21647;1;T;True;1
1621247660000;14163469;1.21644;1.2165;1.21647;1;T;True;1
1621247661000;14163472;1.21644;1.2165;1.21647;2;T;True;1
1621247662000;14163473;1.21644;1.2165;1.21647;0;T;True;1
1621247663000;14163475;1.21644;1.2165;1.21647;1;T;True;1
1621247664000;14163478;1.21644;1.2165;1.21647;2;T;True;1
1621247665000;14163479;1.21644;1.2165;1.21647;0;T;True;1
1621247666000;14163482;1.21644;1.2165;1.21647;2;T;True;1
1621247667000;14163484;1.21644;1.2165;1.21647;1;T;True;1
1621247668000;14163490;1.21646;1.21652;1.21649;5;T;True;1
1621247669000;14163491;1.21646;1.21652;1.21649;0;T;True;1
1621247670000;14163495;1.21646;1.21652;1.21649;3;T;True;1
1621247671000;14163500;1.21646;1.21652;1.21649;4;T;True;1
1621247672000;14163501;1.21646;1.21652;1.21649;0;T;True;1
1621247673000;14163502;1.21646;1.21652;1.21649;0;T;True;1
1621247674000;14163505;1.21648;1.21654;1.21651;2;T;True;1
1621247675000;14163507;1.21648;1.21654;1.21651;1;T;True;1
1621247676000;14163508;1.21648;1.21654;1.21651;0;T;True;1
1621247677000;14163511;1.21648;1.21654;1.21651;2;T;True;1
1621247678000;14163513;1.21648;1.21654;1.21651;1;T;True;1
1621247679000;14163514;1.21648;1.21654;1.21651;0;T;True;1
1621247680000;14163515;1.21648;1.21654;1.21651;0;T;True;1
1621247681000;14163516;1.21648;1.21654;1.21651;0;T;True;1
1621247682000;14163519;1.21646;1.21652;1.21649;2;T;True;1
1621247683000;14163524;1.21648;1.21654;1.21651;4;T;True;1
1621247684000;14163528;1.2165;1.21656;1.21653;3;T;True;1
1621247685000;14163539;1.21645;1.21651;1.21648;10;T;True;1
1621247686000;14163545;1.21642;1.21648;1.21645;5;T;True;1
1621247687000;14163546;1.21642;1.21648;1.21645;0;T;True;1
1621247688000;14163548;1.21642;1.21648;1.21645;1;T;True;1
1621247689000;14163551;1.21642;1.21648;1.21645;2;T;True;1
1621247690000;14163552;1.21642;1.21648;1.21645;0;T;True;1
1621247691000;14163553;1.21642;1.21648;1.21645;0;T;True;1
1621247692000;14163554;1.21642;1.21648;1.21645;0;T;True;1
1621247693000;14163555;1.21642;1.21648;1.21645;0;T;True;1
1621247694000;14163558;1.21644;1.2165;1.21647;2;T;True;1
1621247695000;14163562;1.2164;1.21646;1.21643;3;T;True;1
1621247696000;14163564;1.2164;1.21646;1.21643;1;T;True;1
1621247697000;14163566;1.2164;1.21646;1.21643;1;T;True;1
1621247698000;14163567;1.2164;1.21646;1.21643;0;T;True;1
1621247699000;14163569;1.21638;1.21644;1.21641;1;T;True;1
1621247700000;14163570;1.21638;1.21644;1.21641;0;T;True;1
1621247701000;14163573;1.21638;1.21644;1.21641;2;T;True;1
1621247702000;14163579;1.21639;1.21645;1.21642;5;T;True;1
1621247703000;14163580;1.21639;1.21645;1.21642;0;T;True;1
1621247704000;14163581;1.21639;1.21645;1.21642;0;T;True;1
1621247705000;14163586;1.21642;1.21648;1.21645;4;T;True;1
1621247706000;14163587;1.21642;1.21648;1.21645;0;T;True;1
1621247707000;14163588;1.21642;1.21648;1.21645;0;T;True;1
1621247708000;14163590;1.21642;1.21648;1.21645;1;T;True;1
1621247709000;14163591;1.21642;1.21648;1.21645;0;T;True;1
1621247710000;14163595;1.21644;1.2165;1.21647;3;T;True;1
1621247711000;14163596;1.21644;1.2165;1.21647;0;T;True;1
1621247712000;14163597;1.21644;1.2165;1.21647;0;T;True;1
1621247713000;14163599;1.21644;1.2165;1.21647;1;T;True;1
1621247714000;14163600;1.21644;1.2165;1.21647;0;T;True;1
1621247715000;14163602;1.21644;1.2165;1.21647;1;T;True;1
1621247716000;14163604;1.21644;1.2165;1.21647;1;T;True;1
1621247717000;14163605;1.21644;1.2165;1.21647;0;T;True;1
1621247718000;14163606;1.21644;1.2165;1.21647;0;T;True;1
1621247719000;14163614;1.21639;1.21645;1.21642;7;T;True;1
1621247720000;14163615;1.21639;1.21645;1.21642;0;T;True;1
1621247721000;14163617;1.21638;1.21644;1.21641;1;T;True;1
1621247722000;14163621;1.21638;1.21644;1.21641;3;T;True;1
1621247723000;14163625;1.21634;1.2164;1.21637;3;T;True;1
1621247724000;14163626;1.21634;1.2164;1.21637;0;T;True;1
1621247725000;14163627;1.21634;1.2164;1.21637;0;T;True;1
1621247726000;14163628;1.21634;1.2164;1.21637;0;T;True;1
1621247727000;14163629;1.21634;1.2164;1.21637;0;T;True;1
1621247728000;14163630;1.21634;1.2164;1.21637;0;T;True;1
1621247729000;14163631;1.21634;1.2164;1.21637;0;T;True;1
1621247730000;14163632;1.21634;1.2164;1.21637;0;T;True;1
1621247731000;14163633;1.21634;1.2164;1.21637;0;T;True;1
1621247732000;14163634;1.21634;1.2164;1.21637;0;T;True;1
1621247733000;14163636;1.21634;1.2164;1.21637;1;T;True;1
1621247734000;14163637;1.21634;1.2164;1.21637;0;T;True;1
1621247735000;14163638;1.21634;1.2164;1.21637;0;T;True;1
1621247736000;14163640;1.21634;1.2164;1.21637;1;T;True;1
1621247737000;14163646;1.21638;1.21644;1.21641;5;T;True;1
1621247738000;14163648;1.21638;1.21644;1.21641;1;T;True;1
1621247739000;14163649;1.21638;1.21644;1.21641;0;T;True;1
1621247740000;14163650;1.21638;1.21644;1.21641;0;T;True;1
1621247741000;14163654;1.21637;1.21643;1.2164;3;T;True;1
1621247742000;14163655;1.21637;1.21643;1.2164;0;T;True;1
1621247743000;14163656;1.21637;1.21643;1.2164;0;T;True;1
1621247744000;14163657;1.21637;1.21643;1.2164;0;T;True;1
1621247745000;14163658;1.21637;1.21643;1.2164;0;T;True;1
1621247746000;14163662;1.21637;1.21643;1.2164;3;T;True;1
1621247747000;14163664;1.21638;1.21644;1.21641;1;T;True;1
1621247748000;14163665;1.21638;1.21644;1.21641;0;T;True;1
1621247749000;14163667;1.21638;1.21644;1.21641;1;T;True;1
1621247750000;14163669;1.21638;1.21644;1.21641;1;T;True;1
1621247751000;14163670;1.21638;1.21644;1.21641;0;T;True;1
1621247752000;14163671;1.21638;1.21644;1.21641;0;T;True;1
1621247753000;14163672;1.21638;1.21644;1.21641;0;T;True;1
1621247754000;14163676;1.21636;1.21642;1.21639;3;T;True;1
1621247755000;14163677;1.21636;1.21642;1.21639;0;T;True;1
1621247756000;14163679;1.21637;1.21643;1.2164;1;T;True;1
1621247757000;14163681;1.21637;1.21643;1.2164;1;T;True;1
1621247758000;14163684;1.21638;1.21644;1.21641;2;T;True;1
1621247759000;14163686;1.21637;1.21643;1.2164;1;T;True;1
1621247760000;14163688;1.21636;1.21642;1.21639;1;T;True;1
1621247761000;14163690;1.21637;1.21643;1.2164;1;T;True;1
1621247762000;14163694;1.21636;1.21642;1.21639;3;T;True;1
1621247763000;14163695;1.21636;1.21642;1.21639;0;T;True;1
1621247764000;14163696;1.21636;1.21642;1.21639;0;T;True;1
1621247765000;14163698;1.21635;1.21641;1.21638;1;T;True;1
1621247766000;14163703;1.21635;1.21641;1.21638;4;T;True;1
1621247767000;14163705;1.21635;1.21641;1.21638;1;T;True;1
1621247768000;14163706;1.21635;1.21641;1.21638;0;T;True;1
1621247769000;14163707;1.21635;1.21641;1.21638;0;T;True;1
1621247770000;14163708;1.21635;1.21641;1.21638;0;T;True;1
1621247771000;14163709;1.21635;1.21641;1.21638;0;T;True;1
1621247772000;14163710;1.21635;1.21641;1.21638;0;T;True;1
1621247773000;14163712;1.21635;1.21641;1.21638;1;T;True;1
1621247774000;14163713;1.21635;1.21641;1.21638;0;T;True;1
1621247775000;14163717;1.21634;1.2164;1.21637;3;T;True;1
1621247776000;14163718;1.21634;1.2164;1.21637;0;T;True;1
1621247777000;14163724;1.21631;1.21637;1.21634;5;T;True;1
1621247778000;14163733;1.21631;1.21637;1.21634;8;T;True;1
1621247779000;14163737;1.21629;1.21635;1.21632;3;T;True;1
1621247780000;14163739;1.21629;1.21635;1.21632;1;T;True;1
1621247781000;14163747;1.21628;1.21634;1.21631;7;T;True;1
1621247782000;14163750;1.21628;1.21634;1.21631;2;T;True;1
1621247783000;14163751;1.21628;1.21634;1.21631;0;T;True;1
1621247784000;14163755;1.21628;1.21634;1.21631;3;T;True;1
1621247785000;14163756;1.21628;1.21634;1.21631;0;T;True;1
1621247786000;14163758;1.21628;1.21634;1.21631;1;T;True;1
1621247787000;14163761;1.21629;1.21635;1.21632;2;T;True;1
1621247788000;14163765;1.2163;1.21636;1.21633;3;T;True;1
1621247789000;14163766;1.2163;1.21636;1.21633;0;T;True;1
1621247790000;14163769;1.2163;1.21636;1.21633;2;T;True;1
1621247791000;14163771;1.2163;1.21636;1.21633;1;T;True;1
1621247792000;14163772;1.2163;1.21636;1.21633;0;T;True;1
1621247793000;14163776;1.2163;1.21636;1.21633;3;T;True;1
1621247794000;14163777;1.2163;1.21636;1.21633;0;T;True;1
1621247795000;14163782;1.2163;1.21636;1.21633;4;T;True;1
1621247796000;14163784;1.2163;1.21636;1.21633;1;T;True;1
1621247797000;14163787;1.21628;1.21634;1.21631;2;T;True;1
1621247798000;14163797;1.21632;1.21638;1.21635;9;T;True;1
1621247799000;14163799;1.21632;1.21638;1.21635;1;T;True;1
1621247800000;14163800;1.21632;1.21638;1.21635;0;T;True;1
1621247801000;14163803;1.21632;1.21638;1.21635;2;T;True;1
1621247802000;14163804;1.21632;1.21638;1.21635;0;T;True;1
1621247803000;14163807;1.21632;1.21638;1.21635;2;T;True;1
1621247804000;14163809;1.21632;1.21638;1.21635;1;T;True;1
1621247805000;14163810;1.21632;1.21638;1.21635;0;T;True;1
1621247806000;14163812;1.21632;1.21638;1.21635;1;T;True;1
1621247807000;14163813;1.21632;1.21638;1.21635;0;T;True;1
1621247808000;14163814;1.21632;1.21638;1.21635;0;T;True;1
1621247809000;14163817;1.21633;1.21639;1.21636;2;T;True;1
1621247810000;14163819;1.21634;1.2164;1.21637;1;T;True;1
1621247811000;14163820;1.21634;1.2164;1.21637;0;T;True;1
1621247812000;14163821;1.21634;1.2164;1.21637;0;T;True;1
1621247813000;14163822;1.21634;1.2164;1.21637;0;T;True;1
1621247814000;14163830;1.21633;1.21639;1.21636;7;T;True;1
1621247815000;14163834;1.21634;1.2164;1.21637;3;T;True;1
1621247816000;14163836;1.21634;1.2164;1.21637;1;T;True;1
1621247817000;14163837;1.21634;1.2164;1.21637;0;T;True;1
1621247818000;14163838;1.21634;1.2164;1.21637;0;T;True;1
1621247819000;14163839;1.21634;1.2164;1.21637;0;T;True;1
1621247820000;14163840;1.21634;1.2164;1.21637;0;T;True;1
1621247821000;14163842;1.21636;1.21642;1.21639;1;T;True;1
1621247822000;14163844;1.21636;1.21642;1.21639;1;T;True;1
1621247823000;14163847;1.21636;1.21642;1.21639;2;T;True;1
1621247824000;14163850;1.21634;1.2164;1.21637;2;T;True;1
1621247825000;14163851;1.21634;1.2164;1.21637;0;T;True;1
1621247826000;14163852;1.21634;1.2164;1.21637;0;T;True;1
1621247827000;14163854;1.21632;1.21638;1.21635;1;T;True;1
1621247828000;14163856;1.21632;1.21638;1.21635;1;T;True;1
1621247829000;14163859;1.21632;1.21638;1.21635;2;T;True;1
1621247830000;14163860;1.21632;1.21638;1.21635;0;T;True;1
1621247831000;14163862;1.21632;1.21638;1.21635;1;T;True;1
1621247832000;14163864;1.21632;1.21638;1.21635;1;T;True;1
1621247833000;14163868;1.21636;1.21642;1.21639;3;T;True;1
1621247834000;14163870;1.21636;1.21642;1.21639;1;T;True;1
1621247835000;14163871;1.21636;1.21642;1.21639;0;T;True;1
1621247836000;14163872;1.21636;1.21642;1.21639;0;T;True;1
1621247837000;14163873;1.21636;1.21642;1.21639;0;T;True;1
1621247838000;14163875;1.21636;1.21642;1.21639;1;T;True;1
1621247839000;14163876;1.21636;1.21642;1.21639;0;T;True;1
1621247840000;14163877;1.21636;1.21642;1.21639;0;T;True;1
1621247841000;14163878;1.21636;1.21642;1.21639;0;T;True;1
1621247842000;14163879;1.21636;1.21642;1.21639;0;T;True;1
1621247843000;14163880;1.21636;1.21642;1.21639;0;T;True;1
1621247844000;14163881;1.21636;1.21642;1.21639;0;T;True;1
1621247845000;14163883;1.21636;1.21642;1.21639;1;T;True;1
1621247846000;14163884;1.21636;1.21642;1.21639;0;T;True;1
1621247847000;14163885;1.21636;1.21642;1.21639;0;T;True;1
1621247848000;14163896;1.2163;1.21636;1.21633;10;T;True;1
1621247849000;14163897;1.2163;1.21636;1.21633;0;T;True;1
1621247850000;14163902;1.2163;1.21636;1.21633;4;T;True;1
1621247851000;14163905;1.2163;1.21636;1.21633;2;T;True;1
1621247852000;14163908;1.2163;1.21636;1.21633;2;T;True;1
1621247853000;14163909;1.2163;1.21636;1.21633;0;T;True;1
1621247854000;14163910;1.2163;1.21636;1.21633;0;T;True;1
1621247855000;14163911;1.2163;1.21636;1.21633;0;T;True;1
1621247856000;14163913;1.21629;1.21635;1.21632;1;T;True;1
1621247857000;14163914;1.21629;1.21635;1.21632;0;T;True;1
1621247858000;14163919;1.21628;1.21634;1.21631;4;T;True;1
1621247859000;14163920;1.21628;1.21634;1.21631;0;T;True;1
1621247860000;14163921;1.21628;1.21634;1.21631;0;T;True;1
1621247861000;14163922;1.21628;1.21634;1.21631;0;T;True;1
1621247862000;14163923;1.21628;1.21634;1.21631;0;T;True;1
1621247863000;14163924;1.21628;1.21634;1.21631;0;T;True;1
1621247864000;14163925;1.21628;1.21634;1.21631;0;T;True;1
1621247865000;14163926;1.21628;1.21634;1.21631;0;T;True;1
1621247866000;14163927;1.21628;1.21634;1.21631;0;T;True;1
1621247867000;14163928;1.21628;1.21634;1.21631;0;T;True;1
1621247868000;14163929;1.21628;1.21634;1.21631;0;T;True;1
1621247869000;14163930;1.21628;1.21634;1.21631;0;T;True;1
1621247870000;14163931;1.21628;1.21634;1.21631;0;T;True;1
1621247871000;14163933;1.21628;1.21634;1.21631;1;T;True;1
1621247872000;14163935;1.21628;1.21634;1.21631;1;T;True;1
1621247873000;14163936;1.21628;1.21634;1.21631;0;T;True;1
1621247874000;14163938;1.21628;1.21634;1.21631;1;T;True;1
1621247875000;14163940;1.21628;1.21634;1.21631;1;T;True;1
1621247876000;14163944;1.21625;1.21631;1.21628;3;T;True;1
1621247877000;14163945;1.21625;1.21631;1.21628;0;T;True;1
1621247878000;14163949;1.21622;1.21628;1.21625;3;T;True;1
1621247879000;14163951;1.21622;1.21628;1.21625;1;T;True;1
1621247880000;14163952;1.21622;1.21628;1.21625;0;T;True;1
1621247881000;14163955;1.21622;1.21628;1.21625;2;T;True;1
1621247882000;14163956;1.21622;1.21628;1.21625;0;T;True;1
1621247883000;14163957;1.21622;1.21628;1.21625;0;T;True;1
1621247884000;14163968;1.21628;1.21634;1.21631;10;T;True;1
1621247885000;14163969;1.21628;1.21634;1.21631;0;T;True;1
1621247886000;14163970;1.21628;1.21634;1.21631;0;T;True;1
1621247887000;14163971;1.21628;1.21634;1.21631;0;T;True;1
1621247888000;14163974;1.21628;1.21634;1.21631;2;T;True;1
1621247889000;14163975;1.21628;1.21634;1.21631;0;T;True;1
1621247890000;14163976;1.21628;1.21634;1.21631;0;T;True;1
1621247891000;14163979;1.21628;1.21634;1.21631;2;T;True;1
1621247892000;14163980;1.21628;1.21634;1.21631;0;T;True;1
1621247893000;14163983;1.2163;1.21636;1.21633;2;T;True;1
1621247894000;14163985;1.2163;1.21636;1.21633;1;T;True;1
1621247895000;14163986;1.2163;1.21636;1.21633;0;T;True;1
1621247896000;14163987;1.2163;1.21636;1.21633;0;T;True;1
1621247897000;14163988;1.2163;1.21636;1.21633;0;T;True;1
1621247898000;14163990;1.2163;1.21636;1.21633;1;T;True;1
1621247899000;14163992;1.21631;1.21637;1.21634;1;T;True;1
1621247900000;14163994;1.21632;1.21638;1.21635;1;T;True;1
1621247901000;14163995;1.21632;1.21638;1.21635;0;T;True;1
1621247902000;14164004;1.21634;1.2164;1.21637;8;T;True;1
1621247903000;14164006;1.21634;1.2164;1.21637;1;T;True;1
1621247904000;14164009;1.2163;1.21636;1.21633;2;T;True;1
1621247905000;14164013;1.21629;1.21635;1.21632;3;T;True;1
1621247906000;14164014;1.21629;1.21635;1.21632;0;T;True;1
1621247907000;14164015;1.21629;1.21635;1.21632;0;T;True;1
1621247908000;14164016;1.21629;1.21635;1.21632;0;T;True;1
1621247909000;14164017;1.21629;1.21635;1.21632;0;T;True;1
1621247910000;14164019;1.21629;1.21635;1.21632;1;T;True;1
1621247911000;14164023;1.21631;1.21637;1.21634;3;T;True;1
1621247912000;14164024;1.21631;1.21637;1.21634;0;T;True;1
1621247913000;14164026;1.2163;1.21636;1.21633;1;T;True;1
1621247914000;14164027;1.2163;1.21636;1.21633;0;T;True;1
1621247915000;14164032;1.21632;1.21638;1.21635;4;T;True;1
1621247916000;14164034;1.21632;1.21638;1.21635;1;T;True;1
1621247917000;14164035;1.21632;1.21638;1.21635;0;T;True;1
1621247918000;14164037;1.21632;1.21638;1.21635;1;T;True;1
1621247919000;14164038;1.21632;1.21638;1.21635;0;T;True;1
1621247920000;14164039;1.21632;1.21638;1.21635;0;T;True;1
1621247921000;14164040;1.21632;1.21638;1.21635;0;T;True;1
1621247922000;14164042;1.21632;1.21638;1.21635;1;T;True;1
1621247923000;14164044;1.21632;1.21638;1.21635;1;T;True;1
1621247924000;14164048;1.21632;1.21638;1.21635;3;T;True;1
1621247925000;14164049;1.21632;1.21638;1.21635;0;T;True;1
1621247926000;14164050;1.21632;1.21638;1.21635;0;T;True;1
1621247927000;14164052;1.21632;1.21638;1.21635;1;T;True;1
1621247928000;14164053;1.21632;1.21638;1.21635;0;T;True;1
1621247929000;14164054;1.21632;1.21638;1.21635;0;T;True;1
1621247930000;14164055;1.21632;1.21638;1.21635;0;T;True;1
1621247931000;14164062;1.21627;1.21633;1.2163;6;T;True;1
1621247932000;14164070;1.21625;1.21631;1.21628;7;T;True;1
1621247933000;14164074;1.21624;1.2163;1.21627;3;T;True;1
1621247934000;14164075;1.21624;1.2163;1.21627;0;T;True;1
1621247935000;14164084;1.21622;1.21628;1.21625;8;T;True;1
1621247936000;14164085;1.21622;1.21628;1.21625;0;T;True;1
1621247937000;14164087;1.21622;1.21628;1.21625;1;T;True;1
1621247938000;14164090;1.2162;1.21626;1.21623;2;T;True;1
1621247939000;14164093;1.21621;1.21627;1.21624;2;T;True;1
1621247940000;14164094;1.21621;1.21627;1.21624;0;T;True;1
1621247941000;14164103;1.21623;1.21629;1.21626;8;T;True;1
1621247942000;14164105;1.21624;1.2163;1.21627;1;T;True;1
1621247943000;14164108;1.21624;1.2163;1.21627;2;T;True;1
1621247944000;14164110;1.21624;1.2163;1.21627;1;T;True;1
1621247945000;14164111;1.21624;1.2163;1.21627;0;T;True;1
1621247946000;14164113;1.21624;1.2163;1.21627;1;T;True;1
1621247947000;14164114;1.21624;1.2163;1.21627;0;T;True;1
1621247948000;14164118;1.21624;1.2163;1.21627;3;T;True;1
1621247949000;14164120;1.21625;1.21631;1.21628;1;T;True;1
1621247950000;14164121;1.21625;1.21631;1.21628;0;T;True;1
1621247951000;14164122;1.21625;1.21631;1.21628;0;T;True;1
1621247952000;14164123;1.21625;1.21631;1.21628;0;T;True;1
1621247953000;14164127;1.21624;1.2163;1.21627;3;T;True;1
1621247954000;14164128;1.21624;1.2163;1.21627;0;T;True;1
1621247955000;14164130;1.21624;1.2163;1.21627;1;T;True;1
1621247956000;14164131;1.21624;1.2163;1.21627;0;T;True;1
1621247957000;14164138;1.2162;1.21626;1.21623;6;T;True;1
1621247958000;14164142;1.2162;1.21626;1.21623;3;T;True;1
1621247959000;14164143;1.2162;1.21626;1.21623;0;T;True;1
1621247960000;14164144;1.2162;1.21626;1.21623;0;T;True;1
1621247961000;14164146;1.2162;1.21626;1.21623;1;T;True;1
1621247962000;14164150;1.21622;1.21628;1.21625;3;T;True;1
1621247963000;14164154;1.21624;1.2163;1.21627;3;T;True;1
1621247964000;14164155;1.21624;1.2163;1.21627;0;T;True;1
1621247965000;14164165;1.21622;1.21628;1.21625;9;T;True;1
1621247966000;14164176;1.2162;1.21626;1.21623;10;T;True;1
1621247967000;14164179;1.21622;1.21628;1.21625;2;T;True;1
1621247968000;14164181;1.21622;1.21628;1.21625;1;T;True;1
1621247969000;14164183;1.21622;1.21628;1.21625;1;T;True;1
1621247970000;14164185;1.21622;1.21628;1.21625;1;T;True;1
1621247971000;14164186;1.21622;1.21628;1.21625;0;T;True;1
1621247972000;14164189;1.21622;1.21628;1.21625;2;T;True;1
1621247973000;14164191;1.21622;1.21628;1.21625;1;T;True;1
1621247974000;14164193;1.21622;1.21628;1.21625;1;T;True;1
1621247975000;14164194;1.21622;1.21628;1.21625;0;T;True;1
1621247976000;14164195;1.21622;1.21628;1.21625;0;T;True;1
1621247977000;14164196;1.21622;1.21628;1.21625;0;T;True;1
1621247978000;14164197;1.21622;1.21628;1.21625;0;T;True;1
1621247979000;14164198;1.21622;1.21628;1.21625;0;T;True;1
1621247980000;14164199;1.21622;1.21628;1.21625;0;T;True;1
1621247981000;14164200;1.21622;1.21628;1.21625;0;T;True;1
1621247982000;14164201;1.21622;1.21628;1.21625;0;T;True;1
1621247983000;14164202;1.21622;1.21628;1.21625;0;T;True;1
1621247984000;14164205;1.2162;1.21626;1.21623;2;T;True;1
1621247985000;14164206;1.2162;1.21626;1.21623;0;T;True;1
1621247986000;14164207;1.2162;1.21626;1.21623;0;T;True;1
1621247987000;14164208;1.2162;1.21626;1.21623;0;T;True;1
1621247988000;14164210;1.2162;1.21626;1.21623;1;T;True;1
1621247989000;14164211;1.2162;1.21626;1.21623;0;T;True;1
1621247990000;14164212;1.2162;1.21626;1.21623;0;T;True;1
1621247991000;14164214;1.2162;1.21626;1.21623;1;T;True;1
1621247992000;14164217;1.21622;1.21628;1.21625;2;T;True;1
1621247993000;14164222;1.21624;1.2163;1.21627;4;T;True;1
1621247994000;14164225;1.21624;1.2163;1.21627;2;T;True;1
1621247995000;14164226;1.21624;1.2163;1.21627;0;T;True;1
1621247996000;14164234;1.21628;1.21634;1.21631;7;T;True;1
1621247997000;14164236;1.21628;1.21634;1.21631;1;T;True;1
1621247998000;14164240;1.21628;1.21634;1.21631;3;T;True;1
1621247999000;14164242;1.21629;1.21635;1.21632;1;T;True;1
1621248000000;14164243;1.21629;1.21635;1.21632;0;T;True;1
1621248001000;14164244;1.21629;1.21635;1.21632;0;T;True;1
1621248002000;14164247;1.2163;1.21636;1.21633;2;T;True;1
1621248003000;14164252;1.21632;1.21638;1.21635;4;T;True;1
1621248004000;14164253;1.21632;1.21638;1.21635;0;T;True;1
1621248005000;14164254;1.21632;1.21638;1.21635;0;T;True;1
1621248006000;14164256;1.21632;1.21638;1.21635;1;T;True;1
1621248007000;14164257;1.21632;1.21638;1.21635;0;T;True;1
1621248008000;14164258;1.21632;1.21638;1.21635;0;T;True;1
1621248009000;14164259;1.21632;1.21638;1.21635;0;T;True;1
1621248010000;14164262;1.21633;1.21639;1.21636;2;T;True;1
1621248011000;14164265;1.21632;1.21638;1.21635;2;T;True;1
1621248012000;14164267;1.21632;1.21638;1.21635;1;T;True;1
1621248013000;14164270;1.21626;1.21632;1.21629;2;T;True;1
1621248014000;14164277;1.2163;1.21636;1.21633;6;T;True;1
1621248015000;14164279;1.2163;1.21636;1.21633;1;T;True;1
1621248016000;14164284;1.2163;1.21636;1.21633;4;T;True;1
1621248017000;14164285;1.2163;1.21636;1.21633;0;T;True;1
1621248018000;14164291;1.21628;1.21634;1.21631;5;T;True;1
1621248019000;14164292;1.21628;1.21634;1.21631;0;T;True;1
1621248020000;14164293;1.21628;1.21634;1.21631;0;T;True;1
1621248021000;14164295;1.21628;1.21634;1.21631;1;T;True;1
1621248022000;14164296;1.21628;1.21634;1.21631;0;T;True;1
1621248023000;14164298;1.21628;1.21634;1.21631;1;T;True;1
1621248024000;14164299;1.21628;1.21634;1.21631;0;T;True;1
1621248025000;14164300;1.21628;1.21634;1.21631;0;T;True;1
1621248026000;14164301;1.21628;1.21634;1.21631;0;T;True;1
1621248027000;14164302;1.21628;1.21634;1.21631;0;T;True;1
1621248028000;14164304;1.21628;1.21634;1.21631;1;T;True;1
1621248029000;14164306;1.21628;1.21634;1.21631;1;T;True;1
1621248030000;14164311;1.21631;1.21637;1.21634;4;T;True;1
1621248031000;14164314;1.21632;1.21638;1.21635;2;T;True;1
1621248032000;14164315;1.21632;1.21638;1.21635;0;T;True;1
1621248033000;14164318;1.2163;1.21636;1.21633;2;T;True;1
1621248034000;14164319;1.2163;1.21636;1.21633;0;T;True;1
1621248035000;14164321;1.21628;1.21634;1.21631;1;T;True;1
1621248036000;14164323;1.21628;1.21634;1.21631;1;T;True;1
1621248037000;14164325;1.21628;1.21634;1.21631;1;T;True;1
1621248038000;14164328;1.21628;1.21634;1.21631;2;T;True;1
1621248039000;14164329;1.21628;1.21634;1.21631;0;T;True;1
1621248040000;14164331;1.21628;1.21634;1.21631;1;T;True;1
1621248041000;14164332;1.21628;1.21634;1.21631;0;T;True;1
1621248042000;14164335;1.21626;1.21632;1.21629;2;T;True;1
1621248043000;14164338;1.21626;1.21632;1.21629;2;T;True;1
1621248044000;14164339;1.21626;1.21632;1.21629;0;T;True;1
1621248045000;14164340;1.21626;1.21632;1.21629;0;T;True;1
1621248046000;14164341;1.21626;1.21632;1.21629;0;T;True;1
1621248047000;14164343;1.21626;1.21632;1.21629;1;T;True;1
1621248048000;14164345;1.21626;1.21632;1.21629;1;T;True;1
1621248049000;14164348;1.21625;1.21631;1.21628;2;T;True;1
1621248050000;14164350;1.21625;1.21631;1.21628;1;T;True;1
1621248051000;14164351;1.21625;1.21631;1.21628;0;T;True;1
1621248052000;14164352;1.21625;1.21631;1.21628;0;T;True;1
1621248053000;14164353;1.21625;1.21631;1.21628;0;T;True;1
1621248054000;14164355;1.21626;1.21632;1.21629;1;T;True;1
1621248055000;14164356;1.21626;1.21632;1.21629;0;T;True;1
1621248056000;14164358;1.21626;1.21632;1.21629;1;T;True;1
1621248057000;14164361;1.21626;1.21632;1.21629;2;T;True;1
1621248058000;14164365;1.21624;1.2163;1.21627;3;T;True;1
1621248059000;14164368;1.21626;1.21632;1.21629;2;T;True;1
1621248060000;14164369;1.21626;1.21632;1.21629;0;T;True;1
1621248061000;14164371;1.21624;1.2163;1.21627;1;T;True;1
1621248062000;14164378;1.21622;1.21628;1.21625;6;T;True;1
1621248063000;14164379;1.21622;1.21628;1.21625;0;T;True;1
1621248064000;14164387;1.21626;1.21632;1.21629;7;T;True;1
1621248065000;14164389;1.21626;1.21632;1.21629;1;T;True;1
1621248066000;14164390;1.21626;1.21632;1.21629;0;T;True;1
1621248067000;14164399;1.21626;1.21632;1.21629;8;T;True;1
1621248068000;14164403;1.21628;1.21634;1.21631;3;T;True;1
1621248069000;14164409;1.21628;1.21634;1.21631;5;T;True;1
1621248070000;14164411;1.21628;1.21634;1.21631;1;T;True;1
1621248071000;14164412;1.21628;1.21634;1.21631;0;T;True;1
1621248072000;14164414;1.21628;1.21634;1.21631;1;T;True;1
1621248073000;14164415;1.21628;1.21634;1.21631;0;T;True;1
1621248074000;14164417;1.21628;1.21634;1.21631;1;T;True;1
1621248075000;14164418;1.21628;1.21634;1.21631;0;T;True;1
1621248076000;14164419;1.21628;1.21634;1.21631;0;T;True;1
1621248077000;14164420;1.21628;1.21634;1.21631;0;T;True;1
1621248078000;14164421;1.21628;1.21634;1.21631;0;T;True;1
1621248079000;14164422;1.21628;1.21634;1.21631;0;T;True;1
1621248080000;14164424;1.21628;1.21634;1.21631;1;T;True;1
1621248081000;14164425;1.21628;1.21634;1.21631;0;T;True;1
1621248082000;14164429;1.21626;1.21632;1.21629;3;T;True;1
1621248083000;14164431;1.21626;1.21632;1.21629;1;T;True;1
1621248084000;14164432;1.21626;1.21632;1.21629;0;T;True;1
1621248085000;14164433;1.21626;1.21632;1.21629;0;T;True;1
1621248086000;14164434;1.21626;1.21632;1.21629;0;T;True;1
1621248087000;14164435;1.21626;1.21632;1.21629;0;T;True;1
1621248088000;14164436;1.21626;1.21632;1.21629;0;T;True;1
1621248089000;14164437;1.21626;1.21632;1.21629;0;T;True;1
1621248090000;14164438;1.21626;1.21632;1.21629;0;T;True;1
1621248091000;14164439;1.21626;1.21632;1.21629;0;T;True;1
1621248092000;14164440;1.21626;1.21632;1.21629;0;T;True;1
1621248093000;14164444;1.21628;1.21634;1.21631;3;T;True;1
1621248094000;14164446;1.21628;1.21634;1.21631;1;T;True;1
1621248095000;14164447;1.21628;1.21634;1.21631;0;T;True;1
1621248096000;14164448;1.21628;1.21634;1.21631;0;T;True;1
1621248097000;14164449;1.21628;1.21634;1.21631;0;T;True;1
1621248098000;14164450;1.21628;1.21634;1.21631;0;T;True;1
1621248099000;14164451;1.21628;1.21634;1.21631;0;T;True;1
1621248100000;14164452;1.21628;1.21634;1.21631;0;T;True;1
1621248101000;14164457;1.2163;1.21636;1.21633;4;T;True;1
1621248102000;14164465;1.21638;1.21644;1.21641;7;T;True;1
1621248103000;14164467;1.21638;1.21644;1.21641;1;T;True;1
1621248104000;14164468;1.21638;1.21644;1.21641;0;T;True;1
1621248105000;14164469;1.21638;1.21644;1.21641;0;T;True;1
1621248106000;14164471;1.21638;1.21644;1.21641;1;T;True;1
1621248107000;14164472;1.21638;1.21644;1.21641;0;T;True;1
1621248108000;14164473;1.21638;1.21644;1.21641;0;T;True;1
1621248109000;14164476;1.21638;1.21644;1.21641;2;T;True;1
1621248110000;14164478;1.21638;1.21644;1.21641;1;T;True;1
1621248111000;14164480;1.21637;1.21643;1.2164;1;T;True;1
1621248112000;14164481;1.21637;1.21643;1.2164;0;T;True;1
1621248113000;14164483;1.21637;1.21643;1.2164;1;T;True;1
1621248114000;14164484;1.21637;1.21643;1.2164;0;T;True;1
1621248115000;14164485;1.21637;1.21643;1.2164;0;T;True;1
1621248116000;14164486;1.21637;1.21643;1.2164;0;T;True;1
1621248117000;14164487;1.21637;1.21643;1.2164;0;T;True;1
1621248118000;14164489;1.21636;1.21642;1.21639;1;T;True;1
1621248119000;14164492;1.21636;1.21642;1.21639;2;T;True;1
1621248120000;14164493;1.21636;1.21642;1.21639;0;T;True;1
1621248121000;14164494;1.21636;1.21642;1.21639;0;T;True;1
1621248122000;14164498;1.21638;1.21644;1.21641;3;T;True;1
1621248123000;14164500;1.21638;1.21644;1.21641;1;T;True;1
1621248124000;14164501;1.21638;1.21644;1.21641;0;T;True;1
1621248125000;14164503;1.21638;1.21644;1.21641;1;T;True;1
1621248126000;14164509;1.2164;1.21646;1.21643;5;T;True;1
1621248127000;14164510;1.2164;1.21646;1.21643;0;T;True;1
1621248128000;14164513;1.21638;1.21644;1.21641;2;T;True;1
1621248129000;14164515;1.21638;1.21644;1.21641;1;T;True;1
1621248130000;14164519;1.21637;1.21643;1.2164;3;T;True;1
1621248131000;14164522;1.21636;1.21642;1.21639;2;T;True;1
1621248132000;14164523;1.21636;1.21642;1.21639;0;T;True;1
1621248133000;14164524;1.21636;1.21642;1.21639;0;T;True;1
1621248134000;14164528;1.21638;1.21644;1.21641;3;T;True;1
1621248135000;14164530;1.21638;1.21644;1.21641;1;T;True;1
1621248136000;14164531;1.21638;1.21644;1.21641;0;T;True;1
1621248137000;14164535;1.21636;1.21642;1.21639;3;T;True;1
1621248138000;14164539;1.21634;1.2164;1.21637;3;T;True;1
1621248139000;14164549;1.21631;1.21637;1.21634;9;T;True;1
1621248140000;14164552;1.21632;1.21638;1.21635;2;T;True;1
1621248141000;14164553;1.21632;1.21638;1.21635;0;T;True;1
1621248142000;14164559;1.2163;1.21636;1.21633;5;T;True;1
1621248143000;14164560;1.2163;1.21636;1.21633;0;T;True;1
1621248144000;14164567;1.21628;1.21634;1.21631;6;T;True;1
1621248145000;14164568;1.21628;1.21634;1.21631;0;T;True;1
1621248146000;14164570;1.21628;1.21634;1.21631;1;T;True;1
1621248147000;14164571;1.21628;1.21634;1.21631;0;T;True;1
1621248148000;14164572;1.21628;1.21634;1.21631;0;T;True;1
1621248149000;14164573;1.21628;1.21634;1.21631;0;T;True;1
1621248150000;14164574;1.21628;1.21634;1.21631;0;T;True;1
1621248151000;14164578;1.21627;1.21633;1.2163;3;T;True;1
1621248152000;14164581;1.21628;1.21634;1.21631;2;T;True;1
1621248153000;14164582;1.21628;1.21634;1.21631;0;T;True;1
1621248154000;14164583;1.21628;1.21634;1.21631;0;T;True;1
1621248155000;14164584;1.21628;1.21634;1.21631;0;T;True;1
1621248156000;14164585;1.21628;1.21634;1.21631;0;T;True;1
1621248157000;14164587;1.21628;1.21634;1.21631;1;T;True;1
1621248158000;14164588;1.21628;1.21634;1.21631;0;T;True;1
1621248159000;14164590;1.21628;1.21634;1.21631;1;T;True;1
1621248160000;14164591;1.21628;1.21634;1.21631;0;T;True;1
1621248161000;14164593;1.21628;1.21634;1.21631;1;T;True;1
1621248162000;14164594;1.21628;1.21634;1.21631;0;T;True;1
1621248163000;14164597;1.21628;1.21634;1.21631;2;T;True;1
1621248164000;14164598;1.21628;1.21634;1.21631;0;T;True;1
1621248165000;14164599;1.21628;1.21634;1.21631;0;T;True;1
1621248166000;14164600;1.21628;1.21634;1.21631;0;T;True;1
1621248167000;14164601;1.21628;1.21634;1.21631;0;T;True;1
1621248168000;14164606;1.21629;1.21635;1.21632;4;T;True;1
1621248169000;14164608;1.21628;1.21634;1.21631;1;T;True;1
1621248170000;14164609;1.21628;1.21634;1.21631;0;T;True;1
1621248171000;14164610;1.21628;1.21634;1.21631;0;T;True;1
1621248172000;14164611;1.21628;1.21634;1.21631;0;T;True;1
1621248173000;14164612;1.21628;1.21634;1.21631;0;T;True;1
1621248174000;14164613;1.21628;1.21634;1.21631;0;T;True;1
1621248175000;14164614;1.21628;1.21634;1.21631;0;T;True;1
1621248176000;14164615;1.21628;1.21634;1.21631;0;T;True;1
1621248177000;14164616;1.21628;1.21634;1.21631;0;T;True;1
1621248178000;14164617;1.21628;1.21634;1.21631;0;T;True;1
1621248179000;14164618;1.21628;1.21634;1.21631;0;T;True;1
1621248180000;14164621;1.21631;1.21637;1.21634;2;T;True;1
1621248181000;14164622;1.21631;1.21637;1.21634;0;T;True;1
1621248182000;14164624;1.21632;1.21638;1.21635;1;T;True;1
1621248183000;14164625;1.21632;1.21638;1.21635;0;T;True;1
1621248184000;14164626;1.21632;1.21638;1.21635;0;T;True;1
1621248185000;14164627;1.21632;1.21638;1.21635;0;T;True;1
1621248186000;14164628;1.21632;1.21638;1.21635;0;T;True;1
1621248187000;14164629;1.21632;1.21638;1.21635;0;T;True;1
1621248188000;14164630;1.21632;1.21638;1.21635;0;T;True;1
1621248189000;14164631;1.21632;1.21638;1.21635;0;T;True;1
1621248190000;14164632;1.21632;1.21638;1.21635;0;T;True;1
1621248191000;14164633;1.21632;1.21638;1.21635;0;T;True;1
1621248192000;14164634;1.21632;1.21638;1.21635;0;T;True;1
1621248193000;14164635;1.21632;1.21638;1.21635;0;T;True;1
1621248194000;14164636;1.21632;1.21638;1.21635;0;T;True;1
1621248195000;14164638;1.2163;1.21636;1.21633;1;T;True;1
1621248196000;14164639;1.2163;1.21636;1.21633;0;T;True;1
1621248197000;14164640;1.2163;1.21636;1.21633;0;T;True;1
1621248198000;14164642;1.2163;1.21636;1.21633;1;T;True;1
1621248199000;14164643;1.2163;1.21636;1.21633;0;T;True;1
1621248200000;14164645;1.2163;1.21636;1.21633;1;T;True;1
1621248201000;14164648;1.21632;1.21638;1.21635;2;T;True;1
1621248202000;14164649;1.21632;1.21638;1.21635;0;T;True;1
1621248203000;14164650;1.21632;1.21638;1.21635;0;T;True;1
1621248204000;14164651;1.21632;1.21638;1.21635;0;T;True;1
1621248205000;14164652;1.21632;1.21638;1.21635;0;T;True;1
1621248206000;14164657;1.21632;1.21638;1.21635;4;T;True;1
1621248207000;14164660;1.21632;1.21638;1.21635;2;T;True;1
1621248208000;14164661;1.21632;1.21638;1.21635;0;T;True;1
1621248209000;14164662;1.21632;1.21638;1.21635;0;T;True;1
1621248210000;14164663;1.21632;1.21638;1.21635;0;T;True;1
1621248211000;14164665;1.21632;1.21638;1.21635;1;T;True;1
1621248212000;14164669;1.2163;1.21636;1.21633;3;T;True;1
1621248213000;14164680;1.21636;1.21642;1.21639;10;T;True;1
1621248214000;14164684;1.21636;1.21642;1.21639;3;T;True;1
1621248215000;14164690;1.21636;1.21642;1.21639;5;T;True;1
1621248216000;14164691;1.21636;1.21642;1.21639;0;T;True;1
1621248217000;14164693;1.21636;1.21642;1.21639;1;T;True;1
1621248218000;14164694;1.21636;1.21642;1.21639;0;T;True;1
1621248219000;14164696;1.21636;1.21642;1.21639;1;T;True;1
1621248220000;14164697;1.21636;1.21642;1.21639;0;T;True;1
1621248221000;14164698;1.21636;1.21642;1.21639;0;T;True;1
1621248222000;14164699;1.21636;1.21642;1.21639;0;T;True;1
1621248223000;14164700;1.21636;1.21642;1.21639;0;T;True;1
1621248224000;14164708;1.21636;1.21642;1.21639;7;T;True;1
1621248225000;14164710;1.21636;1.21642;1.21639;1;T;True;1
1621248226000;14164711;1.21636;1.21642;1.21639;0;T;True;1
1621248227000;14164712;1.21636;1.21642;1.21639;0;T;True;1
1621248228000;14164713;1.21636;1.21642;1.21639;0;T;True;1
1621248229000;14164725;1.21635;1.21641;1.21638;11;T;True;1
1621248230000;14164726;1.21635;1.21641;1.21638;0;T;True;1
1621248231000;14164727;1.21635;1.21641;1.21638;0;T;True;1
1621248232000;14164728;1.21635;1.21641;1.21638;0;T;True;1
1621248233000;14164730;1.21635;1.21641;1.21638;1;T;True;1
1621248234000;14164733;1.21636;1.21642;1.21639;2;T;True;1
1621248235000;14164734;1.21636;1.21642;1.21639;0;T;True;1
1621248236000;14164737;1.21636;1.21642;1.21639;2;T;True;1
1621248237000;14164738;1.21636;1.21642;1.21639;0;T;True;1
1621248238000;14164739;1.21636;1.21642;1.21639;0;T;True;1
1621248239000;14164740;1.21636;1.21642;1.21639;0;T;True;1
1621248240000;14164741;1.21636;1.21642;1.21639;0;T;True;1
1621248241000;14164742;1.21636;1.21642;1.21639;0;T;True;1
1621248242000;14164750;1.21635;1.21641;1.21638;7;T;True;1
1621248243000;14164753;1.21634;1.2164;1.21637;2;T;True;1
1621248244000;14164760;1.21636;1.21642;1.21639;6;T;True;1
1621248245000;14164762;1.21636;1.21642;1.21639;1;T;True;1
1621248246000;14164764;1.21636;1.21642;1.21639;1;T;True;1
1621248247000;14164765;1.21636;1.21642;1.21639;0;T;True;1
1621248248000;14164767;1.21636;1.21642;1.21639;1;T;True;1
1621248249000;14164768;1.21636;1.21642;1.21639;0;T;True;1
1621248250000;14164771;1.21637;1.21643;1.2164;2;T;True;1
1621248251000;14164773;1.21636;1.21642;1.21639;1;T;True;1
1621248252000;14164774;1.21636;1.21642;1.21639;0;T;True;1
1621248253000;14164775;1.21636;1.21642;1.21639;0;T;True;1
1621248254000;14164776;1.21636;1.21642;1.21639;0;T;True;1
1621248255000;14164777;1.21636;1.21642;1.21639;0;T;True;1
1621248256000;14164778;1.21636;1.21642;1.21639;0;T;True;1
1621248257000;14164780;1.21636;1.21642;1.21639;1;T;True;1
1621248258000;14164781;1.21636;1.21642;1.21639;0;T;True;1
1621248259000;14164782;1.21636;1.21642;1.21639;0;T;True;1
1621248260000;14164783;1.21636;1.21642;1.21639;0;T;True;1
1621248261000;14164784;1.21636;1.21642;1.21639;0;T;True;1
1621248262000;14164785;1.21636;1.21642;1.21639;0;T;True;1
1621248263000;14164786;1.21636;1.21642;1.21639;0;T;True;1
1621248264000;14164788;1.21636;1.21642;1.21639;1;T;True;1
1621248265000;14164789;1.21636;1.21642;1.21639;0;T;True;1
1621248266000;14164794;1.21636;1.21642;1.21639;4;T;True;1
1621248267000;14164795;1.21636;1.21642;1.21639;0;T;True;1
1621248268000;14164796;1.21636;1.21642;1.21639;0;T;True;1
1621248269000;14164799;1.21634;1.2164;1.21637;2;T;True;1
1621248270000;14164801;1.21634;1.2164;1.21637;1;T;True;1
1621248271000;14164803;1.21634;1.2164;1.21637;1;T;True;1
1621248272000;14164809;1.21634;1.2164;1.21637;5;T;True;1
1621248273000;14164810;1.21634;1.2164;1.21637;0;T;True;1
1621248274000;14164811;1.21634;1.2164;1.21637;0;T;True;1
1621248275000;14164812;1.21634;1.2164;1.21637;0;T;True;1
1621248276000;14164813;1.21634;1.2164;1.21637;0;T;True;1
1621248277000;14164814;1.21634;1.2164;1.21637;0;T;True;1
1621248278000;14164817;1.21633;1.21639;1.21636;2;T;True;1
1621248279000;14164819;1.21632;1.21638;1.21635;1;T;True;1
1621248280000;14164823;1.21632;1.21638;1.21635;3;T;True;1
1621248281000;14164824;1.21632;1.21638;1.21635;0;T;True;1
1621248282000;14164826;1.21631;1.21637;1.21634;1;T;True;1
1621248283000;14164828;1.2163;1.21636;1.21633;1;T;True;1
1621248284000;14164830;1.21629;1.21635;1.21632;1;T;True;1
1621248285000;14164832;1.21629;1.21635;1.21632;1;T;True;1
1621248286000;14164835;1.21629;1.21635;1.21632;2;T;True;1
1621248287000;14164836;1.21629;1.21635;1.21632;0;T;True;1
1621248288000;14164838;1.21628;1.21634;1.21631;1;T;True;1
1621248289000;14164839;1.21628;1.21634;1.21631;0;T;True;1
1621248290000;14164840;1.21628;1.21634;1.21631;0;T;True;1
1621248291000;14164841;1.21628;1.21634;1.21631;0;T;True;1
1621248292000;14164842;1.21628;1.21634;1.21631;0;T;True;1
1621248293000;14164844;1.21628;1.21634;1.21631;1;T;True;1
1621248294000;14164845;1.21628;1.21634;1.21631;0;T;True;1
1621248295000;14164846;1.21628;1.21634;1.21631;0;T;True;1
1621248296000;14164849;1.21628;1.21634;1.21631;2;T;True;1
1621248297000;14164850;1.21628;1.21634;1.21631;0;T;True;1
1621248298000;14164852;1.21628;1.21634;1.21631;1;T;True;1
1621248299000;14164853;1.21628;1.21634;1.21631;0;T;True;1
1621248300000;14164854;1.21628;1.21634;1.21631;0;T;True;1
1621248301000;14164855;1.21628;1.21634;1.21631;0;T;True;1
1621248302000;14164856;1.21628;1.21634;1.21631;0;T;True;1
1621248303000;14164857;1.21628;1.21634;1.21631;0;T;True;1
1621248304000;14164858;1.21628;1.21634;1.21631;0;T;True;1
1621248305000;14164859;1.21628;1.21634;1.21631;0;T;True;1
1621248306000;14164865;1.21624;1.2163;1.21627;5;T;True;1
1621248307000;14164867;1.21624;1.2163;1.21627;1;T;True;1
1621248308000;14164872;1.21626;1.21632;1.21629;4;T;True;1
1621248309000;14164873;1.21626;1.21632;1.21629;0;T;True;1
1621248310000;14164874;1.21626;1.21632;1.21629;0;T;True;1
1621248311000;14164875;1.21626;1.21632;1.21629;0;T;True;1
1621248312000;14164877;1.21626;1.21632;1.21629;1;T;True;1
1621248313000;14164879;1.21628;1.21634;1.21631;1;T;True;1
1621248314000;14164880;1.21628;1.21634;1.21631;0;T;True;1
1621248315000;14164881;1.21628;1.21634;1.21631;0;T;True;1
1621248316000;14164882;1.21628;1.21634;1.21631;0;T;True;1
1621248317000;14164883;1.21628;1.21634;1.21631;0;T;True;1
1621248318000;14164884;1.21628;1.21634;1.21631;0;T;True;1
1621248319000;14164885;1.21628;1.21634;1.21631;0;T;True;1
1621248320000;14164886;1.21628;1.21634;1.21631;0;T;True;1
1621248321000;14164887;1.21628;1.21634;1.21631;0;T;True;1
1621248322000;14164893;1.21625;1.21631;1.21628;5;T;True;1
1621248323000;14164894;1.21625;1.21631;1.21628;0;T;True;1
1621248324000;14164895;1.21625;1.21631;1.21628;0;T;True;1
1621248325000;14164896;1.21625;1.21631;1.21628;0;T;True;1
1621248326000;14164897;1.21625;1.21631;1.21628;0;T;True;1
1621248327000;14164898;1.21625;1.21631;1.21628;0;T;True;1
1621248328000;14164899;1.21625;1.21631;1.21628;0;T;True;1
1621248329000;14164900;1.21625;1.21631;1.21628;0;T;True;1
1621248330000;14164901;1.21625;1.21631;1.21628;0;T;True;1
1621248331000;14164902;1.21625;1.21631;1.21628;0;T;True;1
1621248332000;14164903;1.21625;1.21631;1.21628;0;T;True;1
1621248333000;14164907;1.21624;1.2163;1.21627;3;T;True;1
1621248334000;14164910;1.21624;1.2163;1.21627;2;T;True;1
1621248335000;14164911;1.21624;1.2163;1.21627;0;T;True;1
1621248336000;14164915;1.21624;1.2163;1.21627;3;T;True;1
1621248337000;14164916;1.21624;1.2163;1.21627;0;T;True;1
1621248338000;14164919;1.21624;1.2163;1.21627;2;T;True;1
1621248339000;14164920;1.21624;1.2163;1.21627;0;T;True;1
1621248340000;14164921;1.21624;1.2163;1.21627;0;T;True;1
1621248341000;14164922;1.21624;1.2163;1.21627;0;T;True;1
1621248342000;14164926;1.21623;1.21629;1.21626;3;T;True;1
1621248343000;14164929;1.21624;1.2163;1.21627;2;T;True;1
1621248344000;14164933;1.21624;1.2163;1.21627;3;T;True;1
1621248345000;14164939;1.2162;1.21626;1.21623;5;T;True;1
1621248346000;14164940;1.2162;1.21626;1.21623;0;T;True;1
1621248347000;14164941;1.2162;1.21626;1.21623;0;T;True;1
1621248348000;14164944;1.2162;1.21626;1.21623;2;T;True;1
1621248349000;14164946;1.2162;1.21626;1.21623;1;T;True;1
1621248350000;14164947;1.2162;1.21626;1.21623;0;T;True;1
1621248351000;14164948;1.2162;1.21626;1.21623;0;T;True;1
1621248352000;14164952;1.21622;1.21628;1.21625;3;T;True;1
1621248353000;14164960;1.2162;1.21626;1.21623;7;T;True;1
1621248354000;14164961;1.2162;1.21626;1.21623;0;T;True;1
1621248355000;14164962;1.2162;1.21626;1.21623;0;T;True;1
1621248356000;14164963;1.2162;1.21626;1.21623;0;T;True;1
1621248357000;14164969;1.21622;1.21628;1.21625;5;T;True;1
1621248358000;14164971;1.21622;1.21628;1.21625;1;T;True;1
1621248359000;14164977;1.2162;1.21626;1.21623;5;T;True;1
1621248360000;14164978;1.2162;1.21626;1.21623;0;T;True;1
1621248361000;14164979;1.2162;1.21626;1.21623;0;T;True;1
1621248362000;14164982;1.21622;1.21628;1.21625;2;T;True;1
1621248363000;14164988;1.21619;1.21625;1.21622;5;T;True;1
1621248364000;14164990;1.21619;1.21625;1.21622;1;T;True;1
1621248365000;14164993;1.21619;1.21625;1.21622;2;T;True;1
1621248366000;14164994;1.21619;1.21625;1.21622;0;T;True;1
1621248367000;14164995;1.21619;1.21625;1.21622;0;T;True;1
1621248368000;14164996;1.21619;1.21625;1.21622;0;T;True;1
1621248369000;14164998;1.21619;1.21625;1.21622;1;T;True;1
1621248370000;14165006;1.21614;1.2162;1.21617;7;T;True;1
1621248371000;14165007;1.21614;1.2162;1.21617;0;T;True;1
1621248372000;14165008;1.21614;1.2162;1.21617;0;T;True;1
1621248373000;14165009;1.21614;1.2162;1.21617;0;T;True;1
1621248374000;14165010;1.21614;1.2162;1.21617;0;T;True;1
1621248375000;14165012;1.21614;1.2162;1.21617;1;T;True;1
1621248376000;14165020;1.21614;1.2162;1.21617;7;T;True;1
1621248377000;14165025;1.21616;1.21622;1.21619;4;T;True;1
1621248378000;14165029;1.21614;1.2162;1.21617;3;T;True;1
1621248379000;14165032;1.21614;1.2162;1.21617;2;T;True;1
1621248380000;14165034;1.21614;1.2162;1.21617;1;T;True;1
1621248381000;14165036;1.21614;1.2162;1.21617;1;T;True;1
1621248382000;14165037;1.21614;1.2162;1.21617;0;T;True;1
1621248383000;14165038;1.21614;1.2162;1.21617;0;T;True;1
1621248384000;14165042;1.21614;1.2162;1.21617;3;T;True;1
1621248385000;14165043;1.21614;1.2162;1.21617;0;T;True;1
1621248386000;14165044;1.21614;1.2162;1.21617;0;T;True;1
1621248387000;14165045;1.21614;1.2162;1.21617;0;T;True;1
1621248388000;14165047;1.21614;1.2162;1.21617;1;T;True;1
1621248389000;14165048;1.21614;1.2162;1.21617;0;T;True;1
1621248390000;14165050;1.21615;1.21621;1.21618;1;T;True;1
1621248391000;14165052;1.21615;1.21621;1.21618;1;T;True;1
1621248392000;14165053;1.21615;1.21621;1.21618;0;T;True;1
1621248393000;14165057;1.21616;1.21622;1.21619;3;T;True;1
1621248394000;14165059;1.21615;1.21621;1.21618;1;T;True;1
1621248395000;14165060;1.21615;1.21621;1.21618;0;T;True;1
1621248396000;14165061;1.21615;1.21621;1.21618;0;T;True;1
1621248397000;14165063;1.21615;1.21621;1.21618;1;T;True;1
1621248398000;14165069;1.21615;1.21621;1.21618;5;T;True;1
1621248399000;14165072;1.21616;1.21622;1.21619;2;T;True;1
1621248400000;14165078;1.21616;1.21622;1.21619;5;T;True;1
1621248401000;14165079;1.21616;1.21622;1.21619;0;T;True;1
1621248402000;14165080;1.21616;1.21622;1.21619;0;T;True;1
1621248403000;14165085;1.21614;1.2162;1.21617;4;T;True;1
1621248404000;14165087;1.21614;1.2162;1.21617;1;T;True;1
1621248405000;14165095;1.21614;1.2162;1.21617;7;T;True;1
1621248406000;14165096;1.21614;1.2162;1.21617;0;T;True;1
1621248407000;14165101;1.21614;1.2162;1.21617;4;T;True;1
1621248408000;14165102;1.21614;1.2162;1.21617;0;T;True;1
1621248409000;14165104;1.21614;1.2162;1.21617;1;T;True;1
1621248410000;14165106;1.21614;1.2162;1.21617;1;T;True;1
1621248411000;14165109;1.21613;1.21619;1.21616;2;T;True;1
1621248412000;14165115;1.21608;1.21614;1.21611;5;T;True;1
1621248413000;14165117;1.21608;1.21614;1.21611;1;T;True;1
1621248414000;14165120;1.21608;1.21614;1.21611;2;T;True;1
1621248415000;14165122;1.21608;1.21614;1.21611;1;T;True;1
1621248416000;14165123;1.21608;1.21614;1.21611;0;T;True;1
1621248417000;14165124;1.21608;1.21614;1.21611;0;T;True;1
1621248418000;14165125;1.21608;1.21614;1.21611;0;T;True;1
1621248419000;14165126;1.21608;1.21614;1.21611;0;T;True;1
1621248420000;14165133;1.21609;1.21615;1.21612;6;T;True;1
1621248421000;14165136;1.2161;1.21616;1.21613;2;T;True;1
1621248422000;14165137;1.2161;1.21616;1.21613;0;T;True;1
1621248423000;14165139;1.2161;1.21616;1.21613;1;T;True;1
1621248424000;14165142;1.21611;1.21617;1.21614;2;T;True;1
1621248425000;14165144;1.21612;1.21618;1.21615;1;T;True;1
1621248426000;14165146;1.21612;1.21618;1.21615;1;T;True;1
1621248427000;14165147;1.21612;1.21618;1.21615;0;T;True;1
1621248428000;14165148;1.21612;1.21618;1.21615;0;T;True;1
1621248429000;14165149;1.21612;1.21618;1.21615;0;T;True;1
1621248430000;14165150;1.21612;1.21618;1.21615;0;T;True;1
1621248431000;14165151;1.21612;1.21618;1.21615;0;T;True;1
1621248432000;14165153;1.21612;1.21618;1.21615;1;T;True;1
1621248433000;14165156;1.21614;1.2162;1.21617;2;T;True;1
1621248434000;14165162;1.21617;1.21623;1.2162;5;T;True;1
1621248435000;14165166;1.21618;1.21624;1.21621;3;T;True;1
1621248436000;14165168;1.21618;1.21624;1.21621;1;T;True;1
1621248437000;14165176;1.21622;1.21628;1.21625;7;T;True;1
1621248438000;14165181;1.21622;1.21628;1.21625;4;T;True;1
1621248439000;14165182;1.21622;1.21628;1.21625;0;T;True;1
1621248440000;14165188;1.21622;1.21628;1.21625;5;T;True;1
1621248441000;14165190;1.21623;1.21629;1.21626;1;T;True;1
1621248442000;14165192;1.21622;1.21628;1.21625;1;T;True;1
1621248443000;14165194;1.21623;1.21629;1.21626;1;T;True;1
1621248444000;14165195;1.21623;1.21629;1.21626;0;T;True;1
1621248445000;14165196;1.21623;1.21629;1.21626;0;T;True;1
1621248446000;14165197;1.21623;1.21629;1.21626;0;T;True;1
1621248447000;14165199;1.21622;1.21628;1.21625;1;T;True;1
1621248448000;14165203;1.21622;1.21628;1.21625;3;T;True;1
1621248449000;14165208;1.21622;1.21628;1.21625;4;T;True;1
1621248450000;14165209;1.21622;1.21628;1.21625;0;T;True;1
1621248451000;14165210;1.21622;1.21628;1.21625;0;T;True;1
1621248452000;14165214;1.21622;1.21628;1.21625;3;T;True;1
1621248453000;14165218;1.21622;1.21628;1.21625;3;T;True;1
1621248454000;14165219;1.21622;1.21628;1.21625;0;T;True;1
1621248455000;14165222;1.21621;1.21627;1.21624;2;T;True;1
1621248456000;14165224;1.21621;1.21627;1.21624;1;T;True;1
1621248457000;14165225;1.21621;1.21627;1.21624;0;T;True;1
1621248458000;14165226;1.21621;1.21627;1.21624;0;T;True;1
1621248459000;14165227;1.21621;1.21627;1.21624;0;T;True;1
1621248460000;14165228;1.21621;1.21627;1.21624;0;T;True;1
1621248461000;14165230;1.21621;1.21627;1.21624;1;T;True;1
1621248462000;14165231;1.21621;1.21627;1.21624;0;T;True;1
1621248463000;14165236;1.21626;1.21632;1.21629;4;T;True;1
1621248464000;14165237;1.21626;1.21632;1.21629;0;T;True;1
1621248465000;14165239;1.21625;1.21631;1.21628;1;T;True;1
1621248466000;14165243;1.21624;1.2163;1.21627;3;T;True;1
1621248467000;14165244;1.21624;1.2163;1.21627;0;T;True;1
1621248468000;14165245;1.21624;1.2163;1.21627;0;T;True;1
1621248469000;14165249;1.21624;1.2163;1.21627;3;T;True;1
1621248470000;14165251;1.21624;1.2163;1.21627;1;T;True;1
1621248471000;14165252;1.21624;1.2163;1.21627;0;T;True;1
1621248472000;14165254;1.21624;1.2163;1.21627;1;T;True;1
1621248473000;14165255;1.21624;1.2163;1.21627;0;T;True;1
1621248474000;14165256;1.21624;1.2163;1.21627;0;T;True;1
1621248475000;14165258;1.21624;1.2163;1.21627;1;T;True;1
1621248476000;14165260;1.21624;1.2163;1.21627;1;T;True;1
1621248477000;14165261;1.21624;1.2163;1.21627;0;T;True;1
1621248478000;14165265;1.21628;1.21634;1.21631;3;T;True;1
1621248479000;14165266;1.21628;1.21634;1.21631;0;T;True;1
1621248480000;14165267;1.21628;1.21634;1.21631;0;T;True;1
1621248481000;14165268;1.21628;1.21634;1.21631;0;T;True;1
1621248482000;14165269;1.21628;1.21634;1.21631;0;T;True;1
1621248483000;14165270;1.21628;1.21634;1.21631;0;T;True;1
1621248484000;14165271;1.21628;1.21634;1.21631;0;T;True;1
1621248485000;14165272;1.21628;1.21634;1.21631;0;T;True;1
1621248486000;14165273;1.21628;1.21634;1.21631;0;T;True;1
1621248487000;14165274;1.21628;1.21634;1.21631;0;T;True;1
1621248488000;14165281;1.2163;1.21636;1.21633;6;T;True;1
1621248489000;14165293;1.21632;1.21638;1.21635;11;T;True;1
1621248490000;14165296;1.2163;1.21636;1.21633;2;T;True;1
1621248491000;14165297;1.2163;1.21636;1.21633;0;T;True;1
1621248492000;14165298;1.2163;1.21636;1.21633;0;T;True;1
1621248493000;14165302;1.21629;1.21635;1.21632;3;T;True;1
1621248494000;14165303;1.21629;1.21635;1.21632;0;T;True;1
1621248495000;14165308;1.21624;1.2163;1.21627;4;T;True;1
1621248496000;14165312;1.21623;1.21629;1.21626;3;T;True;1
1621248497000;14165313;1.21623;1.21629;1.21626;0;T;True;1
1621248498000;14165316;1.21623;1.21629;1.21626;2;T;True;1
1621248499000;14165317;1.21623;1.21629;1.21626;0;T;True;1
1621248500000;14165318;1.21623;1.21629;1.21626;0;T;True;1
1621248501000;14165321;1.21622;1.21628;1.21625;2;T;True;1
1621248502000;14165323;1.21622;1.21628;1.21625;1;T;True;1
1621248503000;14165324;1.21622;1.21628;1.21625;0;T;True;1
1621248504000;14165325;1.21622;1.21628;1.21625;0;T;True;1
1621248505000;14165326;1.21622;1.21628;1.21625;0;T;True;1
1621248506000;14165327;1.21622;1.21628;1.21625;0;T;True;1
1621248507000;14165328;1.21622;1.21628;1.21625;0;T;True;1
1621248508000;14165329;1.21622;1.21628;1.21625;0;T;True;1
1621248509000;14165331;1.21622;1.21628;1.21625;1;T;True;1
1621248510000;14165332;1.21622;1.21628;1.21625;0;T;True;1
1621248511000;14165334;1.21622;1.21628;1.21625;1;T;True;1
1621248512000;14165338;1.21621;1.21627;1.21624;3;T;True;1
1621248513000;14165340;1.2162;1.21626;1.21623;1;T;True;1
1621248514000;14165342;1.21622;1.21628;1.21625;1;T;True;1
1621248515000;14165343;1.21622;1.21628;1.21625;0;T;True;1
1621248516000;14165349;1.21624;1.2163;1.21627;5;T;True;1
1621248517000;14165356;1.21624;1.2163;1.21627;6;T;True;1
1621248518000;14165362;1.21624;1.2163;1.21627;5;T;True;1
1621248519000;14165367;1.21626;1.21632;1.21629;4;T;True;1
1621248520000;14165368;1.21626;1.21632;1.21629;0;T;True;1
1621248521000;14165369;1.21626;1.21632;1.21629;0;T;True;1
1621248522000;14165370;1.21626;1.21632;1.21629;0;T;True;1
1621248523000;14165371;1.21626;1.21632;1.21629;0;T;True;1
1621248524000;14165375;1.21627;1.21633;1.2163;3;T;True;1
1621248525000;14165376;1.21627;1.21633;1.2163;0;T;True;1
1621248526000;14165377;1.21627;1.21633;1.2163;0;T;True;1
1621248527000;14165378;1.21627;1.21633;1.2163;0;T;True;1
1621248528000;14165379;1.21627;1.21633;1.2163;0;T;True;1
1621248529000;14165380;1.21627;1.21633;1.2163;0;T;True;1
1621248530000;14165381;1.21627;1.21633;1.2163;0;T;True;1
1621248531000;14165382;1.21627;1.21633;1.2163;0;T;True;1
1621248532000;14165383;1.21627;1.21633;1.2163;0;T;True;1
1621248533000;14165384;1.21627;1.21633;1.2163;0;T;True;1
1621248534000;14165385;1.21627;1.21633;1.2163;0;T;True;1
1621248535000;14165387;1.21627;1.21633;1.2163;1;T;True;1
1621248536000;14165389;1.21626;1.21632;1.21629;1;T;True;1
1621248537000;14165398;1.21626;1.21632;1.21629;8;T;True;1
1621248538000;14165399;1.21626;1.21632;1.21629;0;T;True;1
1621248539000;14165402;1.21624;1.2163;1.21627;2;T;True;1
1621248540000;14165403;1.21624;1.2163;1.21627;0;T;True;1
1621248541000;14165407;1.21626;1.21632;1.21629;3;T;True;1
1621248542000;14165408;1.21626;1.21632;1.21629;0;T;True;1
1621248543000;14165410;1.21626;1.21632;1.21629;1;T;True;1
1621248544000;14165411;1.21626;1.21632;1.21629;0;T;True;1
1621248545000;14165412;1.21626;1.21632;1.21629;0;T;True;1
1621248546000;14165414;1.21626;1.21632;1.21629;1;T;True;1
1621248547000;14165415;1.21626;1.21632;1.21629;0;T;True;1
1621248548000;14165416;1.21626;1.21632;1.21629;0;T;True;1
1621248549000;14165417;1.21626;1.21632;1.21629;0;T;True;1
1621248550000;14165418;1.21626;1.21632;1.21629;0;T;True;1
1621248551000;14165419;1.21626;1.21632;1.21629;0;T;True;1
1621248552000;14165420;1.21626;1.21632;1.21629;0;T;True;1
1621248553000;14165424;1.21624;1.2163;1.21627;3;T;True;1
1621248554000;14165425;1.21624;1.2163;1.21627;0;T;True;1
1621248555000;14165429;1.21624;1.2163;1.21627;3;T;True;1
1621248556000;14165432;1.21623;1.21629;1.21626;2;T;True;1
1621248557000;14165433;1.21623;1.21629;1.21626;0;T;True;1
1621248558000;14165434;1.21623;1.21629;1.21626;0;T;True;1
1621248559000;14165435;1.21623;1.21629;1.21626;0;T;True;1
1621248560000;14165436;1.21623;1.21629;1.21626;0;T;True;1
1621248561000;14165439;1.21626;1.21632;1.21629;2;T;True;1
1621248562000;14165441;1.21626;1.21632;1.21629;1;T;True;1
1621248563000;14165442;1.21626;1.21632;1.21629;0;T;True;1
1621248564000;14165443;1.21626;1.21632;1.21629;0;T;True;1
1621248565000;14165445;1.21626;1.21632;1.21629;1;T;True;1
1621248566000;14165446;1.21626;1.21632;1.21629;0;T;True;1
1621248567000;14165447;1.21626;1.21632;1.21629;0;T;True;1
1621248568000;14165448;1.21626;1.21632;1.21629;0;T;True;1
1621248569000;14165449;1.21626;1.21632;1.21629;0;T;True;1
1621248570000;14165453;1.21626;1.21632;1.21629;3;T;True;1
1621248571000;14165454;1.21626;1.21632;1.21629;0;T;True;1
1621248572000;14165455;1.21626;1.21632;1.21629;0;T;True;1
1621248573000;14165456;1.21626;1.21632;1.21629;0;T;True;1
1621248574000;14165457;1.21626;1.21632;1.21629;0;T;True;1
1621248575000;14165458;1.21626;1.21632;1.21629;0;T;True;1
1621248576000;14165459;1.21626;1.21632;1.21629;0;T;True;1
1621248577000;14165460;1.21626;1.21632;1.21629;0;T;True;1
1621248578000;14165461;1.21626;1.21632;1.21629;0;T;True;1
1621248579000;14165467;1.21622;1.21628;1.21625;5;T;True;1
1621248580000;14165469;1.21622;1.21628;1.21625;1;T;True;1
1621248581000;14165470;1.21622;1.21628;1.21625;0;T;True;1
1621248582000;14165471;1.21622;1.21628;1.21625;0;T;True;1
1621248583000;14165474;1.21622;1.21628;1.21625;2;T;True;1
1621248584000;14165477;1.21622;1.21628;1.21625;2;T;True;1
1621248585000;14165488;1.21645;1.21651;1.21648;10;T;True;1
1621248586000;14165497;1.21652;1.21658;1.21655;8;T;True;1
1621248587000;14165499;1.21653;1.21659;1.21656;1;T;True;1
1621248588000;14165501;1.21654;1.2166;1.21657;1;T;True;1
1621248589000;14165505;1.21653;1.21659;1.21656;3;T;True;1
1621248590000;14165506;1.21653;1.21659;1.21656;0;T;True;1
1621248591000;14165509;1.21652;1.21658;1.21655;2;T;True;1
1621248592000;14165510;1.21652;1.21658;1.21655;0;T;True;1
1621248593000;14165511;1.21652;1.21658;1.21655;0;T;True;1
1621248594000;14165516;1.21652;1.21658;1.21655;4;T;True;1
1621248595000;14165521;1.21657;1.21663;1.2166;4;T;True;1
1621248596000;14165523;1.21656;1.21662;1.21659;1;T;True;1
1621248597000;14165524;1.21656;1.21662;1.21659;0;T;True;1
1621248598000;14165531;1.21662;1.21668;1.21665;6;T;True;1
1621248599000;14165534;1.21662;1.21668;1.21665;2;T;True;1
1621248600000;14165536;1.21663;1.21669;1.21666;1;T;True;1
1621248601000;14165541;1.21661;1.21667;1.21664;4;T;True;1
1621248602000;14165544;1.21662;1.21668;1.21665;2;T;True;1
1621248603000;14165545;1.21662;1.21668;1.21665;0;T;True;1
1621248604000;14165548;1.21662;1.21668;1.21665;2;T;True;1
1621248605000;14165549;1.21662;1.21668;1.21665;0;T;True;1
1621248606000;14165550;1.21662;1.21668;1.21665;0;T;True;1
1621248607000;14165551;1.21662;1.21668;1.21665;0;T;True;1
1621248608000;14165552;1.21662;1.21668;1.21665;0;T;True;1
1621248609000;14165553;1.21662;1.21668;1.21665;0;T;True;1
1621248610000;14165555;1.21662;1.21668;1.21665;1;T;True;1
1621248611000;14165556;1.21662;1.21668;1.21665;0;T;True;1
1621248612000;14165557;1.21662;1.21668;1.21665;0;T;True;1
1621248613000;14165559;1.21662;1.21668;1.21665;1;T;True;1
1621248614000;14165561;1.21662;1.21668;1.21665;1;T;True;1
1621248615000;14165563;1.21661;1.21667;1.21664;1;T;True;1
1621248616000;14165564;1.21661;1.21667;1.21664;0;T;True;1
1621248617000;14165565;1.21661;1.21667;1.21664;0;T;True;1
1621248618000;14165568;1.2166;1.21666;1.21663;2;T;True;1
1621248619000;14165573;1.21658;1.21664;1.21661;4;T;True;1
1621248620000;14165574;1.21658;1.21664;1.21661;0;T;True;1
1621248621000;14165575;1.21658;1.21664;1.21661;0;T;True;1
1621248622000;14165578;1.21656;1.21662;1.21659;2;T;True;1
1621248623000;14165579;1.21656;1.21662;1.21659;0;T;True;1
1621248624000;14165580;1.21656;1.21662;1.21659;0;T;True;1
1621248625000;14165581;1.21656;1.21662;1.21659;0;T;True;1
1621248626000;14165582;1.21656;1.21662;1.21659;0;T;True;1
1621248627000;14165585;1.21658;1.21664;1.21661;2;T;True;1
1621248628000;14165586;1.21658;1.21664;1.21661;0;T;True;1
1621248629000;14165589;1.2166;1.21666;1.21663;2;T;True;1
1621248630000;14165590;1.2166;1.21666;1.21663;0;T;True;1
1621248631000;14165591;1.2166;1.21666;1.21663;0;T;True;1
1621248632000;14165592;1.2166;1.21666;1.21663;0;T;True;1
1621248633000;14165593;1.2166;1.21666;1.21663;0;T;True;1
1621248634000;14165596;1.2166;1.21666;1.21663;2;T;True;1
1621248635000;14165599;1.21662;1.21668;1.21665;2;T;True;1
1621248636000;14165602;1.21662;1.21668;1.21665;2;T;True;1
1621248637000;14165603;1.21662;1.21668;1.21665;0;T;True;1
1621248638000;14165605;1.21662;1.21668;1.21665;1;T;True;1
1621248639000;14165608;1.21662;1.21668;1.21665;2;T;True;1
1621248640000;14165609;1.21662;1.21668;1.21665;0;T;True;1
1621248641000;14165610;1.21662;1.21668;1.21665;0;T;True;1
1621248642000;14165612;1.21662;1.21668;1.21665;1;T;True;1
1621248643000;14165613;1.21662;1.21668;1.21665;0;T;True;1
1621248644000;14165614;1.21662;1.21668;1.21665;0;T;True;1
1621248645000;14165615;1.21662;1.21668;1.21665;0;T;True;1
1621248646000;14165617;1.21662;1.21668;1.21665;1;T;True;1
1621248647000;14165619;1.21664;1.2167;1.21667;1;T;True;1
1621248648000;14165623;1.21664;1.2167;1.21667;3;T;True;1
1621248649000;14165624;1.21664;1.2167;1.21667;0;T;True;1
1621248650000;14165625;1.21664;1.2167;1.21667;0;T;True;1
1621248651000;14165626;1.21664;1.2167;1.21667;0;T;True;1
1621248652000;14165630;1.21662;1.21668;1.21665;3;T;True;1
1621248653000;14165632;1.21662;1.21668;1.21665;1;T;True;1
1621248654000;14165633;1.21662;1.21668;1.21665;0;T;True;1
1621248655000;14165634;1.21662;1.21668;1.21665;0;T;True;1
1621248656000;14165636;1.21662;1.21668;1.21665;1;T;True;1
1621248657000;14165637;1.21662;1.21668;1.21665;0;T;True;1
1621248658000;14165639;1.21662;1.21668;1.21665;1;T;True;1
1621248659000;14165640;1.21662;1.21668;1.21665;0;T;True;1
1621248660000;14165642;1.21662;1.21668;1.21665;1;T;True;1
1621248661000;14165643;1.21662;1.21668;1.21665;0;T;True;1
1621248662000;14165646;1.21662;1.21668;1.21665;2;T;True;1
1621248663000;14165651;1.21664;1.2167;1.21667;4;T;True;1
1621248664000;14165655;1.21664;1.2167;1.21667;3;T;True;1
1621248665000;14165656;1.21664;1.2167;1.21667;0;T;True;1
1621248666000;14165657;1.21664;1.2167;1.21667;0;T;True;1
1621248667000;14165658;1.21664;1.2167;1.21667;0;T;True;1
1621248668000;14165662;1.21662;1.21668;1.21665;3;T;True;1
1621248669000;14165663;1.21662;1.21668;1.21665;0;T;True;1
1621248670000;14165664;1.21662;1.21668;1.21665;0;T;True;1
1621248671000;14165665;1.21662;1.21668;1.21665;0;T;True;1
1621248672000;14165666;1.21662;1.21668;1.21665;0;T;True;1
1621248673000;14165668;1.21662;1.21668;1.21665;1;T;True;1
1621248674000;14165669;1.21662;1.21668;1.21665;0;T;True;1
1621248675000;14165670;1.21662;1.21668;1.21665;0;T;True;1
1621248676000;14165671;1.21662;1.21668;1.21665;0;T;True;1
1621248677000;14165672;1.21662;1.21668;1.21665;0;T;True;1
1621248678000;14165673;1.21662;1.21668;1.21665;0;T;True;1
1621248679000;14165674;1.21662;1.21668;1.21665;0;T;True;1
1621248680000;14165675;1.21662;1.21668;1.21665;0;T;True;1
1621248681000;14165678;1.2166;1.21666;1.21663;2;T;True;1
1621248682000;14165680;1.2166;1.21666;1.21663;1;T;True;1
1621248683000;14165682;1.2166;1.21666;1.21663;1;T;True;1
1621248684000;14165683;1.2166;1.21666;1.21663;0;T;True;1
1621248685000;14165684;1.2166;1.21666;1.21663;0;T;True;1
1621248686000;14165687;1.2166;1.21666;1.21663;2;T;True;1
1621248687000;14165693;1.21662;1.21668;1.21665;5;T;True;1
1621248688000;14165694;1.21662;1.21668;1.21665;0;T;True;1
1621248689000;14165695;1.21662;1.21668;1.21665;0;T;True;1
1621248690000;14165696;1.21662;1.21668;1.21665;0;T;True;1
1621248691000;14165697;1.21662;1.21668;1.21665;0;T;True;1
1621248692000;14165698;1.21662;1.21668;1.21665;0;T;True;1
1621248693000;14165699;1.21662;1.21668;1.21665;0;T;True;1
1621248694000;14165700;1.21662;1.21668;1.21665;0;T;True;1
1621248695000;14165701;1.21662;1.21668;1.21665;0;T;True;1
1621248696000;14165702;1.21662;1.21668;1.21665;0;T;True;1
1621248697000;14165703;1.21662;1.21668;1.21665;0;T;True;1
1621248698000;14165704;1.21662;1.21668;1.21665;0;T;True;1
1621248699000;14165705;1.21662;1.21668;1.21665;0;T;True;1
1621248700000;14165706;1.21662;1.21668;1.21665;0;T;True;1
1621248701000;14165708;1.21662;1.21668;1.21665;1;T;True;1
1621248702000;14165709;1.21662;1.21668;1.21665;0;T;True;1
1621248703000;14165710;1.21662;1.21668;1.21665;0;T;True;1
1621248704000;14165712;1.21662;1.21668;1.21665;1;T;True;1
1621248705000;14165713;1.21662;1.21668;1.21665;0;T;True;1
1621248706000;14165714;1.21662;1.21668;1.21665;0;T;True;1
1621248707000;14165715;1.21662;1.21668;1.21665;0;T;True;1
1621248708000;14165716;1.21662;1.21668;1.21665;0;T;True;1
1621248709000;14165717;1.21662;1.21668;1.21665;0;T;True;1
1621248710000;14165718;1.21662;1.21668;1.21665;0;T;True;1
1621248711000;14165719;1.21662;1.21668;1.21665;0;T;True;1
1621248712000;14165720;1.21662;1.21668;1.21665;0;T;True;1
1621248713000;14165721;1.21662;1.21668;1.21665;0;T;True;1
1621248714000;14165722;1.21662;1.21668;1.21665;0;T;True;1
1621248715000;14165723;1.21662;1.21668;1.21665;0;T;True;1
1621248716000;14165724;1.21662;1.21668;1.21665;0;T;True;1
1621248717000;14165725;1.21662;1.21668;1.21665;0;T;True;1
1621248718000;14165726;1.21662;1.21668;1.21665;0;T;True;1
1621248719000;14165727;1.21662;1.21668;1.21665;0;T;True;1
1621248720000;14165728;1.21662;1.21668;1.21665;0;T;True;1
1621248721000;14165731;1.2166;1.21666;1.21663;2;T;True;1
1621248722000;14165734;1.21658;1.21664;1.21661;2;T;True;1
1621248723000;14165736;1.21658;1.21664;1.21661;1;T;True;1
1621248724000;14165737;1.21658;1.21664;1.21661;0;T;True;1
1621248725000;14165739;1.21658;1.21664;1.21661;1;T;True;1
1621248726000;14165742;1.21656;1.21662;1.21659;2;T;True;1
1621248727000;14165743;1.21656;1.21662;1.21659;0;T;True;1
1621248728000;14165744;1.21656;1.21662;1.21659;0;T;True;1
1621248729000;14165745;1.21656;1.21662;1.21659;0;T;True;1
1621248730000;14165753;1.21648;1.21654;1.21651;7;T;True;1
1621248731000;14165756;1.21648;1.21654;1.21651;2;T;True;1
1621248732000;14165760;1.21652;1.21658;1.21655;3;T;True;1
1621248733000;14165767;1.2165;1.21656;1.21653;6;T;True;1
1621248734000;14165772;1.21654;1.2166;1.21657;4;T;True;1
1621248735000;14165775;1.21655;1.21661;1.21658;2;T;True;1
1621248736000;14165776;1.21655;1.21661;1.21658;0;T;True;1
1621248737000;14165777;1.21655;1.21661;1.21658;0;T;True;1
1621248738000;14165778;1.21655;1.21661;1.21658;0;T;True;1
1621248739000;14165779;1.21655;1.21661;1.21658;0;T;True;1
1621248740000;14165780;1.21655;1.21661;1.21658;0;T;True;1
1621248741000;14165782;1.21656;1.21662;1.21659;1;T;True;1
1621248742000;14165784;1.21657;1.21663;1.2166;1;T;True;1
1621248743000;14165786;1.21657;1.21663;1.2166;1;T;True;1
1621248744000;14165790;1.21658;1.21664;1.21661;3;T;True;1
1621248745000;14165791;1.21658;1.21664;1.21661;0;T;True;1
1621248746000;14165792;1.21658;1.21664;1.21661;0;T;True;1
1621248747000;14165793;1.21658;1.21664;1.21661;0;T;True;1
1621248748000;14165796;1.21656;1.21662;1.21659;2;T;True;1
1621248749000;14165798;1.21656;1.21662;1.21659;1;T;True;1
1621248750000;14165801;1.21655;1.21661;1.21658;2;T;True;1
1621248751000;14165803;1.21656;1.21662;1.21659;1;T;True;1
1621248752000;14165804;1.21656;1.21662;1.21659;0;T;True;1
1621248753000;14165805;1.21656;1.21662;1.21659;0;T;True;1
1621248754000;14165809;1.21653;1.21659;1.21656;3;T;True;1
1621248755000;14165810;1.21653;1.21659;1.21656;0;T;True;1
1621248756000;14165813;1.21652;1.21658;1.21655;2;T;True;1
1621248757000;14165814;1.21652;1.21658;1.21655;0;T;True;1
1621248758000;14165816;1.21652;1.21658;1.21655;1;T;True;1
1621248759000;14165817;1.21652;1.21658;1.21655;0;T;True;1
1621248760000;14165824;1.21654;1.2166;1.21657;6;T;True;1
1621248761000;14165825;1.21654;1.2166;1.21657;0;T;True;1
1621248762000;14165826;1.21654;1.2166;1.21657;0;T;True;1
1621248763000;14165832;1.21658;1.21664;1.21661;5;T;True;1
1621248764000;14165834;1.21658;1.21664;1.21661;1;T;True;1
1621248765000;14165835;1.21658;1.21664;1.21661;0;T;True;1
1621248766000;14165837;1.21658;1.21664;1.21661;1;T;True;1
1621248767000;14165839;1.21658;1.21664;1.21661;1;T;True;1
1621248768000;14165840;1.21658;1.21664;1.21661;0;T;True;1
1621248769000;14165841;1.21658;1.21664;1.21661;0;T;True;1
1621248770000;14165842;1.21658;1.21664;1.21661;0;T;True;1
1621248771000;14165843;1.21658;1.21664;1.21661;0;T;True;1
1621248772000;14165844;1.21658;1.21664;1.21661;0;T;True;1
1621248773000;14165845;1.21658;1.21664;1.21661;0;T;True;1
1621248774000;14165846;1.21658;1.21664;1.21661;0;T;True;1
1621248775000;14165847;1.21658;1.21664;1.21661;0;T;True;1
1621248776000;14165855;1.21661;1.21667;1.21664;7;T;True;1
1621248777000;14165857;1.2166;1.21666;1.21663;1;T;True;1
1621248778000;14165858;1.2166;1.21666;1.21663;0;T;True;1
1621248779000;14165860;1.21661;1.21667;1.21664;1;T;True;1
1621248780000;14165861;1.21661;1.21667;1.21664;0;T;True;1
1621248781000;14165862;1.21661;1.21667;1.21664;0;T;True;1
1621248782000;14165863;1.21661;1.21667;1.21664;0;T;True;1
1621248783000;14165865;1.21661;1.21667;1.21664;1;T;True;1
1621248784000;14165867;1.21661;1.21667;1.21664;1;T;True;1
1621248785000;14165868;1.21661;1.21667;1.21664;0;T;True;1
1621248786000;14165870;1.21661;1.21667;1.21664;1;T;True;1
1621248787000;14165871;1.21661;1.21667;1.21664;0;T;True;1
1621248788000;14165872;1.21661;1.21667;1.21664;0;T;True;1
1621248789000;14165873;1.21661;1.21667;1.21664;0;T;True;1
1621248790000;14165874;1.21661;1.21667;1.21664;0;T;True;1
1621248791000;14165875;1.21661;1.21667;1.21664;0;T;True;1
1621248792000;14165878;1.2166;1.21666;1.21663;2;T;True;1
1621248793000;14165879;1.2166;1.21666;1.21663;0;T;True;1
1621248794000;14165880;1.2166;1.21666;1.21663;0;T;True;1
1621248795000;14165882;1.21662;1.21668;1.21665;1;T;True;1
1621248796000;14165893;1.21665;1.21671;1.21668;10;T;True;1
1621248797000;14165895;1.21665;1.21671;1.21668;1;T;True;1
1621248798000;14165896;1.21665;1.21671;1.21668;0;T;True;1
1621248799000;14165898;1.21664;1.2167;1.21667;1;T;True;1
1621248800000;14165900;1.21664;1.2167;1.21667;1;T;True;1
1621248801000;14165901;1.21664;1.2167;1.21667;0;T;True;1
1621248802000;14165902;1.21664;1.2167;1.21667;0;T;True;1
1621248803000;14165904;1.21664;1.2167;1.21667;1;T;True;1
1621248804000;14165906;1.21664;1.2167;1.21667;1;T;True;1
1621248805000;14165907;1.21664;1.2167;1.21667;0;T;True;1
1621248806000;14165908;1.21664;1.2167;1.21667;0;T;True;1
1621248807000;14165909;1.21664;1.2167;1.21667;0;T;True;1
1621248808000;14165910;1.21664;1.2167;1.21667;0;T;True;1
1621248809000;14165912;1.21664;1.2167;1.21667;1;T;True;1
1621248810000;14165925;1.21664;1.2167;1.21667;12;T;True;1
1621248811000;14165926;1.21664;1.2167;1.21667;0;T;True;1
1621248812000;14165928;1.21664;1.2167;1.21667;1;T;True;1
1621248813000;14165935;1.21662;1.21668;1.21665;6;T;True;1
1621248814000;14165936;1.21662;1.21668;1.21665;0;T;True;1
1621248815000;14165937;1.21662;1.21668;1.21665;0;T;True;1
1621248816000;14165938;1.21662;1.21668;1.21665;0;T;True;1
1621248817000;14165939;1.21662;1.21668;1.21665;0;T;True;1
1621248818000;14165940;1.21662;1.21668;1.21665;0;T;True;1
1621248819000;14165943;1.2166;1.21666;1.21663;2;T;True;1
1621248820000;14165944;1.2166;1.21666;1.21663;0;T;True;1
1621248821000;14165948;1.21658;1.21664;1.21661;3;T;True;1
1621248822000;14165949;1.21658;1.21664;1.21661;0;T;True;1
1621248823000;14165950;1.21658;1.21664;1.21661;0;T;True;1
1621248824000;14165953;1.21658;1.21664;1.21661;2;T;True;1
1621248825000;14165956;1.2166;1.21666;1.21663;2;T;True;1
1621248826000;14165958;1.2166;1.21666;1.21663;1;T;True;1
1621248827000;14165961;1.2166;1.21666;1.21663;2;T;True;1
1621248828000;14165962;1.2166;1.21666;1.21663;0;T;True;1
1621248829000;14165963;1.2166;1.21666;1.21663;0;T;True;1
1621248830000;14165965;1.21659;1.21665;1.21662;1;T;True;1
1621248831000;14165967;1.21659;1.21665;1.21662;1;T;True;1
1621248832000;14165969;1.2166;1.21666;1.21663;1;T;True;1
1621248833000;14165973;1.21658;1.21664;1.21661;3;T;True;1
1621248834000;14165974;1.21658;1.21664;1.21661;0;T;True;1
1621248835000;14165976;1.21659;1.21665;1.21662;1;T;True;1
1621248836000;14165977;1.21659;1.21665;1.21662;0;T;True;1
1621248837000;14165982;1.21656;1.21662;1.21659;4;T;True;1
1621248838000;14165983;1.21656;1.21662;1.21659;0;T;True;1
1621248839000;14165984;1.21656;1.21662;1.21659;0;T;True;1
1621248840000;14165985;1.21656;1.21662;1.21659;0;T;True;1
1621248841000;14165986;1.21656;1.21662;1.21659;0;T;True;1
1621248842000;14165988;1.21658;1.21664;1.21661;1;T;True;1
1621248843000;14165994;1.21655;1.21661;1.21658;5;T;True;1
1621248844000;14165995;1.21655;1.21661;1.21658;0;T;True;1
1621248845000;14165996;1.21655;1.21661;1.21658;0;T;True;1
1621248846000;14165997;1.21655;1.21661;1.21658;0;T;True;1
1621248847000;14165998;1.21655;1.21661;1.21658;0;T;True;1
1621248848000;14166003;1.21652;1.21658;1.21655;4;T;True;1
1621248849000;14166004;1.21652;1.21658;1.21655;0;T;True;1
1621248850000;14166006;1.21652;1.21658;1.21655;1;T;True;1
1621248851000;14166007;1.21652;1.21658;1.21655;0;T;True;1
1621248852000;14166008;1.21652;1.21658;1.21655;0;T;True;1
1621248853000;14166009;1.21652;1.21658;1.21655;0;T;True;1
1621248854000;14166010;1.21652;1.21658;1.21655;0;T;True;1
1621248855000;14166011;1.21652;1.21658;1.21655;0;T;True;1
1621248856000;14166013;1.21652;1.21658;1.21655;1;T;True;1
1621248857000;14166014;1.21652;1.21658;1.21655;0;T;True;1
1621248858000;14166015;1.21652;1.21658;1.21655;0;T;True;1
1621248859000;14166016;1.21652;1.21658;1.21655;0;T;True;1
1621248860000;14166017;1.21652;1.21658;1.21655;0;T;True;1
1621248861000;14166027;1.21654;1.2166;1.21657;9;T;True;1
1621248862000;14166033;1.21658;1.21664;1.21661;5;T;True;1
1621248863000;14166035;1.21658;1.21664;1.21661;1;T;True;1
1621248864000;14166036;1.21658;1.21664;1.21661;0;T;True;1
1621248865000;14166039;1.2166;1.21666;1.21663;2;T;True;1
1621248866000;14166040;1.2166;1.21666;1.21663;0;T;True;1
1621248867000;14166041;1.2166;1.21666;1.21663;0;T;True;1
1621248868000;14166042;1.2166;1.21666;1.21663;0;T;True;1
1621248869000;14166043;1.2166;1.21666;1.21663;0;T;True;1
1621248870000;14166046;1.2166;1.21666;1.21663;2;T;True;1
1621248871000;14166047;1.2166;1.21666;1.21663;0;T;True;1
1621248872000;14166052;1.21662;1.21668;1.21665;4;T;True;1
1621248873000;14166053;1.21662;1.21668;1.21665;0;T;True;1
1621248874000;14166054;1.21662;1.21668;1.21665;0;T;True;1
1621248875000;14166055;1.21662;1.21668;1.21665;0;T;True;1
1621248876000;14166057;1.21662;1.21668;1.21665;1;T;True;1
1621248877000;14166058;1.21662;1.21668;1.21665;0;T;True;1
1621248878000;14166061;1.21662;1.21668;1.21665;2;T;True;1
1621248879000;14166062;1.21662;1.21668;1.21665;0;T;True;1
1621248880000;14166063;1.21662;1.21668;1.21665;0;T;True;1
1621248881000;14166067;1.21662;1.21668;1.21665;3;T;True;1
1621248882000;14166070;1.21662;1.21668;1.21665;2;T;True;1
1621248883000;14166074;1.21664;1.2167;1.21667;3;T;True;1
1621248884000;14166076;1.21664;1.2167;1.21667;1;T;True;1
1621248885000;14166078;1.21664;1.2167;1.21667;1;T;True;1
1621248886000;14166084;1.2167;1.21676;1.21673;5;T;True;1
1621248887000;14166087;1.21669;1.21675;1.21672;2;T;True;1
1621248888000;14166088;1.21669;1.21675;1.21672;0;T;True;1
1621248889000;14166090;1.21669;1.21675;1.21672;1;T;True;1
1621248890000;14166092;1.2167;1.21676;1.21673;1;T;True;1
1621248891000;14166098;1.21669;1.21675;1.21672;5;T;True;1
1621248892000;14166104;1.21668;1.21674;1.21671;5;T;True;1
1621248893000;14166106;1.21668;1.21674;1.21671;1;T;True;1
1621248894000;14166111;1.21669;1.21675;1.21672;4;T;True;1
1621248895000;14166114;1.21669;1.21675;1.21672;2;T;True;1
1621248896000;14166116;1.21669;1.21675;1.21672;1;T;True;1
1621248897000;14166118;1.21669;1.21675;1.21672;1;T;True;1
1621248898000;14166122;1.2167;1.21676;1.21673;3;T;True;1
1621248899000;14166125;1.21671;1.21677;1.21674;2;T;True;1
1621248900000;14166127;1.21672;1.21678;1.21675;1;T;True;1
1621248901000;14166129;1.21672;1.21678;1.21675;1;T;True;1
1621248902000;14166131;1.21673;1.21679;1.21676;1;T;True;1
1621248903000;14166133;1.21674;1.2168;1.21677;1;T;True;1
1621248904000;14166136;1.21672;1.21678;1.21675;2;T;True;1
1621248905000;14166137;1.21672;1.21678;1.21675;0;T;True;1
1621248906000;14166140;1.21672;1.21678;1.21675;2;T;True;1
1621248907000;14166146;1.21674;1.2168;1.21677;5;T;True;1
1621248908000;14166147;1.21674;1.2168;1.21677;0;T;True;1
1621248909000;14166148;1.21674;1.2168;1.21677;0;T;True;1
1621248910000;14166153;1.21672;1.21678;1.21675;4;T;True;1
1621248911000;14166154;1.21672;1.21678;1.21675;0;T;True;1
1621248912000;14166155;1.21672;1.21678;1.21675;0;T;True;1
1621248913000;14166156;1.21672;1.21678;1.21675;0;T;True;1
1621248914000;14166157;1.21672;1.21678;1.21675;0;T;True;1
1621248915000;14166159;1.21672;1.21678;1.21675;1;T;True;1
1621248916000;14166160;1.21672;1.21678;1.21675;0;T;True;1
1621248917000;14166164;1.21673;1.21679;1.21676;3;T;True;1
1621248918000;14166165;1.21673;1.21679;1.21676;0;T;True;1
1621248919000;14166166;1.21673;1.21679;1.21676;0;T;True;1
1621248920000;14166167;1.21673;1.21679;1.21676;0;T;True;1
1621248921000;14166168;1.21673;1.21679;1.21676;0;T;True;1
1621248922000;14166174;1.21672;1.21678;1.21675;5;T;True;1
1621248923000;14166176;1.21672;1.21678;1.21675;1;T;True;1
1621248924000;14166180;1.21674;1.2168;1.21677;3;T;True;1
1621248925000;14166182;1.21673;1.21679;1.21676;1;T;True;1
1621248926000;14166187;1.21674;1.2168;1.21677;4;T;True;1
1621248927000;14166189;1.21674;1.2168;1.21677;1;T;True;1
1621248928000;14166190;1.21674;1.2168;1.21677;0;T;True;1
1621248929000;14166194;1.21674;1.2168;1.21677;3;T;True;1
1621248930000;14166199;1.21674;1.2168;1.21677;4;T;True;1
1621248931000;14166204;1.21674;1.2168;1.21677;4;T;True;1
1621248932000;14166213;1.21674;1.2168;1.21677;8;T;True;1
1621248933000;14166217;1.21672;1.21678;1.21675;3;T;True;1
1621248934000;14166220;1.21672;1.21678;1.21675;2;T;True;1
1621248935000;14166221;1.21672;1.21678;1.21675;0;T;True;1
1621248936000;14166222;1.21672;1.21678;1.21675;0;T;True;1
1621248937000;14166230;1.2167;1.21676;1.21673;7;T;True;1
1621248938000;14166231;1.2167;1.21676;1.21673;0;T;True;1
1621248939000;14166233;1.2167;1.21676;1.21673;1;T;True;1
1621248940000;14166238;1.21673;1.21679;1.21676;4;T;True;1
1621248941000;14166241;1.21674;1.2168;1.21677;2;T;True;1
1621248942000;14166242;1.21674;1.2168;1.21677;0;T;True;1
1621248943000;14166243;1.21674;1.2168;1.21677;0;T;True;1
1621248944000;14166244;1.21674;1.2168;1.21677;0;T;True;1
1621248945000;14166245;1.21674;1.2168;1.21677;0;T;True;1
1621248946000;14166246;1.21674;1.2168;1.21677;0;T;True;1
1621248947000;14166247;1.21674;1.2168;1.21677;0;T;True;1
1621248948000;14166249;1.21675;1.21681;1.21678;1;T;True;1
1621248949000;14166251;1.21674;1.2168;1.21677;1;T;True;1
1621248950000;14166252;1.21674;1.2168;1.21677;0;T;True;1
1621248951000;14166253;1.21674;1.2168;1.21677;0;T;True;1
1621248952000;14166254;1.21674;1.2168;1.21677;0;T;True;1
1621248953000;14166255;1.21674;1.2168;1.21677;0;T;True;1
1621248954000;14166256;1.21674;1.2168;1.21677;0;T;True;1
1621248955000;14166257;1.21674;1.2168;1.21677;0;T;True;1
1621248956000;14166258;1.21674;1.2168;1.21677;0;T;True;1
1621248957000;14166259;1.21674;1.2168;1.21677;0;T;True;1
1621248958000;14166263;1.21676;1.21682;1.21679;3;T;True;1
1621248959000;14166264;1.21676;1.21682;1.21679;0;T;True;1
1621248960000;14166274;1.21676;1.21682;1.21679;9;T;True;1
1621248961000;14166285;1.21676;1.21682;1.21679;10;T;True;1
1621248962000;14166286;1.21676;1.21682;1.21679;0;T;True;1
1621248963000;14166287;1.21676;1.21682;1.21679;0;T;True;1
1621248964000;14166289;1.21676;1.21682;1.21679;1;T;True;1
1621248965000;14166292;1.21675;1.21681;1.21678;2;T;True;1
1621248966000;14166295;1.21674;1.2168;1.21677;2;T;True;1
1621248967000;14166298;1.21675;1.21681;1.21678;2;T;True;1
1621248968000;14166305;1.2168;1.21686;1.21683;6;T;True;1
1621248969000;14166306;1.2168;1.21686;1.21683;0;T;True;1
1621248970000;14166308;1.2168;1.21686;1.21683;1;T;True;1
1621248971000;14166309;1.2168;1.21686;1.21683;0;T;True;1
1621248972000;14166310;1.2168;1.21686;1.21683;0;T;True;1
1621248973000;14166313;1.21682;1.21688;1.21685;2;T;True;1
1621248974000;14166324;1.21684;1.2169;1.21687;10;T;True;1
1621248975000;14166326;1.21684;1.2169;1.21687;1;T;True;1
1621248976000;14166329;1.21684;1.2169;1.21687;2;T;True;1
1621248977000;14166334;1.21682;1.21688;1.21685;4;T;True;1
1621248978000;14166342;1.21682;1.21688;1.21685;7;T;True;1
1621248979000;14166343;1.21682;1.21688;1.21685;0;T;True;1
1621248980000;14166353;1.21676;1.21682;1.21679;9;T;True;1
1621248981000;14166356;1.21676;1.21682;1.21679;2;T;True;1
1621248982000;14166359;1.21676;1.21682;1.21679;2;T;True;1
1621248983000;14166362;1.21676;1.21682;1.21679;2;T;True;1
1621248984000;14166363;1.21676;1.21682;1.21679;0;T;True;1
1621248985000;14166365;1.21676;1.21682;1.21679;1;T;True;1
1621248986000;14166371;1.21679;1.21685;1.21682;5;T;True;1
1621248987000;14166375;1.21678;1.21684;1.21681;3;T;True;1
1621248988000;14166380;1.2168;1.21686;1.21683;4;T;True;1
1621248989000;14166383;1.2168;1.21686;1.21683;2;T;True;1
1621248990000;14166387;1.2168;1.21686;1.21683;3;T;True;1
1621248991000;14166393;1.21678;1.21684;1.21681;5;T;True;1
1621248992000;14166400;1.2168;1.21686;1.21683;6;T;True;1
1621248993000;14166404;1.21681;1.21687;1.21684;3;T;True;1
