ts;n;bid;ask;value;volume;phase;round;active_id
1621227462000;14114451;1.21301;1.21307;1.21304;0;T;True;1
1621227463000;14114452;1.21301;1.21307;1.21304;0;T;True;1
1621227464000;14114453;1.21301;1.21307;1.21304;0;T;True;1
1621227465000;14114454;1.21301;1.21307;1.21304;0;T;True;1
1621227466000;14114455;1.21301;1.21307;1.21304;0;T;True;1
1621227467000;14114456;1.21301;1.21307;1.21304;0;T;True;1
1621227468000;14114457;1.21301;1.21307;1.21304;0;T;True;1
1621227469000;14114458;1.21301;1.21307;1.21304;0;T;True;1
1621227470000;14114459;1.21301;1.21307;1.21304;0;T;True;1
1621227471000;14114460;1.21301;1.21307;1.21304;0;T;True;1
1621227472000;14114461;1.21301;1.21307;1.21304;0;T;True;1
1621227473000;14114462;1.21301;1.21307;1.21304;0;T;True;1
1621227474000;14114463;1.21301;1.21307;1.21304;0;T;True;1
1621227475000;14114464;1.21301;1.21307;1.21304;0;T;True;1
1621227476000;14114465;1.21301;1.21307;1.21304;0;T;True;1
1621227477000;14114466;1.21301;1.21307;1.21304;0;T;True;1
1621227478000;14114467;1.21301;1.21307;1.21304;0;T;True;1
1621227479000;14114468;1.21301;1.21307;1.21304;0;T;True;1
1621227480000;14114469;1.21301;1.21307;1.21304;0;T;True;1
1621227481000;14114471;1.213;1.21306;1.21303;1;T;True;1
1621227482000;14114472;1.213;1.21306;1.21303;0;T;True;1
1621227483000;14114473;1.213;1.21306;1.21303;0;T;True;1
1621227484000;14114474;1.213;1.21306;1.21303;0;T;True;1
1621227485000;14114475;1.213;1.21306;1.21303;0;T;True;1
1621227486000;14114476;1.213;1.21306;1.21303;0;T;True;1
1621227487000;14114477;1.213;1.21306;1.21303;0;T;True;1
1621227488000;14114480;1.213;1.21306;1.21303;2;T;True;1
1621227489000;14114481;1.213;1.21306;1.21303;0;T;True;1
1621227490000;14114482;1.213;1.21306;1.21303;0;T;True;1
1621227491000;14114483;1.213;1.21306;1.21303;0;T;True;1
1621227492000;14114485;1.21298;1.21304;1.21301;1;T;True;1
1621227493000;14114486;1.21298;1.21304;1.21301;0;T;True;1
1621227494000;14114487;1.21298;1.21304;1.21301;0;T;True;1
1621227495000;14114489;1.21298;1.21304;1.21301;1;T;True;1
1621227496000;14114490;1.21298;1.21304;1.21301;0;T;True;1
1621227497000;14114492;1.21298;1.21304;1.21301;1;T;True;1
1621227498000;14114496;1.21298;1.21304;1.21301;3;T;True;1
1621227499000;14114498;1.21298;1.21304;1.21301;1;T;True;1
1621227500000;14114509;1.21292;1.21298;1.21295;10;T;True;1
1621227501000;14114513;1.21292;1.21298;1.21295;3;T;True;1
1621227502000;14114514;1.21292;1.21298;1.21295;0;T;True;1
1621227503000;14114515;1.21292;1.21298;1.21295;0;T;True;1
1621227504000;14114517;1.21291;1.21297;1.21294;1;T;True;1
1621227505000;14114518;1.21291;1.21297;1.21294;0;T;True;1
1621227506000;14114520;1.21291;1.21297;1.21294;1;T;True;1
1621227507000;14114521;1.21291;1.21297;1.21294;0;T;True;1
1621227508000;14114522;1.21291;1.21297;1.21294;0;T;True;1
1621227509000;14114523;1.21291;1.21297;1.21294;0;T;True;1
1621227510000;14114525;1.2129;1.21296;1.21293;1;T;True;1
1621227511000;14114528;1.2129;1.21296;1.21293;2;T;True;1
1621227512000;14114529;1.2129;1.21296;1.21293;0;T;True;1
1621227513000;14114530;1.2129;1.21296;1.21293;0;T;True;1
1621227514000;14114531;1.2129;1.21296;1.21293;0;T;True;1
1621227515000;14114533;1.2129;1.21296;1.21293;1;T;True;1
1621227516000;14114536;1.2129;1.21296;1.21293;2;T;True;1
1621227517000;14114541;1.21291;1.21297;1.21294;4;T;True;1
1621227518000;14114542;1.21291;1.21297;1.21294;0;T;True;1
1621227519000;14114543;1.21291;1.21297;1.21294;0;T;True;1
1621227520000;14114544;1.21291;1.21297;1.21294;0;T;True;1
1621227521000;14114545;1.21291;1.21297;1.21294;0;T;True;1
1621227522000;14114547;1.21291;1.21297;1.21294;1;T;True;1
1621227523000;14114548;1.21291;1.21297;1.21294;0;T;True;1
1621227524000;14114549;1.21291;1.21297;1.21294;0;T;True;1
1621227525000;14114550;1.21291;1.21297;1.21294;0;T;True;1
1621227526000;14114551;1.21291;1.21297;1.21294;0;T;True;1
1621227527000;14114552;1.21291;1.21297;1.21294;0;T;True;1
1621227528000;14114553;1.21291;1.21297;1.21294;0;T;True;1
1621227529000;14114554;1.21291;1.21297;1.21294;0;T;True;1
1621227530000;14114555;1.21291;1.21297;1.21294;0;T;True;1
1621227531000;14114557;1.2129;1.21296;1.21293;1;T;True;1
1621227532000;14114558;1.2129;1.21296;1.21293;0;T;True;1
1621227533000;14114559;1.2129;1.21296;1.21293;0;T;True;1
1621227534000;14114562;1.2129;1.21296;1.21293;2;T;True;1
1621227535000;14114563;1.2129;1.21296;1.21293;0;T;True;1
1621227536000;14114564;1.2129;1.21296;1.21293;0;T;True;1
1621227537000;14114565;1.2129;1.21296;1.21293;0;T;True;1
1621227538000;14114566;1.2129;1.21296;1.21293;0;T;True;1
1621227539000;14114567;1.2129;1.21296;1.21293;0;T;True;1
1621227540000;14114568;1.2129;1.21296;1.21293;0;T;True;1
1621227541000;14114570;1.2129;1.21296;1.21293;1;T;True;1
1621227542000;14114572;1.2129;1.21296;1.21293;1;T;True;1
1621227543000;14114575;1.2129;1.21296;1.21293;2;T;True;1
1621227544000;14114576;1.2129;1.21296;1.21293;0;T;True;1
1621227545000;14114579;1.21288;1.21294;1.21291;2;T;True;1
1621227546000;14114580;1.21288;1.21294;1.21291;0;T;True;1
1621227547000;14114582;1.21289;1.21295;1.21292;1;T;True;1
1621227548000;14114583;1.21289;1.21295;1.21292;0;T;True;1
1621227549000;14114584;1.21289;1.21295;1.21292;0;T;True;1
1621227550000;14114585;1.21289;1.21295;1.21292;0;T;True;1
1621227551000;14114586;1.21289;1.21295;1.21292;0;T;True;1
1621227552000;14114587;1.21289;1.21295;1.21292;0;T;True;1
1621227553000;14114588;1.21289;1.21295;1.21292;0;T;True;1
1621227554000;14114589;1.21289;1.21295;1.21292;0;T;True;1
1621227555000;14114590;1.21289;1.21295;1.21292;0;T;True;1
1621227556000;14114591;1.21289;1.21295;1.21292;0;T;True;1
1621227557000;14114592;1.21289;1.21295;1.21292;0;T;True;1
1621227558000;14114593;1.21289;1.21295;1.21292;0;T;True;1
1621227559000;14114594;1.21289;1.21295;1.21292;0;T;True;1
1621227560000;14114595;1.21289;1.21295;1.21292;0;T;True;1
1621227561000;14114596;1.21289;1.21295;1.21292;0;T;True;1
1621227562000;14114597;1.21289;1.21295;1.21292;0;T;True;1
1621227563000;14114598;1.21289;1.21295;1.21292;0;T;True;1
1621227564000;14114599;1.21289;1.21295;1.21292;0;T;True;1
1621227565000;14114600;1.21289;1.21295;1.21292;0;T;True;1
1621227566000;14114601;1.21289;1.21295;1.21292;0;T;True;1
1621227567000;14114602;1.21289;1.21295;1.21292;0;T;True;1
1621227568000;14114603;1.21289;1.21295;1.21292;0;T;True;1
1621227569000;14114604;1.21289;1.21295;1.21292;0;T;True;1
1621227570000;14114605;1.21289;1.21295;1.21292;0;T;True;1
1621227571000;14114606;1.21289;1.21295;1.21292;0;T;True;1
1621227572000;14114607;1.21289;1.21295;1.21292;0;T;True;1
1621227573000;14114615;1.2129;1.21296;1.21293;7;T;True;1
1621227574000;14114616;1.2129;1.21296;1.21293;0;T;True;1
1621227575000;14114617;1.2129;1.21296;1.21293;0;T;True;1
1621227576000;14114618;1.2129;1.21296;1.21293;0;T;True;1
1621227577000;14114619;1.2129;1.21296;1.21293;0;T;True;1
1621227578000;14114620;1.2129;1.21296;1.21293;0;T;True;1
1621227579000;14114621;1.2129;1.21296;1.21293;0;T;True;1
1621227580000;14114622;1.2129;1.21296;1.21293;0;T;True;1
1621227581000;14114623;1.2129;1.21296;1.21293;0;T;True;1
1621227582000;14114624;1.2129;1.21296;1.21293;0;T;True;1
1621227583000;14114634;1.21292;1.21298;1.21295;9;T;True;1
1621227584000;14114637;1.21292;1.21298;1.21295;2;T;True;1
1621227585000;14114638;1.21292;1.21298;1.21295;0;T;True;1
1621227586000;14114639;1.21292;1.21298;1.21295;0;T;True;1
1621227587000;14114640;1.21292;1.21298;1.21295;0;T;True;1
1621227588000;14114641;1.21292;1.21298;1.21295;0;T;True;1
1621227589000;14114642;1.21292;1.21298;1.21295;0;T;True;1
1621227590000;14114643;1.21292;1.21298;1.21295;0;T;True;1
1621227591000;14114644;1.21292;1.21298;1.21295;0;T;True;1
1621227592000;14114647;1.21292;1.21298;1.21295;2;T;True;1
1621227593000;14114648;1.21292;1.21298;1.21295;0;T;True;1
1621227594000;14114649;1.21292;1.21298;1.21295;0;T;True;1
1621227595000;14114650;1.21292;1.21298;1.21295;0;T;True;1
1621227596000;14114654;1.21292;1.21298;1.21295;3;T;True;1
1621227597000;14114659;1.21294;1.213;1.21297;4;T;True;1
1621227598000;14114661;1.21294;1.213;1.21297;1;T;True;1
1621227599000;14114662;1.21294;1.213;1.21297;0;T;True;1
1621227600000;14114663;1.21294;1.213;1.21297;0;T;True;1
1621227601000;14114672;1.21292;1.21298;1.21295;8;T;True;1
1621227602000;14114673;1.21292;1.21298;1.21295;0;T;True;1
1621227603000;14114676;1.21292;1.21298;1.21295;2;T;True;1
1621227604000;14114678;1.21292;1.21298;1.21295;1;T;True;1
1621227605000;14114680;1.21292;1.21298;1.21295;1;T;True;1
1621227606000;14114683;1.21293;1.21299;1.21296;2;T;True;1
1621227607000;14114686;1.21293;1.21299;1.21296;2;T;True;1
1621227608000;14114688;1.21292;1.21298;1.21295;1;T;True;1
1621227609000;14114689;1.21292;1.21298;1.21295;0;T;True;1
1621227610000;14114690;1.21292;1.21298;1.21295;0;T;True;1
1621227611000;14114691;1.21292;1.21298;1.21295;0;T;True;1
1621227612000;14114692;1.21292;1.21298;1.21295;0;T;True;1
1621227613000;14114694;1.21292;1.21298;1.21295;1;T;True;1
1621227614000;14114696;1.21291;1.21297;1.21294;1;T;True;1
1621227615000;14114698;1.21291;1.21297;1.21294;1;T;True;1
1621227616000;14114699;1.21291;1.21297;1.21294;0;T;True;1
1621227617000;14114700;1.21291;1.21297;1.21294;0;T;True;1
1621227618000;14114701;1.21291;1.21297;1.21294;0;T;True;1
1621227619000;14114702;1.21291;1.21297;1.21294;0;T;True;1
1621227620000;14114703;1.21291;1.21297;1.21294;0;T;True;1
1621227621000;14114704;1.21291;1.21297;1.21294;0;T;True;1
1621227622000;14114705;1.21291;1.21297;1.21294;0;T;True;1
1621227623000;14114706;1.21291;1.21297;1.21294;0;T;True;1
1621227624000;14114707;1.21291;1.21297;1.21294;0;T;True;1
1621227625000;14114708;1.21291;1.21297;1.21294;0;T;True;1
1621227626000;14114709;1.21291;1.21297;1.21294;0;T;True;1
1621227627000;14114710;1.21291;1.21297;1.21294;0;T;True;1
1621227628000;14114711;1.21291;1.21297;1.21294;0;T;True;1
1621227629000;14114712;1.21291;1.21297;1.21294;0;T;True;1
1621227630000;14114713;1.21291;1.21297;1.21294;0;T;True;1
1621227631000;14114714;1.21291;1.21297;1.21294;0;T;True;1
1621227632000;14114724;1.21295;1.21301;1.21298;9;T;True;1
1621227633000;14114726;1.21296;1.21302;1.21299;1;T;True;1
1621227634000;14114727;1.21296;1.21302;1.21299;0;T;True;1
1621227635000;14114728;1.21296;1.21302;1.21299;0;T;True;1
1621227636000;14114729;1.21296;1.21302;1.21299;0;T;True;1
1621227637000;14114730;1.21296;1.21302;1.21299;0;T;True;1
1621227638000;14114731;1.21296;1.21302;1.21299;0;T;True;1
1621227639000;14114732;1.21296;1.21302;1.21299;0;T;True;1
1621227640000;14114733;1.21296;1.21302;1.21299;0;T;True;1
1621227641000;14114734;1.21296;1.21302;1.21299;0;T;True;1
1621227642000;14114736;1.21296;1.21302;1.21299;1;T;True;1
1621227643000;14114742;1.21297;1.21303;1.213;5;T;True;1
1621227644000;14114743;1.21297;1.21303;1.213;0;T;True;1
1621227645000;14114744;1.21297;1.21303;1.213;0;T;True;1
1621227646000;14114745;1.21297;1.21303;1.213;0;T;True;1
1621227647000;14114746;1.21297;1.21303;1.213;0;T;True;1
1621227648000;14114747;1.21297;1.21303;1.213;0;T;True;1
1621227649000;14114750;1.21296;1.21302;1.21299;2;T;True;1
1621227650000;14114751;1.21296;1.21302;1.21299;0;T;True;1
1621227651000;14114752;1.21296;1.21302;1.21299;0;T;True;1
1621227652000;14114754;1.21296;1.21302;1.21299;1;T;True;1
1621227653000;14114755;1.21296;1.21302;1.21299;0;T;True;1
1621227654000;14114756;1.21296;1.21302;1.21299;0;T;True;1
1621227655000;14114757;1.21296;1.21302;1.21299;0;T;True;1
1621227656000;14114758;1.21296;1.21302;1.21299;0;T;True;1
1621227657000;14114759;1.21296;1.21302;1.21299;0;T;True;1
1621227658000;14114760;1.21296;1.21302;1.21299;0;T;True;1
1621227659000;14114761;1.21296;1.21302;1.21299;0;T;True;1
1621227660000;14114762;1.21296;1.21302;1.21299;0;T;True;1
1621227661000;14114763;1.21296;1.21302;1.21299;0;T;True;1
1621227662000;14114764;1.21296;1.21302;1.21299;0;T;True;1
1621227663000;14114765;1.21296;1.21302;1.21299;0;T;True;1
1621227664000;14114766;1.21296;1.21302;1.21299;0;T;True;1
1621227665000;14114767;1.21296;1.21302;1.21299;0;T;True;1
1621227666000;14114768;1.21296;1.21302;1.21299;0;T;True;1
1621227667000;14114769;1.21296;1.21302;1.21299;0;T;True;1
1621227668000;14114770;1.21296;1.21302;1.21299;0;T;True;1
1621227669000;14114771;1.21296;1.21302;1.21299;0;T;True;1
1621227670000;14114772;1.21296;1.21302;1.21299;0;T;True;1
1621227671000;14114773;1.21296;1.21302;1.21299;0;T;True;1
1621227672000;14114774;1.21296;1.21302;1.21299;0;T;True;1
1621227673000;14114779;1.21296;1.21302;1.21299;4;T;True;1
1621227674000;14114780;1.21296;1.21302;1.21299;0;T;True;1
1621227675000;14114787;1.21296;1.21302;1.21299;6;T;True;1
1621227676000;14114802;1.2129;1.21296;1.21293;14;T;True;1
1621227677000;14114803;1.2129;1.21296;1.21293;0;T;True;1
1621227678000;14114806;1.2129;1.21296;1.21293;2;T;True;1
1621227679000;14114807;1.2129;1.21296;1.21293;0;T;True;1
1621227680000;14114811;1.21288;1.21294;1.21291;3;T;True;1
1621227681000;14114820;1.21287;1.21293;1.2129;8;T;True;1
1621227682000;14114821;1.21287;1.21293;1.2129;0;T;True;1
1621227683000;14114822;1.21287;1.21293;1.2129;0;T;True;1
1621227684000;14114823;1.21287;1.21293;1.2129;0;T;True;1
1621227685000;14114824;1.21287;1.21293;1.2129;0;T;True;1
1621227686000;14114825;1.21287;1.21293;1.2129;0;T;True;1
1621227687000;14114835;1.21286;1.21292;1.21289;9;T;True;1
1621227688000;14114836;1.21286;1.21292;1.21289;0;T;True;1
1621227689000;14114837;1.21286;1.21292;1.21289;0;T;True;1
1621227690000;14114838;1.21286;1.21292;1.21289;0;T;True;1
1621227691000;14114839;1.21286;1.21292;1.21289;0;T;True;1
1621227692000;14114843;1.21286;1.21292;1.21289;3;T;True;1
1621227693000;14114844;1.21286;1.21292;1.21289;0;T;True;1
1621227694000;14114845;1.21286;1.21292;1.21289;0;T;True;1
1621227695000;14114847;1.21286;1.21292;1.21289;1;T;True;1
1621227696000;14114848;1.21286;1.21292;1.21289;0;T;True;1
1621227697000;14114849;1.21286;1.21292;1.21289;0;T;True;1
1621227698000;14114850;1.21286;1.21292;1.21289;0;T;True;1
1621227699000;14114851;1.21286;1.21292;1.21289;0;T;True;1
1621227700000;14114854;1.21286;1.21292;1.21289;2;T;True;1
1621227701000;14114855;1.21286;1.21292;1.21289;0;T;True;1
1621227702000;14114856;1.21286;1.21292;1.21289;0;T;True;1
1621227703000;14114857;1.21286;1.21292;1.21289;0;T;True;1
1621227704000;14114859;1.21286;1.21292;1.21289;1;T;True;1
1621227705000;14114861;1.21287;1.21293;1.2129;1;T;True;1
1621227706000;14114862;1.21287;1.21293;1.2129;0;T;True;1
1621227707000;14114863;1.21287;1.21293;1.2129;0;T;True;1
1621227708000;14114869;1.21288;1.21294;1.21291;5;T;True;1
1621227709000;14114878;1.21287;1.21293;1.2129;8;T;True;1
1621227710000;14114880;1.21287;1.21293;1.2129;1;T;True;1
1621227711000;14114881;1.21287;1.21293;1.2129;0;T;True;1
1621227712000;14114882;1.21287;1.21293;1.2129;0;T;True;1
1621227713000;14114885;1.21287;1.21293;1.2129;2;T;True;1
1621227714000;14114888;1.21287;1.21293;1.2129;2;T;True;1
1621227715000;14114889;1.21287;1.21293;1.2129;0;T;True;1
1621227716000;14114890;1.21287;1.21293;1.2129;0;T;True;1
1621227717000;14114891;1.21287;1.21293;1.2129;0;T;True;1
1621227718000;14114892;1.21287;1.21293;1.2129;0;T;True;1
1621227719000;14114893;1.21287;1.21293;1.2129;0;T;True;1
1621227720000;14114894;1.21287;1.21293;1.2129;0;T;True;1
1621227721000;14114896;1.21287;1.21293;1.2129;1;T;True;1
1621227722000;14114897;1.21287;1.21293;1.2129;0;T;True;1
1621227723000;14114898;1.21287;1.21293;1.2129;0;T;True;1
1621227724000;14114904;1.21288;1.21294;1.21291;5;T;True;1
1621227725000;14114908;1.21287;1.21293;1.2129;3;T;True;1
1621227726000;14114909;1.21287;1.21293;1.2129;0;T;True;1
1621227727000;14114911;1.21287;1.21293;1.2129;1;T;True;1
1621227728000;14114912;1.21287;1.21293;1.2129;0;T;True;1
1621227729000;14114913;1.21287;1.21293;1.2129;0;T;True;1
1621227730000;14114916;1.21287;1.21293;1.2129;2;T;True;1
1621227731000;14114918;1.21287;1.21293;1.2129;1;T;True;1
1621227732000;14114919;1.21287;1.21293;1.2129;0;T;True;1
1621227733000;14114920;1.21287;1.21293;1.2129;0;T;True;1
1621227734000;14114921;1.21287;1.21293;1.2129;0;T;True;1
1621227735000;14114922;1.21287;1.21293;1.2129;0;T;True;1
1621227736000;14114923;1.21287;1.21293;1.2129;0;T;True;1
1621227737000;14114924;1.21287;1.21293;1.2129;0;T;True;1
1621227738000;14114925;1.21287;1.21293;1.2129;0;T;True;1
1621227739000;14114926;1.21287;1.21293;1.2129;0;T;True;1
1621227740000;14114927;1.21287;1.21293;1.2129;0;T;True;1
1621227741000;14114928;1.21287;1.21293;1.2129;0;T;True;1
1621227742000;14114929;1.21287;1.21293;1.2129;0;T;True;1
1621227743000;14114930;1.21287;1.21293;1.2129;0;T;True;1
1621227744000;14114933;1.21287;1.21293;1.2129;2;T;True;1
1621227745000;14114935;1.21287;1.21293;1.2129;1;T;True;1
1621227746000;14114946;1.21287;1.21293;1.2129;10;T;True;1
1621227747000;14114947;1.21287;1.21293;1.2129;0;T;True;1
1621227748000;14114948;1.21287;1.21293;1.2129;0;T;True;1
1621227749000;14114949;1.21287;1.21293;1.2129;0;T;True;1
1621227750000;14114950;1.21287;1.21293;1.2129;0;T;True;1
1621227751000;14114952;1.21286;1.21292;1.21289;1;T;True;1
1621227752000;14114954;1.21286;1.21292;1.21289;1;T;True;1
1621227753000;14114962;1.21287;1.21293;1.2129;7;T;True;1
1621227754000;14114965;1.21287;1.21293;1.2129;2;T;True;1
1621227755000;14114972;1.21288;1.21294;1.21291;6;T;True;1
1621227756000;14114975;1.21288;1.21294;1.21291;2;T;True;1
1621227757000;14114976;1.21288;1.21294;1.21291;0;T;True;1
1621227758000;14114989;1.21291;1.21297;1.21294;12;T;True;1
1621227759000;14114993;1.21291;1.21297;1.21294;3;T;True;1
1621227760000;14115002;1.2129;1.21296;1.21293;8;T;True;1
1621227761000;14115006;1.2129;1.21296;1.21293;3;T;True;1
1621227762000;14115007;1.2129;1.21296;1.21293;0;T;True;1
1621227763000;14115011;1.2129;1.21296;1.21293;3;T;True;1
1621227764000;14115012;1.2129;1.21296;1.21293;0;T;True;1
1621227765000;14115013;1.2129;1.21296;1.21293;0;T;True;1
1621227766000;14115014;1.2129;1.21296;1.21293;0;T;True;1
1621227767000;14115015;1.2129;1.21296;1.21293;0;T;True;1
1621227768000;14115016;1.2129;1.21296;1.21293;0;T;True;1
1621227769000;14115017;1.2129;1.21296;1.21293;0;T;True;1
1621227770000;14115018;1.2129;1.21296;1.21293;0;T;True;1
1621227771000;14115019;1.2129;1.21296;1.21293;0;T;True;1
1621227772000;14115020;1.2129;1.21296;1.21293;0;T;True;1
1621227773000;14115021;1.2129;1.21296;1.21293;0;T;True;1
1621227774000;14115022;1.2129;1.21296;1.21293;0;T;True;1
1621227775000;14115023;1.2129;1.21296;1.21293;0;T;True;1
1621227776000;14115028;1.21291;1.21297;1.21294;4;T;True;1
1621227777000;14115029;1.21291;1.21297;1.21294;0;T;True;1
1621227778000;14115030;1.21291;1.21297;1.21294;0;T;True;1
1621227779000;14115033;1.21292;1.21298;1.21295;2;T;True;1
1621227780000;14115039;1.21295;1.21301;1.21298;5;T;True;1
1621227781000;14115042;1.21296;1.21302;1.21299;2;T;True;1
1621227782000;14115043;1.21296;1.21302;1.21299;0;T;True;1
1621227783000;14115044;1.21296;1.21302;1.21299;0;T;True;1
1621227784000;14115047;1.21296;1.21302;1.21299;2;T;True;1
1621227785000;14115048;1.21296;1.21302;1.21299;0;T;True;1
1621227786000;14115049;1.21296;1.21302;1.21299;0;T;True;1
1621227787000;14115051;1.21296;1.21302;1.21299;1;T;True;1
1621227788000;14115052;1.21296;1.21302;1.21299;0;T;True;1
1621227789000;14115054;1.21296;1.21302;1.21299;1;T;True;1
1621227790000;14115055;1.21296;1.21302;1.21299;0;T;True;1
1621227791000;14115056;1.21296;1.21302;1.21299;0;T;True;1
1621227792000;14115057;1.21296;1.21302;1.21299;0;T;True;1
1621227793000;14115058;1.21296;1.21302;1.21299;0;T;True;1
1621227794000;14115059;1.21296;1.21302;1.21299;0;T;True;1
1621227795000;14115060;1.21296;1.21302;1.21299;0;T;True;1
1621227796000;14115061;1.21296;1.21302;1.21299;0;T;True;1
1621227797000;14115062;1.21296;1.21302;1.21299;0;T;True;1
1621227798000;14115063;1.21296;1.21302;1.21299;0;T;True;1
1621227799000;14115064;1.21296;1.21302;1.21299;0;T;True;1
1621227800000;14115065;1.21296;1.21302;1.21299;0;T;True;1
1621227801000;14115066;1.21296;1.21302;1.21299;0;T;True;1
1621227802000;14115067;1.21296;1.21302;1.21299;0;T;True;1
1621227803000;14115068;1.21296;1.21302;1.21299;0;T;True;1
1621227804000;14115070;1.21296;1.21302;1.21299;1;T;True;1
1621227805000;14115071;1.21296;1.21302;1.21299;0;T;True;1
1621227806000;14115072;1.21296;1.21302;1.21299;0;T;True;1
1621227807000;14115073;1.21296;1.21302;1.21299;0;T;True;1
1621227808000;14115077;1.21293;1.21299;1.21296;3;T;True;1
1621227809000;14115079;1.21292;1.21298;1.21295;1;T;True;1
1621227810000;14115080;1.21292;1.21298;1.21295;0;T;True;1
1621227811000;14115081;1.21292;1.21298;1.21295;0;T;True;1
1621227812000;14115082;1.21292;1.21298;1.21295;0;T;True;1
1621227813000;14115086;1.21292;1.21298;1.21295;3;T;True;1
1621227814000;14115087;1.21292;1.21298;1.21295;0;T;True;1
1621227815000;14115089;1.21292;1.21298;1.21295;1;T;True;1
1621227816000;14115090;1.21292;1.21298;1.21295;0;T;True;1
1621227817000;14115091;1.21292;1.21298;1.21295;0;T;True;1
1621227818000;14115092;1.21292;1.21298;1.21295;0;T;True;1
1621227819000;14115093;1.21292;1.21298;1.21295;0;T;True;1
1621227820000;14115094;1.21292;1.21298;1.21295;0;T;True;1
1621227821000;14115095;1.21292;1.21298;1.21295;0;T;True;1
1621227822000;14115096;1.21292;1.21298;1.21295;0;T;True;1
1621227823000;14115097;1.21292;1.21298;1.21295;0;T;True;1
1621227824000;14115098;1.21292;1.21298;1.21295;0;T;True;1
1621227825000;14115100;1.21292;1.21298;1.21295;1;T;True;1
1621227826000;14115102;1.21292;1.21298;1.21295;1;T;True;1
1621227827000;14115103;1.21292;1.21298;1.21295;0;T;True;1
1621227828000;14115104;1.21292;1.21298;1.21295;0;T;True;1
1621227829000;14115105;1.21292;1.21298;1.21295;0;T;True;1
1621227830000;14115106;1.21292;1.21298;1.21295;0;T;True;1
1621227831000;14115107;1.21292;1.21298;1.21295;0;T;True;1
1621227832000;14115108;1.21292;1.21298;1.21295;0;T;True;1
1621227833000;14115109;1.21292;1.21298;1.21295;0;T;True;1
1621227834000;14115110;1.21292;1.21298;1.21295;0;T;True;1
1621227835000;14115111;1.21292;1.21298;1.21295;0;T;True;1
1621227836000;14115112;1.21292;1.21298;1.21295;0;T;True;1
1621227837000;14115113;1.21292;1.21298;1.21295;0;T;True;1
1621227838000;14115114;1.21292;1.21298;1.21295;0;T;True;1
1621227839000;14115115;1.21292;1.21298;1.21295;0;T;True;1
1621227840000;14115116;1.21292;1.21298;1.21295;0;T;True;1
1621227841000;14115117;1.21292;1.21298;1.21295;0;T;True;1
1621227842000;14115118;1.21292;1.21298;1.21295;0;T;True;1
1621227843000;14115119;1.21292;1.21298;1.21295;0;T;True;1
1621227844000;14115120;1.21292;1.21298;1.21295;0;T;True;1
1621227845000;14115121;1.21292;1.21298;1.21295;0;T;True;1
1621227846000;14115122;1.21292;1.21298;1.21295;0;T;True;1
1621227847000;14115123;1.21292;1.21298;1.21295;0;T;True;1
1621227848000;14115124;1.21292;1.21298;1.21295;0;T;True;1
1621227849000;14115125;1.21292;1.21298;1.21295;0;T;True;1
1621227850000;14115126;1.21292;1.21298;1.21295;0;T;True;1
1621227851000;14115127;1.21292;1.21298;1.21295;0;T;True;1
1621227852000;14115128;1.21292;1.21298;1.21295;0;T;True;1
1621227853000;14115129;1.21292;1.21298;1.21295;0;T;True;1
1621227854000;14115130;1.21292;1.21298;1.21295;0;T;True;1
1621227855000;14115131;1.21292;1.21298;1.21295;0;T;True;1
1621227856000;14115132;1.21292;1.21298;1.21295;0;T;True;1
1621227857000;14115133;1.21292;1.21298;1.21295;0;T;True;1
1621227858000;14115134;1.21292;1.21298;1.21295;0;T;True;1
1621227859000;14115136;1.21292;1.21298;1.21295;1;T;True;1
1621227860000;14115137;1.21292;1.21298;1.21295;0;T;True;1
1621227861000;14115138;1.21292;1.21298;1.21295;0;T;True;1
1621227862000;14115139;1.21292;1.21298;1.21295;0;T;True;1
1621227863000;14115141;1.21292;1.21298;1.21295;1;T;True;1
1621227864000;14115142;1.21292;1.21298;1.21295;0;T;True;1
1621227865000;14115146;1.21294;1.213;1.21297;3;T;True;1
1621227866000;14115147;1.21294;1.213;1.21297;0;T;True;1
1621227867000;14115148;1.21294;1.213;1.21297;0;T;True;1
1621227868000;14115149;1.21294;1.213;1.21297;0;T;True;1
1621227869000;14115150;1.21294;1.213;1.21297;0;T;True;1
1621227870000;14115151;1.21294;1.213;1.21297;0;T;True;1
1621227871000;14115161;1.21289;1.21295;1.21292;9;T;True;1
1621227872000;14115162;1.21289;1.21295;1.21292;0;T;True;1
1621227873000;14115163;1.21289;1.21295;1.21292;0;T;True;1
1621227874000;14115168;1.21286;1.21292;1.21289;4;T;True;1
1621227875000;14115170;1.21286;1.21292;1.21289;1;T;True;1
1621227876000;14115171;1.21286;1.21292;1.21289;0;T;True;1
1621227877000;14115172;1.21286;1.21292;1.21289;0;T;True;1
1621227878000;14115178;1.21286;1.21292;1.21289;5;T;True;1
1621227879000;14115179;1.21286;1.21292;1.21289;0;T;True;1
1621227880000;14115180;1.21286;1.21292;1.21289;0;T;True;1
1621227881000;14115181;1.21286;1.21292;1.21289;0;T;True;1
1621227882000;14115184;1.21286;1.21292;1.21289;2;T;True;1
1621227883000;14115185;1.21286;1.21292;1.21289;0;T;True;1
1621227884000;14115186;1.21286;1.21292;1.21289;0;T;True;1
1621227885000;14115187;1.21286;1.21292;1.21289;0;T;True;1
1621227886000;14115188;1.21286;1.21292;1.21289;0;T;True;1
1621227887000;14115189;1.21286;1.21292;1.21289;0;T;True;1
1621227888000;14115190;1.21286;1.21292;1.21289;0;T;True;1
1621227889000;14115191;1.21286;1.21292;1.21289;0;T;True;1
1621227890000;14115192;1.21286;1.21292;1.21289;0;T;True;1
1621227891000;14115193;1.21286;1.21292;1.21289;0;T;True;1
1621227892000;14115196;1.21286;1.21292;1.21289;2;T;True;1
1621227893000;14115198;1.21286;1.21292;1.21289;1;T;True;1
1621227894000;14115199;1.21286;1.21292;1.21289;0;T;True;1
1621227895000;14115200;1.21286;1.21292;1.21289;0;T;True;1
1621227896000;14115201;1.21286;1.21292;1.21289;0;T;True;1
1621227897000;14115202;1.21286;1.21292;1.21289;0;T;True;1
1621227898000;14115204;1.21286;1.21292;1.21289;1;T;True;1
1621227899000;14115205;1.21286;1.21292;1.21289;0;T;True;1
1621227900000;14115206;1.21286;1.21292;1.21289;0;T;True;1
1621227901000;14115209;1.21286;1.21292;1.21289;2;T;True;1
1621227902000;14115211;1.21286;1.21292;1.21289;1;T;True;1
1621227903000;14115212;1.21286;1.21292;1.21289;0;T;True;1
1621227904000;14115213;1.21286;1.21292;1.21289;0;T;True;1
1621227905000;14115214;1.21286;1.21292;1.21289;0;T;True;1
1621227906000;14115215;1.21286;1.21292;1.21289;0;T;True;1
1621227907000;14115216;1.21286;1.21292;1.21289;0;T;True;1
1621227908000;14115217;1.21286;1.21292;1.21289;0;T;True;1
1621227909000;14115218;1.21286;1.21292;1.21289;0;T;True;1
1621227910000;14115219;1.21286;1.21292;1.21289;0;T;True;1
1621227911000;14115221;1.21286;1.21292;1.21289;1;T;True;1
1621227912000;14115222;1.21286;1.21292;1.21289;0;T;True;1
1621227913000;14115223;1.21286;1.21292;1.21289;0;T;True;1
1621227914000;14115224;1.21286;1.21292;1.21289;0;T;True;1
1621227915000;14115225;1.21286;1.21292;1.21289;0;T;True;1
1621227916000;14115226;1.21286;1.21292;1.21289;0;T;True;1
1621227917000;14115227;1.21286;1.21292;1.21289;0;T;True;1
1621227918000;14115233;1.2129;1.21296;1.21293;5;T;True;1
1621227919000;14115234;1.2129;1.21296;1.21293;0;T;True;1
1621227920000;14115236;1.21291;1.21297;1.21294;1;T;True;1
1621227921000;14115237;1.21291;1.21297;1.21294;0;T;True;1
1621227922000;14115240;1.21292;1.21298;1.21295;2;T;True;1
1621227923000;14115241;1.21292;1.21298;1.21295;0;T;True;1
1621227924000;14115242;1.21292;1.21298;1.21295;0;T;True;1
1621227925000;14115243;1.21292;1.21298;1.21295;0;T;True;1
1621227926000;14115244;1.21292;1.21298;1.21295;0;T;True;1
1621227927000;14115245;1.21292;1.21298;1.21295;0;T;True;1
1621227928000;14115247;1.21292;1.21298;1.21295;1;T;True;1
1621227929000;14115248;1.21292;1.21298;1.21295;0;T;True;1
1621227930000;14115249;1.21292;1.21298;1.21295;0;T;True;1
1621227931000;14115250;1.21292;1.21298;1.21295;0;T;True;1
1621227932000;14115251;1.21292;1.21298;1.21295;0;T;True;1
1621227933000;14115252;1.21292;1.21298;1.21295;0;T;True;1
1621227934000;14115254;1.21292;1.21298;1.21295;1;T;True;1
1621227935000;14115255;1.21292;1.21298;1.21295;0;T;True;1
1621227936000;14115258;1.21292;1.21298;1.21295;2;T;True;1
1621227937000;14115259;1.21292;1.21298;1.21295;0;T;True;1
1621227938000;14115260;1.21292;1.21298;1.21295;0;T;True;1
1621227939000;14115261;1.21292;1.21298;1.21295;0;T;True;1
1621227940000;14115262;1.21292;1.21298;1.21295;0;T;True;1
1621227941000;14115265;1.21292;1.21298;1.21295;2;T;True;1
1621227942000;14115266;1.21292;1.21298;1.21295;0;T;True;1
1621227943000;14115267;1.21292;1.21298;1.21295;0;T;True;1
1621227944000;14115269;1.21292;1.21298;1.21295;1;T;True;1
1621227945000;14115270;1.21292;1.21298;1.21295;0;T;True;1
1621227946000;14115271;1.21292;1.21298;1.21295;0;T;True;1
1621227947000;14115272;1.21292;1.21298;1.21295;0;T;True;1
1621227948000;14115273;1.21292;1.21298;1.21295;0;T;True;1
1621227949000;14115274;1.21292;1.21298;1.21295;0;T;True;1
1621227950000;14115279;1.21294;1.213;1.21297;4;T;True;1
1621227951000;14115281;1.21294;1.213;1.21297;1;T;True;1
1621227952000;14115282;1.21294;1.213;1.21297;0;T;True;1
1621227953000;14115284;1.21294;1.213;1.21297;1;T;True;1
1621227954000;14115286;1.21294;1.213;1.21297;1;T;True;1
1621227955000;14115290;1.21296;1.21302;1.21299;3;T;True;1
1621227956000;14115291;1.21296;1.21302;1.21299;0;T;True;1
1621227957000;14115292;1.21296;1.21302;1.21299;0;T;True;1
1621227958000;14115293;1.21296;1.21302;1.21299;0;T;True;1
1621227959000;14115294;1.21296;1.21302;1.21299;0;T;True;1
1621227960000;14115295;1.21296;1.21302;1.21299;0;T;True;1
1621227961000;14115296;1.21296;1.21302;1.21299;0;T;True;1
1621227962000;14115297;1.21296;1.21302;1.21299;0;T;True;1
1621227963000;14115298;1.21296;1.21302;1.21299;0;T;True;1
1621227964000;14115299;1.21296;1.21302;1.21299;0;T;True;1
1621227965000;14115301;1.21296;1.21302;1.21299;1;T;True;1
1621227966000;14115304;1.21298;1.21304;1.21301;2;T;True;1
1621227967000;14115312;1.21301;1.21307;1.21304;7;T;True;1
1621227968000;14115314;1.21301;1.21307;1.21304;1;T;True;1
1621227969000;14115315;1.21301;1.21307;1.21304;0;T;True;1
1621227970000;14115317;1.21301;1.21307;1.21304;1;T;True;1
1621227971000;14115320;1.21301;1.21307;1.21304;2;T;True;1
1621227972000;14115321;1.21301;1.21307;1.21304;0;T;True;1
1621227973000;14115324;1.213;1.21306;1.21303;2;T;True;1
1621227974000;14115327;1.213;1.21306;1.21303;2;T;True;1
1621227975000;14115329;1.213;1.21306;1.21303;1;T;True;1
1621227976000;14115330;1.213;1.21306;1.21303;0;T;True;1
1621227977000;14115331;1.213;1.21306;1.21303;0;T;True;1
1621227978000;14115334;1.21301;1.21307;1.21304;2;T;True;1
1621227979000;14115335;1.21301;1.21307;1.21304;0;T;True;1
1621227980000;14115336;1.21301;1.21307;1.21304;0;T;True;1
1621227981000;14115337;1.21301;1.21307;1.21304;0;T;True;1
1621227982000;14115338;1.21301;1.21307;1.21304;0;T;True;1
1621227983000;14115339;1.21301;1.21307;1.21304;0;T;True;1
1621227984000;14115340;1.21301;1.21307;1.21304;0;T;True;1
1621227985000;14115341;1.21301;1.21307;1.21304;0;T;True;1
1621227986000;14115342;1.21301;1.21307;1.21304;0;T;True;1
1621227987000;14115343;1.21301;1.21307;1.21304;0;T;True;1
1621227988000;14115344;1.21301;1.21307;1.21304;0;T;True;1
1621227989000;14115345;1.21301;1.21307;1.21304;0;T;True;1
1621227990000;14115346;1.21301;1.21307;1.21304;0;T;True;1
1621227991000;14115347;1.21301;1.21307;1.21304;0;T;True;1
1621227992000;14115348;1.21301;1.21307;1.21304;0;T;True;1
1621227993000;14115350;1.21302;1.21308;1.21305;1;T;True;1
1621227994000;14115351;1.21302;1.21308;1.21305;0;T;True;1
1621227995000;14115352;1.21302;1.21308;1.21305;0;T;True;1
1621227996000;14115354;1.21302;1.21308;1.21305;1;T;True;1
1621227997000;14115359;1.21302;1.21308;1.21305;4;T;True;1
1621227998000;14115360;1.21302;1.21308;1.21305;0;T;True;1
1621227999000;14115363;1.21302;1.21308;1.21305;2;T;True;1
1621228000000;14115365;1.21302;1.21308;1.21305;1;T;True;1
1621228001000;14115366;1.21302;1.21308;1.21305;0;T;True;1
1621228002000;14115368;1.21302;1.21308;1.21305;1;T;True;1
1621228003000;14115370;1.21302;1.21308;1.21305;1;T;True;1
1621228004000;14115371;1.21302;1.21308;1.21305;0;T;True;1
1621228005000;14115372;1.21302;1.21308;1.21305;0;T;True;1
1621228006000;14115373;1.21302;1.21308;1.21305;0;T;True;1
1621228007000;14115374;1.21302;1.21308;1.21305;0;T;True;1
1621228008000;14115375;1.21302;1.21308;1.21305;0;T;True;1
1621228009000;14115376;1.21302;1.21308;1.21305;0;T;True;1
1621228010000;14115377;1.21302;1.21308;1.21305;0;T;True;1
1621228011000;14115378;1.21302;1.21308;1.21305;0;T;True;1
1621228012000;14115379;1.21302;1.21308;1.21305;0;T;True;1
1621228013000;14115380;1.21302;1.21308;1.21305;0;T;True;1
1621228014000;14115382;1.21302;1.21308;1.21305;1;T;True;1
1621228015000;14115383;1.21302;1.21308;1.21305;0;T;True;1
1621228016000;14115384;1.21302;1.21308;1.21305;0;T;True;1
1621228017000;14115385;1.21302;1.21308;1.21305;0;T;True;1
1621228018000;14115387;1.21302;1.21308;1.21305;1;T;True;1
1621228019000;14115388;1.21302;1.21308;1.21305;0;T;True;1
1621228020000;14115391;1.21302;1.21308;1.21305;2;T;True;1
1621228021000;14115393;1.21302;1.21308;1.21305;1;T;True;1
1621228022000;14115396;1.21302;1.21308;1.21305;2;T;True;1
1621228023000;14115397;1.21302;1.21308;1.21305;0;T;True;1
1621228024000;14115399;1.21302;1.21308;1.21305;1;T;True;1
1621228025000;14115400;1.21302;1.21308;1.21305;0;T;True;1
1621228026000;14115402;1.213;1.21306;1.21303;1;T;True;1
1621228027000;14115408;1.21298;1.21304;1.21301;5;T;True;1
1621228028000;14115409;1.21298;1.21304;1.21301;0;T;True;1
1621228029000;14115412;1.21298;1.21304;1.21301;2;T;True;1
1621228030000;14115415;1.21298;1.21304;1.21301;2;T;True;1
1621228031000;14115419;1.21299;1.21305;1.21302;3;T;True;1
1621228032000;14115421;1.21299;1.21305;1.21302;1;T;True;1
1621228033000;14115422;1.21299;1.21305;1.21302;0;T;True;1
1621228034000;14115423;1.21299;1.21305;1.21302;0;T;True;1
1621228035000;14115424;1.21299;1.21305;1.21302;0;T;True;1
1621228036000;14115425;1.21299;1.21305;1.21302;0;T;True;1
1621228037000;14115426;1.21299;1.21305;1.21302;0;T;True;1
1621228038000;14115428;1.21299;1.21305;1.21302;1;T;True;1
1621228039000;14115431;1.21299;1.21305;1.21302;2;T;True;1
1621228040000;14115436;1.213;1.21306;1.21303;4;T;True;1
1621228041000;14115438;1.213;1.21306;1.21303;1;T;True;1
1621228042000;14115439;1.213;1.21306;1.21303;0;T;True;1
1621228043000;14115444;1.213;1.21306;1.21303;4;T;True;1
1621228044000;14115445;1.213;1.21306;1.21303;0;T;True;1
1621228045000;14115446;1.213;1.21306;1.21303;0;T;True;1
1621228046000;14115448;1.21299;1.21305;1.21302;1;T;True;1
1621228047000;14115449;1.21299;1.21305;1.21302;0;T;True;1
1621228048000;14115454;1.21298;1.21304;1.21301;4;T;True;1
1621228049000;14115455;1.21298;1.21304;1.21301;0;T;True;1
1621228050000;14115456;1.21298;1.21304;1.21301;0;T;True;1
1621228051000;14115459;1.21297;1.21303;1.213;2;T;True;1
1621228052000;14115460;1.21297;1.21303;1.213;0;T;True;1
1621228053000;14115461;1.21297;1.21303;1.213;0;T;True;1
1621228054000;14115463;1.21296;1.21302;1.21299;1;T;True;1
1621228055000;14115464;1.21296;1.21302;1.21299;0;T;True;1
1621228056000;14115465;1.21296;1.21302;1.21299;0;T;True;1
1621228057000;14115466;1.21296;1.21302;1.21299;0;T;True;1
1621228058000;14115467;1.21296;1.21302;1.21299;0;T;True;1
1621228059000;14115469;1.21297;1.21303;1.213;1;T;True;1
1621228060000;14115470;1.21297;1.21303;1.213;0;T;True;1
1621228061000;14115472;1.21296;1.21302;1.21299;1;T;True;1
1621228062000;14115474;1.21297;1.21303;1.213;1;T;True;1
1621228063000;14115476;1.21297;1.21303;1.213;1;T;True;1
1621228064000;14115477;1.21297;1.21303;1.213;0;T;True;1
1621228065000;14115478;1.21297;1.21303;1.213;0;T;True;1
1621228066000;14115482;1.21298;1.21304;1.21301;3;T;True;1
1621228067000;14115485;1.21297;1.21303;1.213;2;T;True;1
1621228068000;14115489;1.21298;1.21304;1.21301;3;T;True;1
1621228069000;14115490;1.21298;1.21304;1.21301;0;T;True;1
1621228070000;14115493;1.21296;1.21302;1.21299;2;T;True;1
1621228071000;14115495;1.21296;1.21302;1.21299;1;T;True;1
1621228072000;14115496;1.21296;1.21302;1.21299;0;T;True;1
1621228073000;14115497;1.21296;1.21302;1.21299;0;T;True;1
1621228074000;14115498;1.21296;1.21302;1.21299;0;T;True;1
1621228075000;14115499;1.21296;1.21302;1.21299;0;T;True;1
1621228076000;14115500;1.21296;1.21302;1.21299;0;T;True;1
1621228077000;14115501;1.21296;1.21302;1.21299;0;T;True;1
1621228078000;14115503;1.21297;1.21303;1.213;1;T;True;1
1621228079000;14115504;1.21297;1.21303;1.213;0;T;True;1
1621228080000;14115505;1.21297;1.21303;1.213;0;T;True;1
1621228081000;14115507;1.21298;1.21304;1.21301;1;T;True;1
1621228082000;14115514;1.21301;1.21307;1.21304;6;T;True;1
1621228083000;14115515;1.21301;1.21307;1.21304;0;T;True;1
1621228084000;14115516;1.21301;1.21307;1.21304;0;T;True;1
1621228085000;14115519;1.21301;1.21307;1.21304;2;T;True;1
1621228086000;14115520;1.21301;1.21307;1.21304;0;T;True;1
1621228087000;14115521;1.21301;1.21307;1.21304;0;T;True;1
1621228088000;14115522;1.21301;1.21307;1.21304;0;T;True;1
1621228089000;14115523;1.21301;1.21307;1.21304;0;T;True;1
1621228090000;14115524;1.21301;1.21307;1.21304;0;T;True;1
1621228091000;14115525;1.21301;1.21307;1.21304;0;T;True;1
1621228092000;14115526;1.21301;1.21307;1.21304;0;T;True;1
1621228093000;14115527;1.21301;1.21307;1.21304;0;T;True;1
1621228094000;14115528;1.21301;1.21307;1.21304;0;T;True;1
1621228095000;14115529;1.21301;1.21307;1.21304;0;T;True;1
1621228096000;14115530;1.21301;1.21307;1.21304;0;T;True;1
1621228097000;14115533;1.21302;1.21308;1.21305;2;T;True;1
1621228098000;14115534;1.21302;1.21308;1.21305;0;T;True;1
1621228099000;14115535;1.21302;1.21308;1.21305;0;T;True;1
1621228100000;14115539;1.21304;1.2131;1.21307;3;T;True;1
1621228101000;14115540;1.21304;1.2131;1.21307;0;T;True;1
1621228102000;14115541;1.21304;1.2131;1.21307;0;T;True;1
1621228103000;14115542;1.21304;1.2131;1.21307;0;T;True;1
1621228104000;14115544;1.21306;1.21312;1.21309;1;T;True;1
1621228105000;14115545;1.21306;1.21312;1.21309;0;T;True;1
1621228106000;14115546;1.21306;1.21312;1.21309;0;T;True;1
1621228107000;14115547;1.21306;1.21312;1.21309;0;T;True;1
1621228108000;14115548;1.21306;1.21312;1.21309;0;T;True;1
1621228109000;14115549;1.21306;1.21312;1.21309;0;T;True;1
1621228110000;14115550;1.21306;1.21312;1.21309;0;T;True;1
1621228111000;14115551;1.21306;1.21312;1.21309;0;T;True;1
1621228112000;14115552;1.21306;1.21312;1.21309;0;T;True;1
1621228113000;14115553;1.21306;1.21312;1.21309;0;T;True;1
1621228114000;14115554;1.21306;1.21312;1.21309;0;T;True;1
1621228115000;14115555;1.21306;1.21312;1.21309;0;T;True;1
1621228116000;14115556;1.21306;1.21312;1.21309;0;T;True;1
1621228117000;14115557;1.21306;1.21312;1.21309;0;T;True;1
1621228118000;14115558;1.21306;1.21312;1.21309;0;T;True;1
1621228119000;14115559;1.21306;1.21312;1.21309;0;T;True;1
1621228120000;14115560;1.21306;1.21312;1.21309;0;T;True;1
1621228121000;14115562;1.21306;1.21312;1.21309;1;T;True;1
1621228122000;14115563;1.21306;1.21312;1.21309;0;T;True;1
1621228123000;14115564;1.21306;1.21312;1.21309;0;T;True;1
1621228124000;14115565;1.21306;1.21312;1.21309;0;T;True;1
1621228125000;14115566;1.21306;1.21312;1.21309;0;T;True;1
1621228126000;14115567;1.21306;1.21312;1.21309;0;T;True;1
1621228127000;14115568;1.21306;1.21312;1.21309;0;T;True;1
1621228128000;14115575;1.21306;1.21312;1.21309;6;T;True;1
1621228129000;14115576;1.21306;1.21312;1.21309;0;T;True;1
1621228130000;14115577;1.21306;1.21312;1.21309;0;T;True;1
1621228131000;14115578;1.21306;1.21312;1.21309;0;T;True;1
1621228132000;14115579;1.21306;1.21312;1.21309;0;T;True;1
1621228133000;14115580;1.21306;1.21312;1.21309;0;T;True;1
1621228134000;14115582;1.21306;1.21312;1.21309;1;T;True;1
1621228135000;14115583;1.21306;1.21312;1.21309;0;T;True;1
1621228136000;14115585;1.21306;1.21312;1.21309;1;T;True;1
1621228137000;14115586;1.21306;1.21312;1.21309;0;T;True;1
1621228138000;14115587;1.21306;1.21312;1.21309;0;T;True;1
1621228139000;14115593;1.21302;1.21308;1.21305;5;T;True;1
1621228140000;14115603;1.21302;1.21308;1.21305;9;T;True;1
1621228141000;14115604;1.21302;1.21308;1.21305;0;T;True;1
1621228142000;14115607;1.21303;1.21309;1.21306;2;T;True;1
1621228143000;14115609;1.21302;1.21308;1.21305;1;T;True;1
1621228144000;14115610;1.21302;1.21308;1.21305;0;T;True;1
1621228145000;14115611;1.21302;1.21308;1.21305;0;T;True;1
1621228146000;14115612;1.21302;1.21308;1.21305;0;T;True;1
1621228147000;14115613;1.21302;1.21308;1.21305;0;T;True;1
1621228148000;14115614;1.21302;1.21308;1.21305;0;T;True;1
1621228149000;14115616;1.21302;1.21308;1.21305;1;T;True;1
1621228150000;14115617;1.21302;1.21308;1.21305;0;T;True;1
1621228151000;14115621;1.21301;1.21307;1.21304;3;T;True;1
1621228152000;14115623;1.21301;1.21307;1.21304;1;T;True;1
1621228153000;14115624;1.21301;1.21307;1.21304;0;T;True;1
1621228154000;14115626;1.21301;1.21307;1.21304;1;T;True;1
1621228155000;14115627;1.21301;1.21307;1.21304;0;T;True;1
1621228156000;14115628;1.21301;1.21307;1.21304;0;T;True;1
1621228157000;14115629;1.21301;1.21307;1.21304;0;T;True;1
1621228158000;14115635;1.21301;1.21307;1.21304;5;T;True;1
1621228159000;14115636;1.21301;1.21307;1.21304;0;T;True;1
1621228160000;14115637;1.21301;1.21307;1.21304;0;T;True;1
1621228161000;14115641;1.21304;1.2131;1.21307;3;T;True;1
1621228162000;14115648;1.21302;1.21308;1.21305;6;T;True;1
1621228163000;14115649;1.21302;1.21308;1.21305;0;T;True;1
1621228164000;14115650;1.21302;1.21308;1.21305;0;T;True;1
1621228165000;14115653;1.21304;1.2131;1.21307;2;T;True;1
1621228166000;14115654;1.21304;1.2131;1.21307;0;T;True;1
1621228167000;14115655;1.21304;1.2131;1.21307;0;T;True;1
1621228168000;14115656;1.21304;1.2131;1.21307;0;T;True;1
1621228169000;14115657;1.21304;1.2131;1.21307;0;T;True;1
1621228170000;14115658;1.21304;1.2131;1.21307;0;T;True;1
1621228171000;14115659;1.21304;1.2131;1.21307;0;T;True;1
1621228172000;14115662;1.21306;1.21312;1.21309;2;T;True;1
1621228173000;14115663;1.21306;1.21312;1.21309;0;T;True;1
1621228174000;14115665;1.21306;1.21312;1.21309;1;T;True;1
1621228175000;14115668;1.21306;1.21312;1.21309;2;T;True;1
1621228176000;14115669;1.21306;1.21312;1.21309;0;T;True;1
1621228177000;14115678;1.21304;1.2131;1.21307;8;T;True;1
1621228178000;14115679;1.21304;1.2131;1.21307;0;T;True;1
1621228179000;14115683;1.21308;1.21314;1.21311;3;T;True;1
1621228180000;14115691;1.21306;1.21312;1.21309;7;T;True;1
1621228181000;14115697;1.21308;1.21314;1.21311;5;T;True;1
1621228182000;14115699;1.21306;1.21312;1.21309;1;T;True;1
1621228183000;14115700;1.21306;1.21312;1.21309;0;T;True;1
1621228184000;14115701;1.21306;1.21312;1.21309;0;T;True;1
1621228185000;14115706;1.21308;1.21314;1.21311;4;T;True;1
1621228186000;14115708;1.21307;1.21313;1.2131;1;T;True;1
1621228187000;14115714;1.21308;1.21314;1.21311;5;T;True;1
1621228188000;14115715;1.21308;1.21314;1.21311;0;T;True;1
1621228189000;14115717;1.21308;1.21314;1.21311;1;T;True;1
1621228190000;14115724;1.2131;1.21316;1.21313;6;T;True;1
1621228191000;14115729;1.21311;1.21317;1.21314;4;T;True;1
1621228192000;14115730;1.21311;1.21317;1.21314;0;T;True;1
1621228193000;14115732;1.21311;1.21317;1.21314;1;T;True;1
1621228194000;14115733;1.21311;1.21317;1.21314;0;T;True;1
1621228195000;14115734;1.21311;1.21317;1.21314;0;T;True;1
1621228196000;14115735;1.21311;1.21317;1.21314;0;T;True;1
1621228197000;14115736;1.21311;1.21317;1.21314;0;T;True;1
1621228198000;14115737;1.21311;1.21317;1.21314;0;T;True;1
1621228199000;14115738;1.21311;1.21317;1.21314;0;T;True;1
1621228200000;14115739;1.21311;1.21317;1.21314;0;T;True;1
1621228201000;14115741;1.21311;1.21317;1.21314;1;T;True;1
1621228202000;14115742;1.21311;1.21317;1.21314;0;T;True;1
1621228203000;14115745;1.21311;1.21317;1.21314;2;T;True;1
1621228204000;14115746;1.21311;1.21317;1.21314;0;T;True;1
1621228205000;14115747;1.21311;1.21317;1.21314;0;T;True;1
1621228206000;14115748;1.21311;1.21317;1.21314;0;T;True;1
1621228207000;14115749;1.21311;1.21317;1.21314;0;T;True;1
1621228208000;14115750;1.21311;1.21317;1.21314;0;T;True;1
1621228209000;14115751;1.21311;1.21317;1.21314;0;T;True;1
1621228210000;14115752;1.21311;1.21317;1.21314;0;T;True;1
1621228211000;14115753;1.21311;1.21317;1.21314;0;T;True;1
1621228212000;14115754;1.21311;1.21317;1.21314;0;T;True;1
1621228213000;14115755;1.21311;1.21317;1.21314;0;T;True;1
1621228214000;14115756;1.21311;1.21317;1.21314;0;T;True;1
1621228215000;14115757;1.21311;1.21317;1.21314;0;T;True;1
1621228216000;14115758;1.21311;1.21317;1.21314;0;T;True;1
1621228217000;14115762;1.21312;1.21318;1.21315;3;T;True;1
1621228218000;14115763;1.21312;1.21318;1.21315;0;T;True;1
1621228219000;14115764;1.21312;1.21318;1.21315;0;T;True;1
1621228220000;14115767;1.21312;1.21318;1.21315;2;T;True;1
1621228221000;14115768;1.21312;1.21318;1.21315;0;T;True;1
1621228222000;14115769;1.21312;1.21318;1.21315;0;T;True;1
1621228223000;14115772;1.21312;1.21318;1.21315;2;T;True;1
1621228224000;14115773;1.21312;1.21318;1.21315;0;T;True;1
1621228225000;14115776;1.21309;1.21315;1.21312;2;T;True;1
1621228226000;14115781;1.2131;1.21316;1.21313;4;T;True;1
1621228227000;14115782;1.2131;1.21316;1.21313;0;T;True;1
1621228228000;14115784;1.21311;1.21317;1.21314;1;T;True;1
1621228229000;14115785;1.21311;1.21317;1.21314;0;T;True;1
1621228230000;14115786;1.21311;1.21317;1.21314;0;T;True;1
1621228231000;14115789;1.21312;1.21318;1.21315;2;T;True;1
1621228232000;14115791;1.21312;1.21318;1.21315;1;T;True;1
1621228233000;14115792;1.21312;1.21318;1.21315;0;T;True;1
1621228234000;14115793;1.21312;1.21318;1.21315;0;T;True;1
1621228235000;14115794;1.21312;1.21318;1.21315;0;T;True;1
1621228236000;14115795;1.21312;1.21318;1.21315;0;T;True;1
1621228237000;14115796;1.21312;1.21318;1.21315;0;T;True;1
1621228238000;14115801;1.2131;1.21316;1.21313;4;T;True;1
1621228239000;14115802;1.2131;1.21316;1.21313;0;T;True;1
1621228240000;14115803;1.2131;1.21316;1.21313;0;T;True;1
1621228241000;14115804;1.2131;1.21316;1.21313;0;T;True;1
1621228242000;14115805;1.2131;1.21316;1.21313;0;T;True;1
1621228243000;14115808;1.21308;1.21314;1.21311;2;T;True;1
1621228244000;14115809;1.21308;1.21314;1.21311;0;T;True;1
1621228245000;14115810;1.21308;1.21314;1.21311;0;T;True;1
1621228246000;14115811;1.21308;1.21314;1.21311;0;T;True;1
1621228247000;14115812;1.21308;1.21314;1.21311;0;T;True;1
1621228248000;14115815;1.2131;1.21316;1.21313;2;T;True;1
1621228249000;14115816;1.2131;1.21316;1.21313;0;T;True;1
1621228250000;14115819;1.21311;1.21317;1.21314;2;T;True;1
1621228251000;14115822;1.21312;1.21318;1.21315;2;T;True;1
1621228252000;14115830;1.21312;1.21318;1.21315;7;T;True;1
1621228253000;14115832;1.21312;1.21318;1.21315;1;T;True;1
1621228254000;14115833;1.21312;1.21318;1.21315;0;T;True;1
1621228255000;14115835;1.21312;1.21318;1.21315;1;T;True;1
1621228256000;14115838;1.21312;1.21318;1.21315;2;T;True;1
1621228257000;14115839;1.21312;1.21318;1.21315;0;T;True;1
1621228258000;14115840;1.21312;1.21318;1.21315;0;T;True;1
1621228259000;14115841;1.21312;1.21318;1.21315;0;T;True;1
1621228260000;14115844;1.21312;1.21318;1.21315;2;T;True;1
1621228261000;14115850;1.2131;1.21316;1.21313;5;T;True;1
1621228262000;14115852;1.2131;1.21316;1.21313;1;T;True;1
1621228263000;14115853;1.2131;1.21316;1.21313;0;T;True;1
1621228264000;14115854;1.2131;1.21316;1.21313;0;T;True;1
1621228265000;14115855;1.2131;1.21316;1.21313;0;T;True;1
1621228266000;14115857;1.2131;1.21316;1.21313;1;T;True;1
1621228267000;14115858;1.2131;1.21316;1.21313;0;T;True;1
1621228268000;14115859;1.2131;1.21316;1.21313;0;T;True;1
1621228269000;14115861;1.2131;1.21316;1.21313;1;T;True;1
1621228270000;14115862;1.2131;1.21316;1.21313;0;T;True;1
1621228271000;14115863;1.2131;1.21316;1.21313;0;T;True;1
1621228272000;14115866;1.21311;1.21317;1.21314;2;T;True;1
1621228273000;14115867;1.21311;1.21317;1.21314;0;T;True;1
1621228274000;14115868;1.21311;1.21317;1.21314;0;T;True;1
1621228275000;14115869;1.21311;1.21317;1.21314;0;T;True;1
1621228276000;14115870;1.21311;1.21317;1.21314;0;T;True;1
1621228277000;14115874;1.21312;1.21318;1.21315;3;T;True;1
1621228278000;14115875;1.21312;1.21318;1.21315;0;T;True;1
1621228279000;14115876;1.21312;1.21318;1.21315;0;T;True;1
1621228280000;14115877;1.21312;1.21318;1.21315;0;T;True;1
1621228281000;14115878;1.21312;1.21318;1.21315;0;T;True;1
1621228282000;14115881;1.21312;1.21318;1.21315;2;T;True;1
1621228283000;14115883;1.21312;1.21318;1.21315;1;T;True;1
1621228284000;14115889;1.21312;1.21318;1.21315;5;T;True;1
1621228285000;14115890;1.21312;1.21318;1.21315;0;T;True;1
1621228286000;14115891;1.21312;1.21318;1.21315;0;T;True;1
1621228287000;14115893;1.21311;1.21317;1.21314;1;T;True;1
1621228288000;14115894;1.21311;1.21317;1.21314;0;T;True;1
1621228289000;14115898;1.2131;1.21316;1.21313;3;T;True;1
1621228290000;14115899;1.2131;1.21316;1.21313;0;T;True;1
1621228291000;14115903;1.2131;1.21316;1.21313;3;T;True;1
1621228292000;14115905;1.21312;1.21318;1.21315;1;T;True;1
1621228293000;14115907;1.21311;1.21317;1.21314;1;T;True;1
1621228294000;14115908;1.21311;1.21317;1.21314;0;T;True;1
1621228295000;14115909;1.21311;1.21317;1.21314;0;T;True;1
1621228296000;14115910;1.21311;1.21317;1.21314;0;T;True;1
1621228297000;14115917;1.2131;1.21316;1.21313;6;T;True;1
1621228298000;14115920;1.21309;1.21315;1.21312;2;T;True;1
1621228299000;14115921;1.21309;1.21315;1.21312;0;T;True;1
1621228300000;14115922;1.21309;1.21315;1.21312;0;T;True;1
1621228301000;14115923;1.21309;1.21315;1.21312;0;T;True;1
1621228302000;14115924;1.21309;1.21315;1.21312;0;T;True;1
1621228303000;14115925;1.21309;1.21315;1.21312;0;T;True;1
1621228304000;14115926;1.21309;1.21315;1.21312;0;T;True;1
1621228305000;14115927;1.21309;1.21315;1.21312;0;T;True;1
1621228306000;14115928;1.21309;1.21315;1.21312;0;T;True;1
1621228307000;14115929;1.21309;1.21315;1.21312;0;T;True;1
1621228308000;14115930;1.21309;1.21315;1.21312;0;T;True;1
1621228309000;14115931;1.21309;1.21315;1.21312;0;T;True;1
1621228310000;14115932;1.21309;1.21315;1.21312;0;T;True;1
1621228311000;14115933;1.21309;1.21315;1.21312;0;T;True;1
1621228312000;14115934;1.21309;1.21315;1.21312;0;T;True;1
1621228313000;14115936;1.21309;1.21315;1.21312;1;T;True;1
1621228314000;14115937;1.21309;1.21315;1.21312;0;T;True;1
1621228315000;14115940;1.2131;1.21316;1.21313;2;T;True;1
1621228316000;14115943;1.2131;1.21316;1.21313;2;T;True;1
1621228317000;14115944;1.2131;1.21316;1.21313;0;T;True;1
1621228318000;14115950;1.21306;1.21312;1.21309;5;T;True;1
1621228319000;14115955;1.21308;1.21314;1.21311;4;T;True;1
1621228320000;14115956;1.21308;1.21314;1.21311;0;T;True;1
1621228321000;14115963;1.21304;1.2131;1.21307;6;T;True;1
1621228322000;14115964;1.21304;1.2131;1.21307;0;T;True;1
1621228323000;14115965;1.21304;1.2131;1.21307;0;T;True;1
1621228324000;14115967;1.21305;1.21311;1.21308;1;T;True;1
1621228325000;14115968;1.21305;1.21311;1.21308;0;T;True;1
1621228326000;14115970;1.21306;1.21312;1.21309;1;T;True;1
1621228327000;14115976;1.21304;1.2131;1.21307;5;T;True;1
1621228328000;14115977;1.21304;1.2131;1.21307;0;T;True;1
1621228329000;14115978;1.21304;1.2131;1.21307;0;T;True;1
1621228330000;14115979;1.21304;1.2131;1.21307;0;T;True;1
1621228331000;14115980;1.21304;1.2131;1.21307;0;T;True;1
1621228332000;14115983;1.21304;1.2131;1.21307;2;T;True;1
1621228333000;14115984;1.21304;1.2131;1.21307;0;T;True;1
1621228334000;14115985;1.21304;1.2131;1.21307;0;T;True;1
1621228335000;14115986;1.21304;1.2131;1.21307;0;T;True;1
1621228336000;14115987;1.21304;1.2131;1.21307;0;T;True;1
1621228337000;14115989;1.21303;1.21309;1.21306;1;T;True;1
1621228338000;14115995;1.21306;1.21312;1.21309;5;T;True;1
1621228339000;14115996;1.21306;1.21312;1.21309;0;T;True;1
1621228340000;14115997;1.21306;1.21312;1.21309;0;T;True;1
1621228341000;14115998;1.21306;1.21312;1.21309;0;T;True;1
1621228342000;14116000;1.21306;1.21312;1.21309;1;T;True;1
1621228343000;14116001;1.21306;1.21312;1.21309;0;T;True;1
1621228344000;14116006;1.21304;1.2131;1.21307;4;T;True;1
1621228345000;14116007;1.21304;1.2131;1.21307;0;T;True;1
1621228346000;14116008;1.21304;1.2131;1.21307;0;T;True;1
1621228347000;14116009;1.21304;1.2131;1.21307;0;T;True;1
1621228348000;14116010;1.21304;1.2131;1.21307;0;T;True;1
1621228349000;14116011;1.21304;1.2131;1.21307;0;T;True;1
1621228350000;14116012;1.21304;1.2131;1.21307;0;T;True;1
1621228351000;14116014;1.21303;1.21309;1.21306;1;T;True;1
1621228352000;14116015;1.21303;1.21309;1.21306;0;T;True;1
1621228353000;14116016;1.21303;1.21309;1.21306;0;T;True;1
1621228354000;14116017;1.21303;1.21309;1.21306;0;T;True;1
1621228355000;14116018;1.21303;1.21309;1.21306;0;T;True;1
1621228356000;14116020;1.21304;1.2131;1.21307;1;T;True;1
1621228357000;14116023;1.21303;1.21309;1.21306;2;T;True;1
1621228358000;14116027;1.21303;1.21309;1.21306;3;T;True;1
1621228359000;14116029;1.21302;1.21308;1.21305;1;T;True;1
1621228360000;14116030;1.21302;1.21308;1.21305;0;T;True;1
1621228361000;14116031;1.21302;1.21308;1.21305;0;T;True;1
1621228362000;14116033;1.21302;1.21308;1.21305;1;T;True;1
1621228363000;14116034;1.21302;1.21308;1.21305;0;T;True;1
1621228364000;14116038;1.21302;1.21308;1.21305;3;T;True;1
1621228365000;14116039;1.21302;1.21308;1.21305;0;T;True;1
1621228366000;14116040;1.21302;1.21308;1.21305;0;T;True;1
1621228367000;14116041;1.21302;1.21308;1.21305;0;T;True;1
1621228368000;14116043;1.21302;1.21308;1.21305;1;T;True;1
1621228369000;14116044;1.21302;1.21308;1.21305;0;T;True;1
1621228370000;14116045;1.21302;1.21308;1.21305;0;T;True;1
1621228371000;14116047;1.21303;1.21309;1.21306;1;T;True;1
1621228372000;14116048;1.21303;1.21309;1.21306;0;T;True;1
1621228373000;14116049;1.21303;1.21309;1.21306;0;T;True;1
1621228374000;14116050;1.21303;1.21309;1.21306;0;T;True;1
1621228375000;14116051;1.21303;1.21309;1.21306;0;T;True;1
1621228376000;14116052;1.21303;1.21309;1.21306;0;T;True;1
1621228377000;14116053;1.21303;1.21309;1.21306;0;T;True;1
1621228378000;14116055;1.21302;1.21308;1.21305;1;T;True;1
1621228379000;14116056;1.21302;1.21308;1.21305;0;T;True;1
1621228380000;14116057;1.21302;1.21308;1.21305;0;T;True;1
1621228381000;14116062;1.21303;1.21309;1.21306;4;T;True;1
1621228382000;14116064;1.21302;1.21308;1.21305;1;T;True;1
1621228383000;14116065;1.21302;1.21308;1.21305;0;T;True;1
1621228384000;14116066;1.21302;1.21308;1.21305;0;T;True;1
1621228385000;14116067;1.21302;1.21308;1.21305;0;T;True;1
1621228386000;14116068;1.21302;1.21308;1.21305;0;T;True;1
1621228387000;14116069;1.21302;1.21308;1.21305;0;T;True;1
1621228388000;14116071;1.21302;1.21308;1.21305;1;T;True;1
1621228389000;14116073;1.21302;1.21308;1.21305;1;T;True;1
1621228390000;14116074;1.21302;1.21308;1.21305;0;T;True;1
1621228391000;14116075;1.21302;1.21308;1.21305;0;T;True;1
1621228392000;14116076;1.21302;1.21308;1.21305;0;T;True;1
1621228393000;14116077;1.21302;1.21308;1.21305;0;T;True;1
1621228394000;14116078;1.21302;1.21308;1.21305;0;T;True;1
1621228395000;14116079;1.21302;1.21308;1.21305;0;T;True;1
1621228396000;14116080;1.21302;1.21308;1.21305;0;T;True;1
1621228397000;14116081;1.21302;1.21308;1.21305;0;T;True;1
1621228398000;14116082;1.21302;1.21308;1.21305;0;T;True;1
1621228399000;14116083;1.21302;1.21308;1.21305;0;T;True;1
1621228400000;14116084;1.21302;1.21308;1.21305;0;T;True;1
1621228401000;14116085;1.21302;1.21308;1.21305;0;T;True;1
1621228402000;14116086;1.21302;1.21308;1.21305;0;T;True;1
1621228403000;14116087;1.21302;1.21308;1.21305;0;T;True;1
1621228404000;14116088;1.21302;1.21308;1.21305;0;T;True;1
1621228405000;14116089;1.21302;1.21308;1.21305;0;T;True;1
1621228406000;14116090;1.21302;1.21308;1.21305;0;T;True;1
1621228407000;14116091;1.21302;1.21308;1.21305;0;T;True;1
1621228408000;14116092;1.21302;1.21308;1.21305;0;T;True;1
1621228409000;14116093;1.21302;1.21308;1.21305;0;T;True;1
1621228410000;14116094;1.21302;1.21308;1.21305;0;T;True;1
1621228411000;14116095;1.21302;1.21308;1.21305;0;T;True;1
1621228412000;14116096;1.21302;1.21308;1.21305;0;T;True;1
1621228413000;14116098;1.21302;1.21308;1.21305;1;T;True;1
1621228414000;14116099;1.21302;1.21308;1.21305;0;T;True;1
1621228415000;14116100;1.21302;1.21308;1.21305;0;T;True;1
1621228416000;14116101;1.21302;1.21308;1.21305;0;T;True;1
1621228417000;14116102;1.21302;1.21308;1.21305;0;T;True;1
1621228418000;14116103;1.21302;1.21308;1.21305;0;T;True;1
1621228419000;14116104;1.21302;1.21308;1.21305;0;T;True;1
1621228420000;14116105;1.21302;1.21308;1.21305;0;T;True;1
1621228421000;14116106;1.21302;1.21308;1.21305;0;T;True;1
1621228422000;14116107;1.21302;1.21308;1.21305;0;T;True;1
1621228423000;14116108;1.21302;1.21308;1.21305;0;T;True;1
1621228424000;14116109;1.21302;1.21308;1.21305;0;T;True;1
1621228425000;14116110;1.21302;1.21308;1.21305;0;T;True;1
1621228426000;14116111;1.21302;1.21308;1.21305;0;T;True;1
1621228427000;14116112;1.21302;1.21308;1.21305;0;T;True;1
1621228428000;14116113;1.21302;1.21308;1.21305;0;T;True;1
1621228429000;14116114;1.21302;1.21308;1.21305;0;T;True;1
1621228430000;14116116;1.21302;1.21308;1.21305;1;T;True;1
1621228431000;14116124;1.21298;1.21304;1.21301;7;T;True;1
1621228432000;14116132;1.213;1.21306;1.21303;7;T;True;1
1621228433000;14116135;1.21301;1.21307;1.21304;2;T;True;1
1621228434000;14116136;1.21301;1.21307;1.21304;0;T;True;1
1621228435000;14116137;1.21301;1.21307;1.21304;0;T;True;1
1621228436000;14116138;1.21301;1.21307;1.21304;0;T;True;1
1621228437000;14116140;1.21302;1.21308;1.21305;1;T;True;1
1621228438000;14116141;1.21302;1.21308;1.21305;0;T;True;1
1621228439000;14116142;1.21302;1.21308;1.21305;0;T;True;1
1621228440000;14116143;1.21302;1.21308;1.21305;0;T;True;1
1621228441000;14116144;1.21302;1.21308;1.21305;0;T;True;1
1621228442000;14116145;1.21302;1.21308;1.21305;0;T;True;1
1621228443000;14116146;1.21302;1.21308;1.21305;0;T;True;1
1621228444000;14116147;1.21302;1.21308;1.21305;0;T;True;1
1621228445000;14116148;1.21302;1.21308;1.21305;0;T;True;1
1621228446000;14116150;1.21302;1.21308;1.21305;1;T;True;1
1621228447000;14116151;1.21302;1.21308;1.21305;0;T;True;1
1621228448000;14116152;1.21302;1.21308;1.21305;0;T;True;1
1621228449000;14116153;1.21302;1.21308;1.21305;0;T;True;1
1621228450000;14116159;1.21299;1.21305;1.21302;5;T;True;1
1621228451000;14116160;1.21299;1.21305;1.21302;0;T;True;1
1621228452000;14116161;1.21299;1.21305;1.21302;0;T;True;1
1621228453000;14116162;1.21299;1.21305;1.21302;0;T;True;1
1621228454000;14116164;1.21299;1.21305;1.21302;1;T;True;1
1621228455000;14116165;1.21299;1.21305;1.21302;0;T;True;1
1621228456000;14116166;1.21299;1.21305;1.21302;0;T;True;1
1621228457000;14116167;1.21299;1.21305;1.21302;0;T;True;1
1621228458000;14116168;1.21299;1.21305;1.21302;0;T;True;1
1621228459000;14116170;1.21299;1.21305;1.21302;1;T;True;1
1621228460000;14116171;1.21299;1.21305;1.21302;0;T;True;1
1621228461000;14116172;1.21299;1.21305;1.21302;0;T;True;1
1621228462000;14116173;1.21299;1.21305;1.21302;0;T;True;1
1621228463000;14116175;1.21299;1.21305;1.21302;1;T;True;1
1621228464000;14116176;1.21299;1.21305;1.21302;0;T;True;1
1621228465000;14116177;1.21299;1.21305;1.21302;0;T;True;1
1621228466000;14116182;1.21301;1.21307;1.21304;4;T;True;1
1621228467000;14116183;1.21301;1.21307;1.21304;0;T;True;1
1621228468000;14116184;1.21301;1.21307;1.21304;0;T;True;1
1621228469000;14116185;1.21301;1.21307;1.21304;0;T;True;1
1621228470000;14116187;1.21301;1.21307;1.21304;1;T;True;1
1621228471000;14116188;1.21301;1.21307;1.21304;0;T;True;1
1621228472000;14116190;1.213;1.21306;1.21303;1;T;True;1
1621228473000;14116191;1.213;1.21306;1.21303;0;T;True;1
1621228474000;14116195;1.21298;1.21304;1.21301;3;T;True;1
1621228475000;14116198;1.21299;1.21305;1.21302;2;T;True;1
1621228476000;14116200;1.21299;1.21305;1.21302;1;T;True;1
1621228477000;14116201;1.21299;1.21305;1.21302;0;T;True;1
1621228478000;14116203;1.21299;1.21305;1.21302;1;T;True;1
1621228479000;14116204;1.21299;1.21305;1.21302;0;T;True;1
1621228480000;14116205;1.21299;1.21305;1.21302;0;T;True;1
1621228481000;14116206;1.21299;1.21305;1.21302;0;T;True;1
1621228482000;14116207;1.21299;1.21305;1.21302;0;T;True;1
1621228483000;14116208;1.21299;1.21305;1.21302;0;T;True;1
1621228484000;14116212;1.21299;1.21305;1.21302;3;T;True;1
1621228485000;14116213;1.21299;1.21305;1.21302;0;T;True;1
1621228486000;14116214;1.21299;1.21305;1.21302;0;T;True;1
1621228487000;14116219;1.21298;1.21304;1.21301;4;T;True;1
1621228488000;14116221;1.21298;1.21304;1.21301;1;T;True;1
1621228489000;14116222;1.21298;1.21304;1.21301;0;T;True;1
1621228490000;14116224;1.21298;1.21304;1.21301;1;T;True;1
1621228491000;14116226;1.21298;1.21304;1.21301;1;T;True;1
1621228492000;14116227;1.21298;1.21304;1.21301;0;T;True;1
1621228493000;14116229;1.21297;1.21303;1.213;1;T;True;1
1621228494000;14116231;1.21297;1.21303;1.213;1;T;True;1
1621228495000;14116232;1.21297;1.21303;1.213;0;T;True;1
1621228496000;14116234;1.21298;1.21304;1.21301;1;T;True;1
1621228497000;14116235;1.21298;1.21304;1.21301;0;T;True;1
1621228498000;14116236;1.21298;1.21304;1.21301;0;T;True;1
1621228499000;14116237;1.21298;1.21304;1.21301;0;T;True;1
1621228500000;14116238;1.21298;1.21304;1.21301;0;T;True;1
1621228501000;14116239;1.21298;1.21304;1.21301;0;T;True;1
1621228502000;14116240;1.21298;1.21304;1.21301;0;T;True;1
1621228503000;14116241;1.21298;1.21304;1.21301;0;T;True;1
1621228504000;14116242;1.21298;1.21304;1.21301;0;T;True;1
1621228505000;14116243;1.21298;1.21304;1.21301;0;T;True;1
1621228506000;14116244;1.21298;1.21304;1.21301;0;T;True;1
1621228507000;14116245;1.21298;1.21304;1.21301;0;T;True;1
1621228508000;14116246;1.21298;1.21304;1.21301;0;T;True;1
1621228509000;14116247;1.21298;1.21304;1.21301;0;T;True;1
1621228510000;14116248;1.21298;1.21304;1.21301;0;T;True;1
1621228511000;14116249;1.21298;1.21304;1.21301;0;T;True;1
1621228512000;14116250;1.21298;1.21304;1.21301;0;T;True;1
1621228513000;14116251;1.21298;1.21304;1.21301;0;T;True;1
1621228514000;14116252;1.21298;1.21304;1.21301;0;T;True;1
1621228515000;14116253;1.21298;1.21304;1.21301;0;T;True;1
1621228516000;14116254;1.21298;1.21304;1.21301;0;T;True;1
1621228517000;14116264;1.21301;1.21307;1.21304;9;T;True;1
1621228518000;14116268;1.21301;1.21307;1.21304;3;T;True;1
1621228519000;14116270;1.21301;1.21307;1.21304;1;T;True;1
1621228520000;14116272;1.21301;1.21307;1.21304;1;T;True;1
1621228521000;14116273;1.21301;1.21307;1.21304;0;T;True;1
1621228522000;14116274;1.21301;1.21307;1.21304;0;T;True;1
1621228523000;14116275;1.21301;1.21307;1.21304;0;T;True;1
1621228524000;14116276;1.21301;1.21307;1.21304;0;T;True;1
1621228525000;14116277;1.21301;1.21307;1.21304;0;T;True;1
1621228526000;14116278;1.21301;1.21307;1.21304;0;T;True;1
1621228527000;14116279;1.21301;1.21307;1.21304;0;T;True;1
1621228528000;14116280;1.21301;1.21307;1.21304;0;T;True;1
1621228529000;14116281;1.21301;1.21307;1.21304;0;T;True;1
1621228530000;14116282;1.21301;1.21307;1.21304;0;T;True;1
1621228531000;14116283;1.21301;1.21307;1.21304;0;T;True;1
1621228532000;14116284;1.21301;1.21307;1.21304;0;T;True;1
1621228533000;14116285;1.21301;1.21307;1.21304;0;T;True;1
1621228534000;14116286;1.21301;1.21307;1.21304;0;T;True;1
1621228535000;14116287;1.21301;1.21307;1.21304;0;T;True;1
1621228536000;14116288;1.21301;1.21307;1.21304;0;T;True;1
1621228537000;14116289;1.21301;1.21307;1.21304;0;T;True;1
1621228538000;14116291;1.213;1.21306;1.21303;1;T;True;1
1621228539000;14116292;1.213;1.21306;1.21303;0;T;True;1
1621228540000;14116293;1.213;1.21306;1.21303;0;T;True;1
1621228541000;14116294;1.213;1.21306;1.21303;0;T;True;1
1621228542000;14116295;1.213;1.21306;1.21303;0;T;True;1
1621228543000;14116296;1.213;1.21306;1.21303;0;T;True;1
1621228544000;14116298;1.213;1.21306;1.21303;1;T;True;1
1621228545000;14116300;1.21301;1.21307;1.21304;1;T;True;1
1621228546000;14116301;1.21301;1.21307;1.21304;0;T;True;1
1621228547000;14116302;1.21301;1.21307;1.21304;0;T;True;1
1621228548000;14116304;1.213;1.21306;1.21303;1;T;True;1
1621228549000;14116305;1.213;1.21306;1.21303;0;T;True;1
1621228550000;14116307;1.213;1.21306;1.21303;1;T;True;1
1621228551000;14116309;1.213;1.21306;1.21303;1;T;True;1
1621228552000;14116310;1.213;1.21306;1.21303;0;T;True;1
1621228553000;14116311;1.213;1.21306;1.21303;0;T;True;1
1621228554000;14116313;1.213;1.21306;1.21303;1;T;True;1
1621228555000;14116314;1.213;1.21306;1.21303;0;T;True;1
1621228556000;14116317;1.213;1.21306;1.21303;2;T;True;1
1621228557000;14116319;1.213;1.21306;1.21303;1;T;True;1
1621228558000;14116320;1.213;1.21306;1.21303;0;T;True;1
1621228559000;14116323;1.21301;1.21307;1.21304;2;T;True;1
1621228560000;14116324;1.21301;1.21307;1.21304;0;T;True;1
1621228561000;14116328;1.213;1.21306;1.21303;3;T;True;1
1621228562000;14116331;1.213;1.21306;1.21303;2;T;True;1
1621228563000;14116332;1.213;1.21306;1.21303;0;T;True;1
1621228564000;14116333;1.213;1.21306;1.21303;0;T;True;1
1621228565000;14116334;1.213;1.21306;1.21303;0;T;True;1
1621228566000;14116337;1.21299;1.21305;1.21302;2;T;True;1
1621228567000;14116338;1.21299;1.21305;1.21302;0;T;True;1
1621228568000;14116339;1.21299;1.21305;1.21302;0;T;True;1
1621228569000;14116340;1.21299;1.21305;1.21302;0;T;True;1
1621228570000;14116341;1.21299;1.21305;1.21302;0;T;True;1
1621228571000;14116342;1.21299;1.21305;1.21302;0;T;True;1
1621228572000;14116343;1.21299;1.21305;1.21302;0;T;True;1
1621228573000;14116344;1.21299;1.21305;1.21302;0;T;True;1
1621228574000;14116345;1.21299;1.21305;1.21302;0;T;True;1
1621228575000;14116347;1.21299;1.21305;1.21302;1;T;True;1
1621228576000;14116348;1.21299;1.21305;1.21302;0;T;True;1
1621228577000;14116349;1.21299;1.21305;1.21302;0;T;True;1
1621228578000;14116350;1.21299;1.21305;1.21302;0;T;True;1
1621228579000;14116361;1.21293;1.21299;1.21296;10;T;True;1
1621228580000;14116369;1.21292;1.21298;1.21295;7;T;True;1
1621228581000;14116373;1.2129;1.21296;1.21293;3;T;True;1
1621228582000;14116374;1.2129;1.21296;1.21293;0;T;True;1
1621228583000;14116376;1.2129;1.21296;1.21293;1;T;True;1
1621228584000;14116381;1.21288;1.21294;1.21291;4;T;True;1
1621228585000;14116382;1.21288;1.21294;1.21291;0;T;True;1
1621228586000;14116383;1.21288;1.21294;1.21291;0;T;True;1
1621228587000;14116387;1.21286;1.21292;1.21289;3;T;True;1
1621228588000;14116390;1.21286;1.21292;1.21289;2;T;True;1
1621228589000;14116391;1.21286;1.21292;1.21289;0;T;True;1
1621228590000;14116392;1.21286;1.21292;1.21289;0;T;True;1
1621228591000;14116393;1.21286;1.21292;1.21289;0;T;True;1
1621228592000;14116394;1.21286;1.21292;1.21289;0;T;True;1
1621228593000;14116395;1.21286;1.21292;1.21289;0;T;True;1
1621228594000;14116396;1.21286;1.21292;1.21289;0;T;True;1
1621228595000;14116397;1.21286;1.21292;1.21289;0;T;True;1
1621228596000;14116398;1.21286;1.21292;1.21289;0;T;True;1
1621228597000;14116399;1.21286;1.21292;1.21289;0;T;True;1
1621228598000;14116400;1.21286;1.21292;1.21289;0;T;True;1
1621228599000;14116401;1.21286;1.21292;1.21289;0;T;True;1
1621228600000;14116402;1.21286;1.21292;1.21289;0;T;True;1
1621228601000;14116403;1.21286;1.21292;1.21289;0;T;True;1
1621228602000;14116404;1.21286;1.21292;1.21289;0;T;True;1
1621228603000;14116405;1.21286;1.21292;1.21289;0;T;True;1
1621228604000;14116407;1.21286;1.21292;1.21289;1;T;True;1
1621228605000;14116408;1.21286;1.21292;1.21289;0;T;True;1
1621228606000;14116409;1.21286;1.21292;1.21289;0;T;True;1
1621228607000;14116410;1.21286;1.21292;1.21289;0;T;True;1
1621228608000;14116411;1.21286;1.21292;1.21289;0;T;True;1
1621228609000;14116413;1.21286;1.21292;1.21289;1;T;True;1
1621228610000;14116414;1.21286;1.21292;1.21289;0;T;True;1
1621228611000;14116415;1.21286;1.21292;1.21289;0;T;True;1
1621228612000;14116416;1.21286;1.21292;1.21289;0;T;True;1
1621228613000;14116417;1.21286;1.21292;1.21289;0;T;True;1
1621228614000;14116418;1.21286;1.21292;1.21289;0;T;True;1
1621228615000;14116419;1.21286;1.21292;1.21289;0;T;True;1
1621228616000;14116420;1.21286;1.21292;1.21289;0;T;True;1
1621228617000;14116423;1.21286;1.21292;1.21289;2;T;True;1
1621228618000;14116424;1.21286;1.21292;1.21289;0;T;True;1
1621228619000;14116425;1.21286;1.21292;1.21289;0;T;True;1
1621228620000;14116426;1.21286;1.21292;1.21289;0;T;True;1
1621228621000;14116431;1.21284;1.2129;1.21287;4;T;True;1
1621228622000;14116435;1.21286;1.21292;1.21289;3;T;True;1
1621228623000;14116442;1.21284;1.2129;1.21287;6;T;True;1
1621228624000;14116449;1.21283;1.21289;1.21286;6;T;True;1
1621228625000;14116450;1.21283;1.21289;1.21286;0;T;True;1
1621228626000;14116451;1.21283;1.21289;1.21286;0;T;True;1
1621228627000;14116456;1.21284;1.2129;1.21287;4;T;True;1
1621228628000;14116457;1.21284;1.2129;1.21287;0;T;True;1
1621228629000;14116458;1.21284;1.2129;1.21287;0;T;True;1
1621228630000;14116459;1.21284;1.2129;1.21287;0;T;True;1
1621228631000;14116460;1.21284;1.2129;1.21287;0;T;True;1
1621228632000;14116461;1.21284;1.2129;1.21287;0;T;True;1
1621228633000;14116462;1.21284;1.2129;1.21287;0;T;True;1
1621228634000;14116463;1.21284;1.2129;1.21287;0;T;True;1
1621228635000;14116464;1.21284;1.2129;1.21287;0;T;True;1
1621228636000;14116471;1.21282;1.21288;1.21285;6;T;True;1
1621228637000;14116473;1.21281;1.21287;1.21284;1;T;True;1
1621228638000;14116474;1.21281;1.21287;1.21284;0;T;True;1
1621228639000;14116478;1.2128;1.21286;1.21283;3;T;True;1
1621228640000;14116489;1.21277;1.21283;1.2128;10;T;True;1
1621228641000;14116495;1.21276;1.21282;1.21279;5;T;True;1
1621228642000;14116497;1.21276;1.21282;1.21279;1;T;True;1
1621228643000;14116499;1.21275;1.21281;1.21278;1;T;True;1
1621228644000;14116500;1.21275;1.21281;1.21278;0;T;True;1
1621228645000;14116504;1.21276;1.21282;1.21279;3;T;True;1
1621228646000;14116505;1.21276;1.21282;1.21279;0;T;True;1
1621228647000;14116506;1.21276;1.21282;1.21279;0;T;True;1
1621228648000;14116507;1.21276;1.21282;1.21279;0;T;True;1
1621228649000;14116511;1.21274;1.2128;1.21277;3;T;True;1
1621228650000;14116513;1.21274;1.2128;1.21277;1;T;True;1
1621228651000;14116514;1.21274;1.2128;1.21277;0;T;True;1
1621228652000;14116516;1.21274;1.2128;1.21277;1;T;True;1
1621228653000;14116518;1.21275;1.21281;1.21278;1;T;True;1
1621228654000;14116520;1.21275;1.21281;1.21278;1;T;True;1
1621228655000;14116521;1.21275;1.21281;1.21278;0;T;True;1
1621228656000;14116522;1.21275;1.21281;1.21278;0;T;True;1
1621228657000;14116530;1.21272;1.21278;1.21275;7;T;True;1
1621228658000;14116533;1.21272;1.21278;1.21275;2;T;True;1
1621228659000;14116534;1.21272;1.21278;1.21275;0;T;True;1
1621228660000;14116535;1.21272;1.21278;1.21275;0;T;True;1
1621228661000;14116537;1.21272;1.21278;1.21275;1;T;True;1
1621228662000;14116538;1.21272;1.21278;1.21275;0;T;True;1
1621228663000;14116539;1.21272;1.21278;1.21275;0;T;True;1
1621228664000;14116540;1.21272;1.21278;1.21275;0;T;True;1
1621228665000;14116541;1.21272;1.21278;1.21275;0;T;True;1
1621228666000;14116542;1.21272;1.21278;1.21275;0;T;True;1
1621228667000;14116543;1.21272;1.21278;1.21275;0;T;True;1
1621228668000;14116545;1.21272;1.21278;1.21275;1;T;True;1
1621228669000;14116546;1.21272;1.21278;1.21275;0;T;True;1
1621228670000;14116547;1.21272;1.21278;1.21275;0;T;True;1
1621228671000;14116549;1.21272;1.21278;1.21275;1;T;True;1
1621228672000;14116557;1.2127;1.21276;1.21273;7;T;True;1
1621228673000;14116562;1.21269;1.21275;1.21272;4;T;True;1
1621228674000;14116564;1.21269;1.21275;1.21272;1;T;True;1
1621228675000;14116565;1.21269;1.21275;1.21272;0;T;True;1
1621228676000;14116566;1.21269;1.21275;1.21272;0;T;True;1
1621228677000;14116572;1.21271;1.21277;1.21274;5;T;True;1
1621228678000;14116575;1.21271;1.21277;1.21274;2;T;True;1
1621228679000;14116576;1.21271;1.21277;1.21274;0;T;True;1
1621228680000;14116578;1.21271;1.21277;1.21274;1;T;True;1
1621228681000;14116579;1.21271;1.21277;1.21274;0;T;True;1
1621228682000;14116580;1.21271;1.21277;1.21274;0;T;True;1
1621228683000;14116581;1.21271;1.21277;1.21274;0;T;True;1
1621228684000;14116585;1.21272;1.21278;1.21275;3;T;True;1
1621228685000;14116587;1.21271;1.21277;1.21274;1;T;True;1
1621228686000;14116588;1.21271;1.21277;1.21274;0;T;True;1
1621228687000;14116592;1.21269;1.21275;1.21272;3;T;True;1
1621228688000;14116593;1.21269;1.21275;1.21272;0;T;True;1
1621228689000;14116597;1.21269;1.21275;1.21272;3;T;True;1
1621228690000;14116598;1.21269;1.21275;1.21272;0;T;True;1
1621228691000;14116600;1.21269;1.21275;1.21272;1;T;True;1
1621228692000;14116601;1.21269;1.21275;1.21272;0;T;True;1
1621228693000;14116605;1.2127;1.21276;1.21273;3;T;True;1
1621228694000;14116607;1.21271;1.21277;1.21274;1;T;True;1
1621228695000;14116609;1.21271;1.21277;1.21274;1;T;True;1
1621228696000;14116611;1.21271;1.21277;1.21274;1;T;True;1
1621228697000;14116612;1.21271;1.21277;1.21274;0;T;True;1
1621228698000;14116613;1.21271;1.21277;1.21274;0;T;True;1
1621228699000;14116616;1.21271;1.21277;1.21274;2;T;True;1
1621228700000;14116617;1.21271;1.21277;1.21274;0;T;True;1
1621228701000;14116619;1.21271;1.21277;1.21274;1;T;True;1
1621228702000;14116623;1.21272;1.21278;1.21275;3;T;True;1
1621228703000;14116631;1.21272;1.21278;1.21275;7;T;True;1
1621228704000;14116632;1.21272;1.21278;1.21275;0;T;True;1
1621228705000;14116638;1.2127;1.21276;1.21273;5;T;True;1
1621228706000;14116640;1.2127;1.21276;1.21273;1;T;True;1
1621228707000;14116646;1.21269;1.21275;1.21272;5;T;True;1
1621228708000;14116648;1.2127;1.21276;1.21273;1;T;True;1
1621228709000;14116650;1.2127;1.21276;1.21273;1;T;True;1
1621228710000;14116654;1.2127;1.21276;1.21273;3;T;True;1
1621228711000;14116656;1.2127;1.21276;1.21273;1;T;True;1
1621228712000;14116659;1.2127;1.21276;1.21273;2;T;True;1
1621228713000;14116662;1.2127;1.21276;1.21273;2;T;True;1
1621228714000;14116663;1.2127;1.21276;1.21273;0;T;True;1
1621228715000;14116670;1.2127;1.21276;1.21273;6;T;True;1
1621228716000;14116671;1.2127;1.21276;1.21273;0;T;True;1
1621228717000;14116672;1.2127;1.21276;1.21273;0;T;True;1
1621228718000;14116676;1.2127;1.21276;1.21273;3;T;True;1
1621228719000;14116680;1.21271;1.21277;1.21274;3;T;True;1
1621228720000;14116681;1.21271;1.21277;1.21274;0;T;True;1
1621228721000;14116683;1.2127;1.21276;1.21273;1;T;True;1
1621228722000;14116684;1.2127;1.21276;1.21273;0;T;True;1
1621228723000;14116689;1.2127;1.21276;1.21273;4;T;True;1
1621228724000;14116690;1.2127;1.21276;1.21273;0;T;True;1
1621228725000;14116692;1.21269;1.21275;1.21272;1;T;True;1
1621228726000;14116693;1.21269;1.21275;1.21272;0;T;True;1
1621228727000;14116694;1.21269;1.21275;1.21272;0;T;True;1
1621228728000;14116695;1.21269;1.21275;1.21272;0;T;True;1
1621228729000;14116696;1.21269;1.21275;1.21272;0;T;True;1
1621228730000;14116699;1.21268;1.21274;1.21271;2;T;True;1
1621228731000;14116700;1.21268;1.21274;1.21271;0;T;True;1
1621228732000;14116703;1.2127;1.21276;1.21273;2;T;True;1
1621228733000;14116706;1.2127;1.21276;1.21273;2;T;True;1
1621228734000;14116707;1.2127;1.21276;1.21273;0;T;True;1
1621228735000;14116708;1.2127;1.21276;1.21273;0;T;True;1
1621228736000;14116709;1.2127;1.21276;1.21273;0;T;True;1
1621228737000;14116712;1.2127;1.21276;1.21273;2;T;True;1
1621228738000;14116715;1.2127;1.21276;1.21273;2;T;True;1
1621228739000;14116717;1.2127;1.21276;1.21273;1;T;True;1
1621228740000;14116718;1.2127;1.21276;1.21273;0;T;True;1
1621228741000;14116725;1.2127;1.21276;1.21273;6;T;True;1
1621228742000;14116726;1.2127;1.21276;1.21273;0;T;True;1
1621228743000;14116727;1.2127;1.21276;1.21273;0;T;True;1
1621228744000;14116728;1.2127;1.21276;1.21273;0;T;True;1
1621228745000;14116729;1.2127;1.21276;1.21273;0;T;True;1
1621228746000;14116730;1.2127;1.21276;1.21273;0;T;True;1
1621228747000;14116733;1.21269;1.21275;1.21272;2;T;True;1
1621228748000;14116735;1.21269;1.21275;1.21272;1;T;True;1
1621228749000;14116737;1.21268;1.21274;1.21271;1;T;True;1
1621228750000;14116738;1.21268;1.21274;1.21271;0;T;True;1
1621228751000;14116741;1.21268;1.21274;1.21271;2;T;True;1
1621228752000;14116745;1.21269;1.21275;1.21272;3;T;True;1
1621228753000;14116747;1.21269;1.21275;1.21272;1;T;True;1
1621228754000;14116749;1.21268;1.21274;1.21271;1;T;True;1
1621228755000;14116750;1.21268;1.21274;1.21271;0;T;True;1
1621228756000;14116751;1.21268;1.21274;1.21271;0;T;True;1
1621228757000;14116752;1.21268;1.21274;1.21271;0;T;True;1
1621228758000;14116753;1.21268;1.21274;1.21271;0;T;True;1
1621228759000;14116756;1.21268;1.21274;1.21271;2;T;True;1
1621228760000;14116757;1.21268;1.21274;1.21271;0;T;True;1
1621228761000;14116760;1.21268;1.21274;1.21271;2;T;True;1
1621228762000;14116761;1.21268;1.21274;1.21271;0;T;True;1
1621228763000;14116764;1.2127;1.21276;1.21273;2;T;True;1
1621228764000;14116768;1.21268;1.21274;1.21271;3;T;True;1
1621228765000;14116769;1.21268;1.21274;1.21271;0;T;True;1
1621228766000;14116770;1.21268;1.21274;1.21271;0;T;True;1
1621228767000;14116775;1.21268;1.21274;1.21271;4;T;True;1
1621228768000;14116776;1.21268;1.21274;1.21271;0;T;True;1
1621228769000;14116781;1.21267;1.21273;1.2127;4;T;True;1
1621228770000;14116782;1.21267;1.21273;1.2127;0;T;True;1
1621228771000;14116783;1.21267;1.21273;1.2127;0;T;True;1
1621228772000;14116784;1.21267;1.21273;1.2127;0;T;True;1
1621228773000;14116785;1.21267;1.21273;1.2127;0;T;True;1
1621228774000;14116786;1.21267;1.21273;1.2127;0;T;True;1
1621228775000;14116790;1.21266;1.21272;1.21269;3;T;True;1
1621228776000;14116796;1.21266;1.21272;1.21269;5;T;True;1
1621228777000;14116800;1.21266;1.21272;1.21269;3;T;True;1
1621228778000;14116802;1.21266;1.21272;1.21269;1;T;True;1
1621228779000;14116803;1.21266;1.21272;1.21269;0;T;True;1
1621228780000;14116804;1.21266;1.21272;1.21269;0;T;True;1
1621228781000;14116805;1.21266;1.21272;1.21269;0;T;True;1
1621228782000;14116807;1.21266;1.21272;1.21269;1;T;True;1
1621228783000;14116808;1.21266;1.21272;1.21269;0;T;True;1
1621228784000;14116809;1.21266;1.21272;1.21269;0;T;True;1
1621228785000;14116810;1.21266;1.21272;1.21269;0;T;True;1
1621228786000;14116811;1.21266;1.21272;1.21269;0;T;True;1
1621228787000;14116812;1.21266;1.21272;1.21269;0;T;True;1
1621228788000;14116813;1.21266;1.21272;1.21269;0;T;True;1
1621228789000;14116814;1.21266;1.21272;1.21269;0;T;True;1
1621228790000;14116815;1.21266;1.21272;1.21269;0;T;True;1
1621228791000;14116816;1.21266;1.21272;1.21269;0;T;True;1
1621228792000;14116817;1.21266;1.21272;1.21269;0;T;True;1
1621228793000;14116818;1.21266;1.21272;1.21269;0;T;True;1
1621228794000;14116821;1.21268;1.21274;1.21271;2;T;True;1
1621228795000;14116822;1.21268;1.21274;1.21271;0;T;True;1
1621228796000;14116824;1.21268;1.21274;1.21271;1;T;True;1
1621228797000;14116825;1.21268;1.21274;1.21271;0;T;True;1
1621228798000;14116827;1.21268;1.21274;1.21271;1;T;True;1
1621228799000;14116828;1.21268;1.21274;1.21271;0;T;True;1
1621228800000;14116833;1.21268;1.21274;1.21271;4;T;True;1
1621228801000;14116836;1.21268;1.21274;1.21271;2;T;True;1
1621228802000;14116837;1.21268;1.21274;1.21271;0;T;True;1
1621228803000;14116840;1.21268;1.21274;1.21271;2;T;True;1
1621228804000;14116841;1.21268;1.21274;1.21271;0;T;True;1
1621228805000;14116842;1.21268;1.21274;1.21271;0;T;True;1
1621228806000;14116843;1.21268;1.21274;1.21271;0;T;True;1
1621228807000;14116845;1.21267;1.21273;1.2127;1;T;True;1
1621228808000;14116846;1.21267;1.21273;1.2127;0;T;True;1
1621228809000;14116847;1.21267;1.21273;1.2127;0;T;True;1
1621228810000;14116850;1.21268;1.21274;1.21271;2;T;True;1
1621228811000;14116857;1.2127;1.21276;1.21273;6;T;True;1
1621228812000;14116858;1.2127;1.21276;1.21273;0;T;True;1
1621228813000;14116859;1.2127;1.21276;1.21273;0;T;True;1
1621228814000;14116860;1.2127;1.21276;1.21273;0;T;True;1
1621228815000;14116862;1.21271;1.21277;1.21274;1;T;True;1
1621228816000;14116866;1.21271;1.21277;1.21274;3;T;True;1
1621228817000;14116870;1.21271;1.21277;1.21274;3;T;True;1
1621228818000;14116871;1.21271;1.21277;1.21274;0;T;True;1
1621228819000;14116872;1.21271;1.21277;1.21274;0;T;True;1
1621228820000;14116873;1.21271;1.21277;1.21274;0;T;True;1
1621228821000;14116875;1.21271;1.21277;1.21274;1;T;True;1
1621228822000;14116877;1.21271;1.21277;1.21274;1;T;True;1
1621228823000;14116878;1.21271;1.21277;1.21274;0;T;True;1
1621228824000;14116881;1.21271;1.21277;1.21274;2;T;True;1
1621228825000;14116882;1.21271;1.21277;1.21274;0;T;True;1
1621228826000;14116883;1.21271;1.21277;1.21274;0;T;True;1
1621228827000;14116884;1.21271;1.21277;1.21274;0;T;True;1
1621228828000;14116885;1.21271;1.21277;1.21274;0;T;True;1
1621228829000;14116886;1.21271;1.21277;1.21274;0;T;True;1
1621228830000;14116888;1.21271;1.21277;1.21274;1;T;True;1
1621228831000;14116889;1.21271;1.21277;1.21274;0;T;True;1
1621228832000;14116896;1.21273;1.21279;1.21276;6;T;True;1
1621228833000;14116899;1.21272;1.21278;1.21275;2;T;True;1
1621228834000;14116900;1.21272;1.21278;1.21275;0;T;True;1
1621228835000;14116902;1.21272;1.21278;1.21275;1;T;True;1
1621228836000;14116903;1.21272;1.21278;1.21275;0;T;True;1
1621228837000;14116904;1.21272;1.21278;1.21275;0;T;True;1
1621228838000;14116905;1.21272;1.21278;1.21275;0;T;True;1
1621228839000;14116906;1.21272;1.21278;1.21275;0;T;True;1
1621228840000;14116907;1.21272;1.21278;1.21275;0;T;True;1
1621228841000;14116908;1.21272;1.21278;1.21275;0;T;True;1
1621228842000;14116909;1.21272;1.21278;1.21275;0;T;True;1
1621228843000;14116923;1.21272;1.21278;1.21275;13;T;True;1
1621228844000;14116928;1.21272;1.21278;1.21275;4;T;True;1
1621228845000;14116929;1.21272;1.21278;1.21275;0;T;True;1
1621228846000;14116931;1.21272;1.21278;1.21275;1;T;True;1
1621228847000;14116932;1.21272;1.21278;1.21275;0;T;True;1
1621228848000;14116933;1.21272;1.21278;1.21275;0;T;True;1
1621228849000;14116934;1.21272;1.21278;1.21275;0;T;True;1
1621228850000;14116935;1.21272;1.21278;1.21275;0;T;True;1
1621228851000;14116937;1.21272;1.21278;1.21275;1;T;True;1
1621228852000;14116938;1.21272;1.21278;1.21275;0;T;True;1
1621228853000;14116939;1.21272;1.21278;1.21275;0;T;True;1
1621228854000;14116942;1.21272;1.21278;1.21275;2;T;True;1
1621228855000;14116943;1.21272;1.21278;1.21275;0;T;True;1
1621228856000;14116944;1.21272;1.21278;1.21275;0;T;True;1
1621228857000;14116946;1.21271;1.21277;1.21274;1;T;True;1
1621228858000;14116947;1.21271;1.21277;1.21274;0;T;True;1
1621228859000;14116948;1.21271;1.21277;1.21274;0;T;True;1
1621228860000;14116949;1.21271;1.21277;1.21274;0;T;True;1
1621228861000;14116950;1.21271;1.21277;1.21274;0;T;True;1
1621228862000;14116951;1.21271;1.21277;1.21274;0;T;True;1
1621228863000;14116952;1.21271;1.21277;1.21274;0;T;True;1
1621228864000;14116953;1.21271;1.21277;1.21274;0;T;True;1
1621228865000;14116955;1.21271;1.21277;1.21274;1;T;True;1
1621228866000;14116956;1.21271;1.21277;1.21274;0;T;True;1
1621228867000;14116957;1.21271;1.21277;1.21274;0;T;True;1
1621228868000;14116958;1.21271;1.21277;1.21274;0;T;True;1
1621228869000;14116960;1.21271;1.21277;1.21274;1;T;True;1
1621228870000;14116961;1.21271;1.21277;1.21274;0;T;True;1
1621228871000;14116962;1.21271;1.21277;1.21274;0;T;True;1
1621228872000;14116964;1.21271;1.21277;1.21274;1;T;True;1
1621228873000;14116965;1.21271;1.21277;1.21274;0;T;True;1
1621228874000;14116966;1.21271;1.21277;1.21274;0;T;True;1
1621228875000;14116967;1.21271;1.21277;1.21274;0;T;True;1
1621228876000;14116968;1.21271;1.21277;1.21274;0;T;True;1
1621228877000;14116969;1.21271;1.21277;1.21274;0;T;True;1
1621228878000;14116971;1.21272;1.21278;1.21275;1;T;True;1
1621228879000;14116972;1.21272;1.21278;1.21275;0;T;True;1
1621228880000;14116973;1.21272;1.21278;1.21275;0;T;True;1
1621228881000;14116975;1.21271;1.21277;1.21274;1;T;True;1
1621228882000;14116976;1.21271;1.21277;1.21274;0;T;True;1
1621228883000;14116977;1.21271;1.21277;1.21274;0;T;True;1
1621228884000;14116978;1.21271;1.21277;1.21274;0;T;True;1
1621228885000;14116979;1.21271;1.21277;1.21274;0;T;True;1
1621228886000;14116980;1.21271;1.21277;1.21274;0;T;True;1
1621228887000;14116983;1.21272;1.21278;1.21275;2;T;True;1
1621228888000;14116985;1.21272;1.21278;1.21275;1;T;True;1
1621228889000;14116986;1.21272;1.21278;1.21275;0;T;True;1
1621228890000;14116987;1.21272;1.21278;1.21275;0;T;True;1
1621228891000;14116988;1.21272;1.21278;1.21275;0;T;True;1
1621228892000;14116989;1.21272;1.21278;1.21275;0;T;True;1
1621228893000;14116990;1.21272;1.21278;1.21275;0;T;True;1
1621228894000;14116994;1.21275;1.21281;1.21278;3;T;True;1
1621228895000;14116997;1.21276;1.21282;1.21279;2;T;True;1
1621228896000;14116998;1.21276;1.21282;1.21279;0;T;True;1
1621228897000;14117000;1.21276;1.21282;1.21279;1;T;True;1
1621228898000;14117002;1.21276;1.21282;1.21279;1;T;True;1
1621228899000;14117003;1.21276;1.21282;1.21279;0;T;True;1
1621228900000;14117005;1.21276;1.21282;1.21279;1;T;True;1
1621228901000;14117007;1.21274;1.2128;1.21277;1;T;True;1
1621228902000;14117009;1.21275;1.21281;1.21278;1;T;True;1
1621228903000;14117010;1.21275;1.21281;1.21278;0;T;True;1
1621228904000;14117011;1.21275;1.21281;1.21278;0;T;True;1
1621228905000;14117012;1.21275;1.21281;1.21278;0;T;True;1
1621228906000;14117013;1.21275;1.21281;1.21278;0;T;True;1
1621228907000;14117016;1.21276;1.21282;1.21279;2;T;True;1
1621228908000;14117017;1.21276;1.21282;1.21279;0;T;True;1
1621228909000;14117018;1.21276;1.21282;1.21279;0;T;True;1
1621228910000;14117020;1.21276;1.21282;1.21279;1;T;True;1
1621228911000;14117022;1.21275;1.21281;1.21278;1;T;True;1
1621228912000;14117028;1.21277;1.21283;1.2128;5;T;True;1
1621228913000;14117030;1.21277;1.21283;1.2128;1;T;True;1
1621228914000;14117031;1.21277;1.21283;1.2128;0;T;True;1
1621228915000;14117032;1.21277;1.21283;1.2128;0;T;True;1
1621228916000;14117033;1.21277;1.21283;1.2128;0;T;True;1
1621228917000;14117035;1.21276;1.21282;1.21279;1;T;True;1
1621228918000;14117038;1.21276;1.21282;1.21279;2;T;True;1
1621228919000;14117039;1.21276;1.21282;1.21279;0;T;True;1
1621228920000;14117041;1.21276;1.21282;1.21279;1;T;True;1
1621228921000;14117042;1.21276;1.21282;1.21279;0;T;True;1
1621228922000;14117043;1.21276;1.21282;1.21279;0;T;True;1
1621228923000;14117046;1.21276;1.21282;1.21279;2;T;True;1
1621228924000;14117051;1.2128;1.21286;1.21283;4;T;True;1
1621228925000;14117053;1.21279;1.21285;1.21282;1;T;True;1
1621228926000;14117055;1.2128;1.21286;1.21283;1;T;True;1
1621228927000;14117056;1.2128;1.21286;1.21283;0;T;True;1
1621228928000;14117057;1.2128;1.21286;1.21283;0;T;True;1
1621228929000;14117069;1.21276;1.21282;1.21279;11;T;True;1
1621228930000;14117071;1.21276;1.21282;1.21279;1;T;True;1
1621228931000;14117072;1.21276;1.21282;1.21279;0;T;True;1
1621228932000;14117073;1.21276;1.21282;1.21279;0;T;True;1
1621228933000;14117075;1.21276;1.21282;1.21279;1;T;True;1
1621228934000;14117081;1.21275;1.21281;1.21278;5;T;True;1
1621228935000;14117082;1.21275;1.21281;1.21278;0;T;True;1
1621228936000;14117084;1.21274;1.2128;1.21277;1;T;True;1
1621228937000;14117085;1.21274;1.2128;1.21277;0;T;True;1
1621228938000;14117086;1.21274;1.2128;1.21277;0;T;True;1
1621228939000;14117087;1.21274;1.2128;1.21277;0;T;True;1
1621228940000;14117089;1.21274;1.2128;1.21277;1;T;True;1
1621228941000;14117092;1.21274;1.2128;1.21277;2;T;True;1
1621228942000;14117098;1.21272;1.21278;1.21275;5;T;True;1
1621228943000;14117102;1.21274;1.2128;1.21277;3;T;True;1
1621228944000;14117104;1.21274;1.2128;1.21277;1;T;True;1
1621228945000;14117105;1.21274;1.2128;1.21277;0;T;True;1
1621228946000;14117106;1.21274;1.2128;1.21277;0;T;True;1
1621228947000;14117107;1.21274;1.2128;1.21277;0;T;True;1
1621228948000;14117110;1.21276;1.21282;1.21279;2;T;True;1
1621228949000;14117112;1.21276;1.21282;1.21279;1;T;True;1
1621228950000;14117115;1.21276;1.21282;1.21279;2;T;True;1
1621228951000;14117116;1.21276;1.21282;1.21279;0;T;True;1
1621228952000;14117117;1.21276;1.21282;1.21279;0;T;True;1
1621228953000;14117118;1.21276;1.21282;1.21279;0;T;True;1
1621228954000;14117119;1.21276;1.21282;1.21279;0;T;True;1
1621228955000;14117121;1.21276;1.21282;1.21279;1;T;True;1
1621228956000;14117122;1.21276;1.21282;1.21279;0;T;True;1
1621228957000;14117124;1.21276;1.21282;1.21279;1;T;True;1
1621228958000;14117125;1.21276;1.21282;1.21279;0;T;True;1
1621228959000;14117126;1.21276;1.21282;1.21279;0;T;True;1
1621228960000;14117127;1.21276;1.21282;1.21279;0;T;True;1
1621228961000;14117129;1.21276;1.21282;1.21279;1;T;True;1
1621228962000;14117130;1.21276;1.21282;1.21279;0;T;True;1
1621228963000;14117131;1.21276;1.21282;1.21279;0;T;True;1
1621228964000;14117134;1.21276;1.21282;1.21279;2;T;True;1
1621228965000;14117135;1.21276;1.21282;1.21279;0;T;True;1
1621228966000;14117136;1.21276;1.21282;1.21279;0;T;True;1
1621228967000;14117137;1.21276;1.21282;1.21279;0;T;True;1
1621228968000;14117138;1.21276;1.21282;1.21279;0;T;True;1
1621228969000;14117139;1.21276;1.21282;1.21279;0;T;True;1
1621228970000;14117140;1.21276;1.21282;1.21279;0;T;True;1
1621228971000;14117141;1.21276;1.21282;1.21279;0;T;True;1
1621228972000;14117148;1.21272;1.21278;1.21275;6;T;True;1
1621228973000;14117151;1.21272;1.21278;1.21275;2;T;True;1
1621228974000;14117152;1.21272;1.21278;1.21275;0;T;True;1
1621228975000;14117155;1.21273;1.21279;1.21276;2;T;True;1
1621228976000;14117161;1.21272;1.21278;1.21275;5;T;True;1
1621228977000;14117163;1.21272;1.21278;1.21275;1;T;True;1
1621228978000;14117164;1.21272;1.21278;1.21275;0;T;True;1
1621228979000;14117167;1.21271;1.21277;1.21274;2;T;True;1
1621228980000;14117168;1.21271;1.21277;1.21274;0;T;True;1
1621228981000;14117172;1.21272;1.21278;1.21275;3;T;True;1
1621228982000;14117177;1.21271;1.21277;1.21274;4;T;True;1
1621228983000;14117178;1.21271;1.21277;1.21274;0;T;True;1
1621228984000;14117179;1.21271;1.21277;1.21274;0;T;True;1
1621228985000;14117180;1.21271;1.21277;1.21274;0;T;True;1
1621228986000;14117181;1.21271;1.21277;1.21274;0;T;True;1
1621228987000;14117182;1.21271;1.21277;1.21274;0;T;True;1
1621228988000;14117185;1.21272;1.21278;1.21275;2;T;True;1
1621228989000;14117187;1.21272;1.21278;1.21275;1;T;True;1
1621228990000;14117188;1.21272;1.21278;1.21275;0;T;True;1
1621228991000;14117189;1.21272;1.21278;1.21275;0;T;True;1
1621228992000;14117191;1.21272;1.21278;1.21275;1;T;True;1
1621228993000;14117192;1.21272;1.21278;1.21275;0;T;True;1
1621228994000;14117201;1.21272;1.21278;1.21275;8;T;True;1
1621228995000;14117202;1.21272;1.21278;1.21275;0;T;True;1
1621228996000;14117204;1.21272;1.21278;1.21275;1;T;True;1
1621228997000;14117205;1.21272;1.21278;1.21275;0;T;True;1
1621228998000;14117207;1.21271;1.21277;1.21274;1;T;True;1
1621228999000;14117208;1.21271;1.21277;1.21274;0;T;True;1
1621229000000;14117211;1.21272;1.21278;1.21275;2;T;True;1
1621229001000;14117212;1.21272;1.21278;1.21275;0;T;True;1
1621229002000;14117213;1.21272;1.21278;1.21275;0;T;True;1
1621229003000;14117214;1.21272;1.21278;1.21275;0;T;True;1
1621229004000;14117215;1.21272;1.21278;1.21275;0;T;True;1
1621229005000;14117218;1.21272;1.21278;1.21275;2;T;True;1
1621229006000;14117219;1.21272;1.21278;1.21275;0;T;True;1
1621229007000;14117220;1.21272;1.21278;1.21275;0;T;True;1
1621229008000;14117221;1.21272;1.21278;1.21275;0;T;True;1
1621229009000;14117222;1.21272;1.21278;1.21275;0;T;True;1
1621229010000;14117224;1.21271;1.21277;1.21274;1;T;True;1
1621229011000;14117225;1.21271;1.21277;1.21274;0;T;True;1
1621229012000;14117227;1.21272;1.21278;1.21275;1;T;True;1
1621229013000;14117228;1.21272;1.21278;1.21275;0;T;True;1
1621229014000;14117229;1.21272;1.21278;1.21275;0;T;True;1
1621229015000;14117230;1.21272;1.21278;1.21275;0;T;True;1
1621229016000;14117231;1.21272;1.21278;1.21275;0;T;True;1
1621229017000;14117235;1.21271;1.21277;1.21274;3;T;True;1
1621229018000;14117236;1.21271;1.21277;1.21274;0;T;True;1
1621229019000;14117237;1.21271;1.21277;1.21274;0;T;True;1
1621229020000;14117239;1.21271;1.21277;1.21274;1;T;True;1
1621229021000;14117240;1.21271;1.21277;1.21274;0;T;True;1
1621229022000;14117241;1.21271;1.21277;1.21274;0;T;True;1
1621229023000;14117242;1.21271;1.21277;1.21274;0;T;True;1
1621229024000;14117243;1.21271;1.21277;1.21274;0;T;True;1
1621229025000;14117244;1.21271;1.21277;1.21274;0;T;True;1
1621229026000;14117245;1.21271;1.21277;1.21274;0;T;True;1
1621229027000;14117246;1.21271;1.21277;1.21274;0;T;True;1
1621229028000;14117248;1.21271;1.21277;1.21274;1;T;True;1
1621229029000;14117249;1.21271;1.21277;1.21274;0;T;True;1
1621229030000;14117250;1.21271;1.21277;1.21274;0;T;True;1
1621229031000;14117251;1.21271;1.21277;1.21274;0;T;True;1
1621229032000;14117252;1.21271;1.21277;1.21274;0;T;True;1
1621229033000;14117253;1.21271;1.21277;1.21274;0;T;True;1
1621229034000;14117255;1.21272;1.21278;1.21275;1;T;True;1
1621229035000;14117256;1.21272;1.21278;1.21275;0;T;True;1
1621229036000;14117257;1.21272;1.21278;1.21275;0;T;True;1
1621229037000;14117258;1.21272;1.21278;1.21275;0;T;True;1
1621229038000;14117259;1.21272;1.21278;1.21275;0;T;True;1
1621229039000;14117260;1.21272;1.21278;1.21275;0;T;True;1
1621229040000;14117262;1.21271;1.21277;1.21274;1;T;True;1
1621229041000;14117263;1.21271;1.21277;1.21274;0;T;True;1
1621229042000;14117264;1.21271;1.21277;1.21274;0;T;True;1
1621229043000;14117266;1.21271;1.21277;1.21274;1;T;True;1
1621229044000;14117267;1.21271;1.21277;1.21274;0;T;True;1
1621229045000;14117268;1.21271;1.21277;1.21274;0;T;True;1
1621229046000;14117269;1.21271;1.21277;1.21274;0;T;True;1
1621229047000;14117270;1.21271;1.21277;1.21274;0;T;True;1
1621229048000;14117271;1.21271;1.21277;1.21274;0;T;True;1
1621229049000;14117273;1.21271;1.21277;1.21274;1;T;True;1
1621229050000;14117274;1.21271;1.21277;1.21274;0;T;True;1
1621229051000;14117275;1.21271;1.21277;1.21274;0;T;True;1
1621229052000;14117276;1.21271;1.21277;1.21274;0;T;True;1
1621229053000;14117279;1.21271;1.21277;1.21274;2;T;True;1
1621229054000;14117280;1.21271;1.21277;1.21274;0;T;True;1
1621229055000;14117281;1.21271;1.21277;1.21274;0;T;True;1
1621229056000;14117282;1.21271;1.21277;1.21274;0;T;True;1
1621229057000;14117283;1.21271;1.21277;1.21274;0;T;True;1
1621229058000;14117284;1.21271;1.21277;1.21274;0;T;True;1
1621229059000;14117285;1.21271;1.21277;1.21274;0;T;True;1
1621229060000;14117286;1.21271;1.21277;1.21274;0;T;True;1
1621229061000;14117287;1.21271;1.21277;1.21274;0;T;True;1
1621229062000;14117288;1.21271;1.21277;1.21274;0;T;True;1
1621229063000;14117289;1.21271;1.21277;1.21274;0;T;True;1
1621229064000;14117290;1.21271;1.21277;1.21274;0;T;True;1
1621229065000;14117292;1.21271;1.21277;1.21274;1;T;True;1
1621229066000;14117293;1.21271;1.21277;1.21274;0;T;True;1
1621229067000;14117295;1.21272;1.21278;1.21275;1;T;True;1
1621229068000;14117297;1.21272;1.21278;1.21275;1;T;True;1
1621229069000;14117300;1.21272;1.21278;1.21275;2;T;True;1
1621229070000;14117301;1.21272;1.21278;1.21275;0;T;True;1
1621229071000;14117302;1.21272;1.21278;1.21275;0;T;True;1
1621229072000;14117304;1.21272;1.21278;1.21275;1;T;True;1
1621229073000;14117308;1.21274;1.2128;1.21277;3;T;True;1
1621229074000;14117309;1.21274;1.2128;1.21277;0;T;True;1
1621229075000;14117310;1.21274;1.2128;1.21277;0;T;True;1
1621229076000;14117311;1.21274;1.2128;1.21277;0;T;True;1
1621229077000;14117314;1.21275;1.21281;1.21278;2;T;True;1
1621229078000;14117315;1.21275;1.21281;1.21278;0;T;True;1
1621229079000;14117316;1.21275;1.21281;1.21278;0;T;True;1
1621229080000;14117317;1.21275;1.21281;1.21278;0;T;True;1
1621229081000;14117319;1.21275;1.21281;1.21278;1;T;True;1
1621229082000;14117321;1.21275;1.21281;1.21278;1;T;True;1
1621229083000;14117323;1.21275;1.21281;1.21278;1;T;True;1
1621229084000;14117324;1.21275;1.21281;1.21278;0;T;True;1
1621229085000;14117325;1.21275;1.21281;1.21278;0;T;True;1
1621229086000;14117326;1.21275;1.21281;1.21278;0;T;True;1
1621229087000;14117327;1.21275;1.21281;1.21278;0;T;True;1
1621229088000;14117328;1.21275;1.21281;1.21278;0;T;True;1
1621229089000;14117329;1.21275;1.21281;1.21278;0;T;True;1
1621229090000;14117331;1.21275;1.21281;1.21278;1;T;True;1
1621229091000;14117332;1.21275;1.21281;1.21278;0;T;True;1
1621229092000;14117333;1.21275;1.21281;1.21278;0;T;True;1
1621229093000;14117334;1.21275;1.21281;1.21278;0;T;True;1
1621229094000;14117335;1.21275;1.21281;1.21278;0;T;True;1
1621229095000;14117339;1.21276;1.21282;1.21279;3;T;True;1
1621229096000;14117340;1.21276;1.21282;1.21279;0;T;True;1
1621229097000;14117341;1.21276;1.21282;1.21279;0;T;True;1
1621229098000;14117342;1.21276;1.21282;1.21279;0;T;True;1
1621229099000;14117343;1.21276;1.21282;1.21279;0;T;True;1
1621229100000;14117344;1.21276;1.21282;1.21279;0;T;True;1
1621229101000;14117345;1.21276;1.21282;1.21279;0;T;True;1
1621229102000;14117346;1.21276;1.21282;1.21279;0;T;True;1
1621229103000;14117348;1.21276;1.21282;1.21279;1;T;True;1
1621229104000;14117350;1.21276;1.21282;1.21279;1;T;True;1
1621229105000;14117352;1.21276;1.21282;1.21279;1;T;True;1
1621229106000;14117353;1.21276;1.21282;1.21279;0;T;True;1
1621229107000;14117354;1.21276;1.21282;1.21279;0;T;True;1
1621229108000;14117355;1.21276;1.21282;1.21279;0;T;True;1
1621229109000;14117356;1.21276;1.21282;1.21279;0;T;True;1
1621229110000;14117357;1.21276;1.21282;1.21279;0;T;True;1
1621229111000;14117358;1.21276;1.21282;1.21279;0;T;True;1
1621229112000;14117359;1.21276;1.21282;1.21279;0;T;True;1
1621229113000;14117360;1.21276;1.21282;1.21279;0;T;True;1
1621229114000;14117361;1.21276;1.21282;1.21279;0;T;True;1
1621229115000;14117362;1.21276;1.21282;1.21279;0;T;True;1
1621229116000;14117363;1.21276;1.21282;1.21279;0;T;True;1
1621229117000;14117364;1.21276;1.21282;1.21279;0;T;True;1
1621229118000;14117365;1.21276;1.21282;1.21279;0;T;True;1
1621229119000;14117368;1.21276;1.21282;1.21279;2;T;True;1
1621229120000;14117369;1.21276;1.21282;1.21279;0;T;True;1
1621229121000;14117370;1.21276;1.21282;1.21279;0;T;True;1
1621229122000;14117377;1.21276;1.21282;1.21279;6;T;True;1
1621229123000;14117379;1.21276;1.21282;1.21279;1;T;True;1
1621229124000;14117380;1.21276;1.21282;1.21279;0;T;True;1
1621229125000;14117382;1.21276;1.21282;1.21279;1;T;True;1
1621229126000;14117383;1.21276;1.21282;1.21279;0;T;True;1
1621229127000;14117384;1.21276;1.21282;1.21279;0;T;True;1
1621229128000;14117390;1.21274;1.2128;1.21277;5;T;True;1
1621229129000;14117391;1.21274;1.2128;1.21277;0;T;True;1
1621229130000;14117392;1.21274;1.2128;1.21277;0;T;True;1
1621229131000;14117393;1.21274;1.2128;1.21277;0;T;True;1
1621229132000;14117394;1.21274;1.2128;1.21277;0;T;True;1
1621229133000;14117395;1.21274;1.2128;1.21277;0;T;True;1
1621229134000;14117396;1.21274;1.2128;1.21277;0;T;True;1
1621229135000;14117397;1.21274;1.2128;1.21277;0;T;True;1
1621229136000;14117402;1.21274;1.2128;1.21277;4;T;True;1
1621229137000;14117406;1.21272;1.21278;1.21275;3;T;True;1
1621229138000;14117407;1.21272;1.21278;1.21275;0;T;True;1
1621229139000;14117408;1.21272;1.21278;1.21275;0;T;True;1
1621229140000;14117409;1.21272;1.21278;1.21275;0;T;True;1
1621229141000;14117410;1.21272;1.21278;1.21275;0;T;True;1
1621229142000;14117411;1.21272;1.21278;1.21275;0;T;True;1
1621229143000;14117412;1.21272;1.21278;1.21275;0;T;True;1
1621229144000;14117418;1.21272;1.21278;1.21275;5;T;True;1
1621229145000;14117420;1.21271;1.21277;1.21274;1;T;True;1
1621229146000;14117423;1.21272;1.21278;1.21275;2;T;True;1
1621229147000;14117424;1.21272;1.21278;1.21275;0;T;True;1
1621229148000;14117425;1.21272;1.21278;1.21275;0;T;True;1
1621229149000;14117426;1.21272;1.21278;1.21275;0;T;True;1
1621229150000;14117427;1.21272;1.21278;1.21275;0;T;True;1
1621229151000;14117428;1.21272;1.21278;1.21275;0;T;True;1
1621229152000;14117429;1.21272;1.21278;1.21275;0;T;True;1
1621229153000;14117430;1.21272;1.21278;1.21275;0;T;True;1
1621229154000;14117431;1.21272;1.21278;1.21275;0;T;True;1
1621229155000;14117433;1.21271;1.21277;1.21274;1;T;True;1
1621229156000;14117434;1.21271;1.21277;1.21274;0;T;True;1
1621229157000;14117435;1.21271;1.21277;1.21274;0;T;True;1
1621229158000;14117436;1.21271;1.21277;1.21274;0;T;True;1
1621229159000;14117437;1.21271;1.21277;1.21274;0;T;True;1
1621229160000;14117438;1.21271;1.21277;1.21274;0;T;True;1
1621229161000;14117440;1.21271;1.21277;1.21274;1;T;True;1
1621229162000;14117441;1.21271;1.21277;1.21274;0;T;True;1
1621229163000;14117442;1.21271;1.21277;1.21274;0;T;True;1
1621229164000;14117443;1.21271;1.21277;1.21274;0;T;True;1
1621229165000;14117444;1.21271;1.21277;1.21274;0;T;True;1
1621229166000;14117445;1.21271;1.21277;1.21274;0;T;True;1
1621229167000;14117446;1.21271;1.21277;1.21274;0;T;True;1
1621229168000;14117447;1.21271;1.21277;1.21274;0;T;True;1
1621229169000;14117449;1.21271;1.21277;1.21274;1;T;True;1
1621229170000;14117450;1.21271;1.21277;1.21274;0;T;True;1
1621229171000;14117452;1.21271;1.21277;1.21274;1;T;True;1
1621229172000;14117453;1.21271;1.21277;1.21274;0;T;True;1
1621229173000;14117455;1.21271;1.21277;1.21274;1;T;True;1
1621229174000;14117457;1.21271;1.21277;1.21274;1;T;True;1
1621229175000;14117458;1.21271;1.21277;1.21274;0;T;True;1
1621229176000;14117460;1.21272;1.21278;1.21275;1;T;True;1
1621229177000;14117462;1.21272;1.21278;1.21275;1;T;True;1
1621229178000;14117463;1.21272;1.21278;1.21275;0;T;True;1
1621229179000;14117464;1.21272;1.21278;1.21275;0;T;True;1
1621229180000;14117465;1.21272;1.21278;1.21275;0;T;True;1
1621229181000;14117466;1.21272;1.21278;1.21275;0;T;True;1
1621229182000;14117467;1.21272;1.21278;1.21275;0;T;True;1
1621229183000;14117468;1.21272;1.21278;1.21275;0;T;True;1
1621229184000;14117469;1.21272;1.21278;1.21275;0;T;True;1
1621229185000;14117470;1.21272;1.21278;1.21275;0;T;True;1
1621229186000;14117471;1.21272;1.21278;1.21275;0;T;True;1
1621229187000;14117472;1.21272;1.21278;1.21275;0;T;True;1
1621229188000;14117473;1.21272;1.21278;1.21275;0;T;True;1
1621229189000;14117474;1.21272;1.21278;1.21275;0;T;True;1
1621229190000;14117475;1.21272;1.21278;1.21275;0;T;True;1
1621229191000;14117476;1.21272;1.21278;1.21275;0;T;True;1
