ts;n;bid;ask;value;volume;phase;round;active_id
1621234662000;14129959;1.21393;1.21399;1.21396;1;T;True;1
1621234663000;14129961;1.21392;1.21398;1.21395;1;T;True;1
1621234664000;14129963;1.21393;1.21399;1.21396;1;T;True;1
1621234665000;14129967;1.2139;1.21396;1.21393;3;T;True;1
1621234666000;14129968;1.2139;1.21396;1.21393;0;T;True;1
1621234667000;14129970;1.21387;1.21393;1.2139;1;T;True;1
1621234668000;14129977;1.21384;1.2139;1.21387;6;T;True;1
1621234669000;14129980;1.21384;1.2139;1.21387;2;T;True;1
1621234670000;14129981;1.21384;1.2139;1.21387;0;T;True;1
1621234671000;14129982;1.21384;1.2139;1.21387;0;T;True;1
1621234672000;14129983;1.21384;1.2139;1.21387;0;T;True;1
1621234673000;14129984;1.21384;1.2139;1.21387;0;T;True;1
1621234674000;14129989;1.2138;1.21386;1.21383;4;T;True;1
1621234675000;14129991;1.2138;1.21386;1.21383;1;T;True;1
1621234676000;14129994;1.21378;1.21384;1.21381;2;T;True;1
1621234677000;14130001;1.21373;1.21379;1.21376;6;T;True;1
1621234678000;14130006;1.21374;1.2138;1.21377;4;T;True;1
1621234679000;14130007;1.21374;1.2138;1.21377;0;T;True;1
1621234680000;14130008;1.21374;1.2138;1.21377;0;T;True;1
1621234681000;14130010;1.21375;1.21381;1.21378;1;T;True;1
1621234682000;14130011;1.21375;1.21381;1.21378;0;T;True;1
1621234683000;14130012;1.21375;1.21381;1.21378;0;T;True;1
1621234684000;14130013;1.21375;1.21381;1.21378;0;T;True;1
1621234685000;14130015;1.21375;1.21381;1.21378;1;T;True;1
1621234686000;14130017;1.21374;1.2138;1.21377;1;T;True;1
1621234687000;14130018;1.21374;1.2138;1.21377;0;T;True;1
1621234688000;14130019;1.21374;1.2138;1.21377;0;T;True;1
1621234689000;14130022;1.21374;1.2138;1.21377;2;T;True;1
1621234690000;14130023;1.21374;1.2138;1.21377;0;T;True;1
1621234691000;14130026;1.21373;1.21379;1.21376;2;T;True;1
1621234692000;14130027;1.21373;1.21379;1.21376;0;T;True;1
1621234693000;14130028;1.21373;1.21379;1.21376;0;T;True;1
1621234694000;14130046;1.21386;1.21392;1.21389;17;T;True;1
1621234695000;14130052;1.21383;1.21389;1.21386;5;T;True;1
1621234696000;14130053;1.21383;1.21389;1.21386;0;T;True;1
1621234697000;14130055;1.21384;1.2139;1.21387;1;T;True;1
1621234698000;14130057;1.21383;1.21389;1.21386;1;T;True;1
1621234699000;14130058;1.21383;1.21389;1.21386;0;T;True;1
1621234700000;14130060;1.21382;1.21388;1.21385;1;T;True;1
1621234701000;14130061;1.21382;1.21388;1.21385;0;T;True;1
1621234702000;14130062;1.21382;1.21388;1.21385;0;T;True;1
1621234703000;14130068;1.21378;1.21384;1.21381;5;T;True;1
1621234704000;14130073;1.21378;1.21384;1.21381;4;T;True;1
1621234705000;14130074;1.21378;1.21384;1.21381;0;T;True;1
1621234706000;14130083;1.21378;1.21384;1.21381;8;T;True;1
1621234707000;14130085;1.21378;1.21384;1.21381;1;T;True;1
1621234708000;14130088;1.21377;1.21383;1.2138;2;T;True;1
1621234709000;14130089;1.21377;1.21383;1.2138;0;T;True;1
1621234710000;14130092;1.21375;1.21381;1.21378;2;T;True;1
1621234711000;14130095;1.21376;1.21382;1.21379;2;T;True;1
1621234712000;14130100;1.21375;1.21381;1.21378;4;T;True;1
1621234713000;14130102;1.21376;1.21382;1.21379;1;T;True;1
1621234714000;14130103;1.21376;1.21382;1.21379;0;T;True;1
1621234715000;14130108;1.21374;1.2138;1.21377;4;T;True;1
1621234716000;14130115;1.21375;1.21381;1.21378;6;T;True;1
1621234717000;14130118;1.21375;1.21381;1.21378;2;T;True;1
1621234718000;14130122;1.21376;1.21382;1.21379;3;T;True;1
1621234719000;14130124;1.21375;1.21381;1.21378;1;T;True;1
1621234720000;14130126;1.21376;1.21382;1.21379;1;T;True;1
1621234721000;14130129;1.21375;1.21381;1.21378;2;T;True;1
1621234722000;14130133;1.21375;1.21381;1.21378;3;T;True;1
1621234723000;14130134;1.21375;1.21381;1.21378;0;T;True;1
1621234724000;14130136;1.21374;1.2138;1.21377;1;T;True;1
1621234725000;14130140;1.21375;1.21381;1.21378;3;T;True;1
1621234726000;14130141;1.21375;1.21381;1.21378;0;T;True;1
1621234727000;14130145;1.21372;1.21378;1.21375;3;T;True;1
1621234728000;14130149;1.21372;1.21378;1.21375;3;T;True;1
1621234729000;14130151;1.21372;1.21378;1.21375;1;T;True;1
1621234730000;14130153;1.21372;1.21378;1.21375;1;T;True;1
1621234731000;14130155;1.21374;1.2138;1.21377;1;T;True;1
1621234732000;14130156;1.21374;1.2138;1.21377;0;T;True;1
1621234733000;14130157;1.21374;1.2138;1.21377;0;T;True;1
1621234734000;14130158;1.21374;1.2138;1.21377;0;T;True;1
1621234735000;14130167;1.21374;1.2138;1.21377;8;T;True;1
1621234736000;14130173;1.21378;1.21384;1.21381;5;T;True;1
1621234737000;14130175;1.21378;1.21384;1.21381;1;T;True;1
1621234738000;14130178;1.21377;1.21383;1.2138;2;T;True;1
1621234739000;14130180;1.21378;1.21384;1.21381;1;T;True;1
1621234740000;14130181;1.21378;1.21384;1.21381;0;T;True;1
1621234741000;14130186;1.21374;1.2138;1.21377;4;T;True;1
1621234742000;14130187;1.21374;1.2138;1.21377;0;T;True;1
1621234743000;14130190;1.21376;1.21382;1.21379;2;T;True;1
1621234744000;14130191;1.21376;1.21382;1.21379;0;T;True;1
1621234745000;14130197;1.21376;1.21382;1.21379;5;T;True;1
1621234746000;14130199;1.21376;1.21382;1.21379;1;T;True;1
1621234747000;14130202;1.21376;1.21382;1.21379;2;T;True;1
1621234748000;14130203;1.21376;1.21382;1.21379;0;T;True;1
1621234749000;14130205;1.21376;1.21382;1.21379;1;T;True;1
1621234750000;14130208;1.21374;1.2138;1.21377;2;T;True;1
1621234751000;14130209;1.21374;1.2138;1.21377;0;T;True;1
1621234752000;14130210;1.21374;1.2138;1.21377;0;T;True;1
1621234753000;14130211;1.21374;1.2138;1.21377;0;T;True;1
1621234754000;14130212;1.21374;1.2138;1.21377;0;T;True;1
1621234755000;14130213;1.21374;1.2138;1.21377;0;T;True;1
1621234756000;14130214;1.21374;1.2138;1.21377;0;T;True;1
1621234757000;14130215;1.21374;1.2138;1.21377;0;T;True;1
1621234758000;14130216;1.21374;1.2138;1.21377;0;T;True;1
1621234759000;14130219;1.21371;1.21377;1.21374;2;T;True;1
1621234760000;14130221;1.2137;1.21376;1.21373;1;T;True;1
1621234761000;14130222;1.2137;1.21376;1.21373;0;T;True;1
1621234762000;14130224;1.21372;1.21378;1.21375;1;T;True;1
1621234763000;14130225;1.21372;1.21378;1.21375;0;T;True;1
1621234764000;14130226;1.21372;1.21378;1.21375;0;T;True;1
1621234765000;14130227;1.21372;1.21378;1.21375;0;T;True;1
1621234766000;14130228;1.21372;1.21378;1.21375;0;T;True;1
1621234767000;14130229;1.21372;1.21378;1.21375;0;T;True;1
1621234768000;14130231;1.21372;1.21378;1.21375;1;T;True;1
1621234769000;14130232;1.21372;1.21378;1.21375;0;T;True;1
1621234770000;14130235;1.21374;1.2138;1.21377;2;T;True;1
1621234771000;14130236;1.21374;1.2138;1.21377;0;T;True;1
1621234772000;14130237;1.21374;1.2138;1.21377;0;T;True;1
1621234773000;14130238;1.21374;1.2138;1.21377;0;T;True;1
1621234774000;14130240;1.21376;1.21382;1.21379;1;T;True;1
1621234775000;14130241;1.21376;1.21382;1.21379;0;T;True;1
1621234776000;14130251;1.21382;1.21388;1.21385;9;T;True;1
1621234777000;14130255;1.2138;1.21386;1.21383;3;T;True;1
1621234778000;14130263;1.21382;1.21388;1.21385;7;T;True;1
1621234779000;14130266;1.21382;1.21388;1.21385;2;T;True;1
1621234780000;14130270;1.21384;1.2139;1.21387;3;T;True;1
1621234781000;14130275;1.21385;1.21391;1.21388;4;T;True;1
1621234782000;14130278;1.21384;1.2139;1.21387;2;T;True;1
1621234783000;14130282;1.21384;1.2139;1.21387;3;T;True;1
1621234784000;14130285;1.21384;1.2139;1.21387;2;T;True;1
1621234785000;14130292;1.21378;1.21384;1.21381;6;T;True;1
1621234786000;14130297;1.21375;1.21381;1.21378;4;T;True;1
1621234787000;14130300;1.21374;1.2138;1.21377;2;T;True;1
1621234788000;14130301;1.21374;1.2138;1.21377;0;T;True;1
1621234789000;14130307;1.21376;1.21382;1.21379;5;T;True;1
1621234790000;14130308;1.21376;1.21382;1.21379;0;T;True;1
1621234791000;14130313;1.21374;1.2138;1.21377;4;T;True;1
1621234792000;14130315;1.21373;1.21379;1.21376;1;T;True;1
1621234793000;14130318;1.21374;1.2138;1.21377;2;T;True;1
1621234794000;14130319;1.21374;1.2138;1.21377;0;T;True;1
1621234795000;14130321;1.21373;1.21379;1.21376;1;T;True;1
1621234796000;14130322;1.21373;1.21379;1.21376;0;T;True;1
1621234797000;14130323;1.21373;1.21379;1.21376;0;T;True;1
1621234798000;14130324;1.21373;1.21379;1.21376;0;T;True;1
1621234799000;14130325;1.21373;1.21379;1.21376;0;T;True;1
1621234800000;14130326;1.21373;1.21379;1.21376;0;T;True;1
1621234801000;14130327;1.21373;1.21379;1.21376;0;T;True;1
1621234802000;14130328;1.21373;1.21379;1.21376;0;T;True;1
1621234803000;14130329;1.21373;1.21379;1.21376;0;T;True;1
1621234804000;14130330;1.21373;1.21379;1.21376;0;T;True;1
1621234805000;14130331;1.21373;1.21379;1.21376;0;T;True;1
1621234806000;14130339;1.21366;1.21372;1.21369;7;T;True;1
1621234807000;14130346;1.2137;1.21376;1.21373;6;T;True;1
1621234808000;14130360;1.21377;1.21383;1.2138;13;T;True;1
1621234809000;14130365;1.21378;1.21384;1.21381;4;T;True;1
1621234810000;14130370;1.21379;1.21385;1.21382;4;T;True;1
1621234811000;14130372;1.21378;1.21384;1.21381;1;T;True;1
1621234812000;14130376;1.2138;1.21386;1.21383;3;T;True;1
1621234813000;14130383;1.21378;1.21384;1.21381;6;T;True;1
1621234814000;14130385;1.21378;1.21384;1.21381;1;T;True;1
1621234815000;14130389;1.2138;1.21386;1.21383;3;T;True;1
1621234816000;14130396;1.2138;1.21386;1.21383;6;T;True;1
1621234817000;14130399;1.2138;1.21386;1.21383;2;T;True;1
1621234818000;14130402;1.21384;1.2139;1.21387;2;T;True;1
1621234819000;14130406;1.21386;1.21392;1.21389;3;T;True;1
1621234820000;14130408;1.21388;1.21394;1.21391;1;T;True;1
1621234821000;14130411;1.21388;1.21394;1.21391;2;T;True;1
1621234822000;14130412;1.21388;1.21394;1.21391;0;T;True;1
1621234823000;14130414;1.21387;1.21393;1.2139;1;T;True;1
1621234824000;14130416;1.21385;1.21391;1.21388;1;T;True;1
1621234825000;14130418;1.21385;1.21391;1.21388;1;T;True;1
1621234826000;14130419;1.21385;1.21391;1.21388;0;T;True;1
1621234827000;14130421;1.21384;1.2139;1.21387;1;T;True;1
1621234828000;14130430;1.21378;1.21384;1.21381;8;T;True;1
1621234829000;14130431;1.21378;1.21384;1.21381;0;T;True;1
1621234830000;14130432;1.21378;1.21384;1.21381;0;T;True;1
1621234831000;14130435;1.21378;1.21384;1.21381;2;T;True;1
1621234832000;14130441;1.21379;1.21385;1.21382;5;T;True;1
1621234833000;14130452;1.21384;1.2139;1.21387;10;T;True;1
1621234834000;14130459;1.21392;1.21398;1.21395;6;T;True;1
1621234835000;14130469;1.21392;1.21398;1.21395;9;T;True;1
1621234836000;14130470;1.21392;1.21398;1.21395;0;T;True;1
1621234837000;14130481;1.21383;1.21389;1.21386;10;T;True;1
1621234838000;14130486;1.21382;1.21388;1.21385;4;T;True;1
1621234839000;14130487;1.21382;1.21388;1.21385;0;T;True;1
1621234840000;14130488;1.21382;1.21388;1.21385;0;T;True;1
1621234841000;14130502;1.21383;1.21389;1.21386;13;T;True;1
1621234842000;14130509;1.21382;1.21388;1.21385;6;T;True;1
1621234843000;14130513;1.21383;1.21389;1.21386;3;T;True;1
1621234844000;14130518;1.21384;1.2139;1.21387;4;T;True;1
1621234845000;14130520;1.21384;1.2139;1.21387;1;T;True;1
1621234846000;14130523;1.21384;1.2139;1.21387;2;T;True;1
1621234847000;14130525;1.21384;1.2139;1.21387;1;T;True;1
1621234848000;14130528;1.21384;1.2139;1.21387;2;T;True;1
1621234849000;14130531;1.21384;1.2139;1.21387;2;T;True;1
1621234850000;14130532;1.21384;1.2139;1.21387;0;T;True;1
1621234851000;14130533;1.21384;1.2139;1.21387;0;T;True;1
1621234852000;14130537;1.21382;1.21388;1.21385;3;T;True;1
1621234853000;14130538;1.21382;1.21388;1.21385;0;T;True;1
1621234854000;14130540;1.2138;1.21386;1.21383;1;T;True;1
1621234855000;14130546;1.21378;1.21384;1.21381;5;T;True;1
1621234856000;14130549;1.21376;1.21382;1.21379;2;T;True;1
1621234857000;14130551;1.21376;1.21382;1.21379;1;T;True;1
1621234858000;14130555;1.21378;1.21384;1.21381;3;T;True;1
1621234859000;14130557;1.21378;1.21384;1.21381;1;T;True;1
1621234860000;14130560;1.21379;1.21385;1.21382;2;T;True;1
1621234861000;14130563;1.2138;1.21386;1.21383;2;T;True;1
1621234862000;14130564;1.2138;1.21386;1.21383;0;T;True;1
1621234863000;14130570;1.21384;1.2139;1.21387;5;T;True;1
1621234864000;14130578;1.21388;1.21394;1.21391;7;T;True;1
1621234865000;14130582;1.2139;1.21396;1.21393;3;T;True;1
1621234866000;14130583;1.2139;1.21396;1.21393;0;T;True;1
1621234867000;14130584;1.2139;1.21396;1.21393;0;T;True;1
1621234868000;14130585;1.2139;1.21396;1.21393;0;T;True;1
1621234869000;14130586;1.2139;1.21396;1.21393;0;T;True;1
1621234870000;14130592;1.21394;1.214;1.21397;5;T;True;1
1621234871000;14130597;1.21396;1.21402;1.21399;4;T;True;1
1621234872000;14130599;1.21396;1.21402;1.21399;1;T;True;1
1621234873000;14130604;1.21394;1.214;1.21397;4;T;True;1
1621234874000;14130609;1.21394;1.214;1.21397;4;T;True;1
1621234875000;14130610;1.21394;1.214;1.21397;0;T;True;1
1621234876000;14130616;1.21396;1.21402;1.21399;5;T;True;1
1621234877000;14130620;1.21396;1.21402;1.21399;3;T;True;1
1621234878000;14130623;1.21398;1.21404;1.21401;2;T;True;1
1621234879000;14130626;1.21398;1.21404;1.21401;2;T;True;1
1621234880000;14130634;1.21398;1.21404;1.21401;7;T;True;1
1621234881000;14130638;1.21396;1.21402;1.21399;3;T;True;1
1621234882000;14130639;1.21396;1.21402;1.21399;0;T;True;1
1621234883000;14130643;1.21397;1.21403;1.214;3;T;True;1
1621234884000;14130645;1.21398;1.21404;1.21401;1;T;True;1
1621234885000;14130646;1.21398;1.21404;1.21401;0;T;True;1
1621234886000;14130647;1.21398;1.21404;1.21401;0;T;True;1
1621234887000;14130654;1.21394;1.214;1.21397;6;T;True;1
1621234888000;14130655;1.21394;1.214;1.21397;0;T;True;1
1621234889000;14130658;1.21395;1.21401;1.21398;2;T;True;1
1621234890000;14130662;1.21396;1.21402;1.21399;3;T;True;1
1621234891000;14130665;1.21395;1.21401;1.21398;2;T;True;1
1621234892000;14130666;1.21395;1.21401;1.21398;0;T;True;1
1621234893000;14130675;1.21394;1.214;1.21397;8;T;True;1
1621234894000;14130676;1.21394;1.214;1.21397;0;T;True;1
1621234895000;14130677;1.21394;1.214;1.21397;0;T;True;1
1621234896000;14130679;1.21394;1.214;1.21397;1;T;True;1
1621234897000;14130682;1.21394;1.214;1.21397;2;T;True;1
1621234898000;14130687;1.21396;1.21402;1.21399;4;T;True;1
1621234899000;14130689;1.21395;1.21401;1.21398;1;T;True;1
1621234900000;14130691;1.21394;1.214;1.21397;1;T;True;1
1621234901000;14130692;1.21394;1.214;1.21397;0;T;True;1
1621234902000;14130695;1.21393;1.21399;1.21396;2;T;True;1
1621234903000;14130696;1.21393;1.21399;1.21396;0;T;True;1
1621234904000;14130697;1.21393;1.21399;1.21396;0;T;True;1
1621234905000;14130698;1.21393;1.21399;1.21396;0;T;True;1
1621234906000;14130700;1.21393;1.21399;1.21396;1;T;True;1
1621234907000;14130702;1.21393;1.21399;1.21396;1;T;True;1
1621234908000;14130709;1.21391;1.21397;1.21394;6;T;True;1
1621234909000;14130713;1.2139;1.21396;1.21393;3;T;True;1
1621234910000;14130714;1.2139;1.21396;1.21393;0;T;True;1
1621234911000;14130715;1.2139;1.21396;1.21393;0;T;True;1
1621234912000;14130722;1.21388;1.21394;1.21391;6;T;True;1
1621234913000;14130725;1.21384;1.2139;1.21387;2;T;True;1
1621234914000;14130726;1.21384;1.2139;1.21387;0;T;True;1
1621234915000;14130727;1.21384;1.2139;1.21387;0;T;True;1
1621234916000;14130728;1.21384;1.2139;1.21387;0;T;True;1
1621234917000;14130731;1.21382;1.21388;1.21385;2;T;True;1
1621234918000;14130732;1.21382;1.21388;1.21385;0;T;True;1
1621234919000;14130739;1.21378;1.21384;1.21381;6;T;True;1
1621234920000;14130746;1.21379;1.21385;1.21382;6;T;True;1
1621234921000;14130751;1.2138;1.21386;1.21383;4;T;True;1
1621234922000;14130753;1.2138;1.21386;1.21383;1;T;True;1
1621234923000;14130762;1.21378;1.21384;1.21381;8;T;True;1
1621234924000;14130764;1.21378;1.21384;1.21381;1;T;True;1
1621234925000;14130772;1.21382;1.21388;1.21385;7;T;True;1
1621234926000;14130782;1.21375;1.21381;1.21378;9;T;True;1
1621234927000;14130787;1.21375;1.21381;1.21378;4;T;True;1
1621234928000;14130795;1.21374;1.2138;1.21377;7;T;True;1
1621234929000;14130798;1.21373;1.21379;1.21376;2;T;True;1
1621234930000;14130801;1.21372;1.21378;1.21375;2;T;True;1
1621234931000;14130803;1.21373;1.21379;1.21376;1;T;True;1
1621234932000;14130807;1.21371;1.21377;1.21374;3;T;True;1
1621234933000;14130815;1.21366;1.21372;1.21369;7;T;True;1
1621234934000;14130817;1.21366;1.21372;1.21369;1;T;True;1
1621234935000;14130818;1.21366;1.21372;1.21369;0;T;True;1
1621234936000;14130830;1.21375;1.21381;1.21378;11;T;True;1
1621234937000;14130831;1.21375;1.21381;1.21378;0;T;True;1
1621234938000;14130835;1.21375;1.21381;1.21378;3;T;True;1
1621234939000;14130836;1.21375;1.21381;1.21378;0;T;True;1
1621234940000;14130842;1.21374;1.2138;1.21377;5;T;True;1
1621234941000;14130846;1.21372;1.21378;1.21375;3;T;True;1
1621234942000;14130856;1.21371;1.21377;1.21374;9;T;True;1
1621234943000;14130858;1.21372;1.21378;1.21375;1;T;True;1
1621234944000;14130860;1.21371;1.21377;1.21374;1;T;True;1
1621234945000;14130863;1.2137;1.21376;1.21373;2;T;True;1
1621234946000;14130866;1.21372;1.21378;1.21375;2;T;True;1
1621234947000;14130867;1.21372;1.21378;1.21375;0;T;True;1
1621234948000;14130871;1.21372;1.21378;1.21375;3;T;True;1
1621234949000;14130873;1.21373;1.21379;1.21376;1;T;True;1
1621234950000;14130878;1.21373;1.21379;1.21376;4;T;True;1
1621234951000;14130880;1.21373;1.21379;1.21376;1;T;True;1
1621234952000;14130886;1.21376;1.21382;1.21379;5;T;True;1
1621234953000;14130898;1.21377;1.21383;1.2138;11;T;True;1
1621234954000;14130902;1.21377;1.21383;1.2138;3;T;True;1
1621234955000;14130911;1.2138;1.21386;1.21383;8;T;True;1
1621234956000;14130920;1.21388;1.21394;1.21391;8;T;True;1
1621234957000;14130923;1.21388;1.21394;1.21391;2;T;True;1
1621234958000;14130927;1.21385;1.21391;1.21388;3;T;True;1
1621234959000;14130928;1.21385;1.21391;1.21388;0;T;True;1
1621234960000;14130929;1.21385;1.21391;1.21388;0;T;True;1
1621234961000;14130931;1.21385;1.21391;1.21388;1;T;True;1
1621234962000;14130935;1.21384;1.2139;1.21387;3;T;True;1
1621234963000;14130939;1.21384;1.2139;1.21387;3;T;True;1
1621234964000;14130948;1.21384;1.2139;1.21387;8;T;True;1
1621234965000;14130951;1.21384;1.2139;1.21387;2;T;True;1
1621234966000;14130952;1.21384;1.2139;1.21387;0;T;True;1
1621234967000;14130954;1.21382;1.21388;1.21385;1;T;True;1
1621234968000;14130957;1.21382;1.21388;1.21385;2;T;True;1
1621234969000;14130958;1.21382;1.21388;1.21385;0;T;True;1
1621234970000;14130959;1.21382;1.21388;1.21385;0;T;True;1
1621234971000;14130960;1.21382;1.21388;1.21385;0;T;True;1
1621234972000;14130961;1.21382;1.21388;1.21385;0;T;True;1
1621234973000;14130962;1.21382;1.21388;1.21385;0;T;True;1
1621234974000;14130963;1.21382;1.21388;1.21385;0;T;True;1
1621234975000;14130965;1.21382;1.21388;1.21385;1;T;True;1
1621234976000;14130966;1.21382;1.21388;1.21385;0;T;True;1
1621234977000;14130967;1.21382;1.21388;1.21385;0;T;True;1
1621234978000;14130977;1.21387;1.21393;1.2139;9;T;True;1
1621234979000;14130979;1.21387;1.21393;1.2139;1;T;True;1
1621234980000;14130981;1.21387;1.21393;1.2139;1;T;True;1
1621234981000;14130983;1.21388;1.21394;1.21391;1;T;True;1
1621234982000;14130984;1.21388;1.21394;1.21391;0;T;True;1
1621234983000;14130985;1.21388;1.21394;1.21391;0;T;True;1
1621234984000;14130986;1.21388;1.21394;1.21391;0;T;True;1
1621234985000;14130987;1.21388;1.21394;1.21391;0;T;True;1
1621234986000;14130988;1.21388;1.21394;1.21391;0;T;True;1
1621234987000;14130994;1.21388;1.21394;1.21391;5;T;True;1
1621234988000;14130996;1.21388;1.21394;1.21391;1;T;True;1
1621234989000;14130998;1.21388;1.21394;1.21391;1;T;True;1
1621234990000;14131002;1.21389;1.21395;1.21392;3;T;True;1
1621234991000;14131011;1.21392;1.21398;1.21395;8;T;True;1
1621234992000;14131014;1.21392;1.21398;1.21395;2;T;True;1
1621234993000;14131017;1.21394;1.214;1.21397;2;T;True;1
1621234994000;14131029;1.214;1.21406;1.21403;11;T;True;1
1621234995000;14131036;1.21404;1.2141;1.21407;6;T;True;1
1621234996000;14131041;1.21404;1.2141;1.21407;4;T;True;1
1621234997000;14131042;1.21404;1.2141;1.21407;0;T;True;1
1621234998000;14131050;1.21405;1.21411;1.21408;7;T;True;1
1621234999000;14131053;1.21406;1.21412;1.21409;2;T;True;1
1621235000000;14131055;1.21406;1.21412;1.21409;1;T;True;1
1621235001000;14131058;1.21406;1.21412;1.21409;2;T;True;1
1621235002000;14131064;1.21404;1.2141;1.21407;5;T;True;1
1621235003000;14131067;1.21402;1.21408;1.21405;2;T;True;1
1621235004000;14131069;1.21402;1.21408;1.21405;1;T;True;1
1621235005000;14131074;1.214;1.21406;1.21403;4;T;True;1
1621235006000;14131076;1.214;1.21406;1.21403;1;T;True;1
1621235007000;14131089;1.214;1.21406;1.21403;12;T;True;1
1621235008000;14131093;1.21402;1.21408;1.21405;3;T;True;1
1621235009000;14131095;1.21402;1.21408;1.21405;1;T;True;1
1621235010000;14131097;1.21402;1.21408;1.21405;1;T;True;1
1621235011000;14131099;1.21402;1.21408;1.21405;1;T;True;1
1621235012000;14131106;1.21402;1.21408;1.21405;6;T;True;1
1621235013000;14131109;1.21402;1.21408;1.21405;2;T;True;1
1621235014000;14131114;1.21403;1.21409;1.21406;4;T;True;1
1621235015000;14131115;1.21403;1.21409;1.21406;0;T;True;1
1621235016000;14131118;1.21404;1.2141;1.21407;2;T;True;1
1621235017000;14131119;1.21404;1.2141;1.21407;0;T;True;1
1621235018000;14131120;1.21404;1.2141;1.21407;0;T;True;1
1621235019000;14131121;1.21404;1.2141;1.21407;0;T;True;1
1621235020000;14131127;1.21404;1.2141;1.21407;5;T;True;1
1621235021000;14131128;1.21404;1.2141;1.21407;0;T;True;1
1621235022000;14131130;1.21404;1.2141;1.21407;1;T;True;1
1621235023000;14131132;1.21404;1.2141;1.21407;1;T;True;1
1621235024000;14131134;1.21403;1.21409;1.21406;1;T;True;1
1621235025000;14131140;1.21399;1.21405;1.21402;5;T;True;1
1621235026000;14131141;1.21399;1.21405;1.21402;0;T;True;1
1621235027000;14131143;1.21399;1.21405;1.21402;1;T;True;1
1621235028000;14131144;1.21399;1.21405;1.21402;0;T;True;1
1621235029000;14131152;1.21401;1.21407;1.21404;7;T;True;1
1621235030000;14131155;1.21401;1.21407;1.21404;2;T;True;1
1621235031000;14131157;1.214;1.21406;1.21403;1;T;True;1
1621235032000;14131164;1.214;1.21406;1.21403;6;T;True;1
1621235033000;14131174;1.21403;1.21409;1.21406;9;T;True;1
1621235034000;14131177;1.21403;1.21409;1.21406;2;T;True;1
1621235035000;14131178;1.21403;1.21409;1.21406;0;T;True;1
1621235036000;14131182;1.21403;1.21409;1.21406;3;T;True;1
1621235037000;14131184;1.21403;1.21409;1.21406;1;T;True;1
1621235038000;14131190;1.21402;1.21408;1.21405;5;T;True;1
1621235039000;14131196;1.21404;1.2141;1.21407;5;T;True;1
1621235040000;14131198;1.21404;1.2141;1.21407;5;T;True;1
1621235041000;14131206;1.21403;1.21409;1.21406;7;T;True;1
1621235042000;14131210;1.21404;1.2141;1.21407;3;T;True;1
1621235043000;14131218;1.21404;1.2141;1.21407;7;T;True;1
1621235044000;14131219;1.21404;1.2141;1.21407;0;T;True;1
1621235045000;14131220;1.21404;1.2141;1.21407;0;T;True;1
1621235046000;14131221;1.21404;1.2141;1.21407;0;T;True;1
1621235047000;14131229;1.21407;1.21413;1.2141;7;T;True;1
1621235048000;14131232;1.21408;1.21414;1.21411;2;T;True;1
1621235049000;14131234;1.21407;1.21413;1.2141;1;T;True;1
1621235050000;14131239;1.21407;1.21413;1.2141;4;T;True;1
1621235051000;14131242;1.21408;1.21414;1.21411;2;T;True;1
1621235052000;14131243;1.21408;1.21414;1.21411;0;T;True;1
1621235053000;14131244;1.21408;1.21414;1.21411;0;T;True;1
1621235054000;14131245;1.21408;1.21414;1.21411;0;T;True;1
1621235055000;14131248;1.21407;1.21413;1.2141;2;T;True;1
1621235056000;14131249;1.21407;1.21413;1.2141;0;T;True;1
1621235057000;14131254;1.21407;1.21413;1.2141;4;T;True;1
1621235058000;14131259;1.21408;1.21414;1.21411;4;T;True;1
1621235059000;14131261;1.21408;1.21414;1.21411;1;T;True;1
1621235060000;14131263;1.21408;1.21414;1.21411;1;T;True;1
1621235061000;14131265;1.21408;1.21414;1.21411;1;T;True;1
1621235062000;14131266;1.21408;1.21414;1.21411;0;T;True;1
1621235063000;14131267;1.21408;1.21414;1.21411;0;T;True;1
1621235064000;14131268;1.21408;1.21414;1.21411;0;T;True;1
1621235065000;14131269;1.21408;1.21414;1.21411;0;T;True;1
1621235066000;14131270;1.21408;1.21414;1.21411;0;T;True;1
1621235067000;14131271;1.21408;1.21414;1.21411;0;T;True;1
1621235068000;14131273;1.21408;1.21414;1.21411;1;T;True;1
1621235069000;14131280;1.21414;1.2142;1.21417;6;T;True;1
1621235070000;14131290;1.21417;1.21423;1.2142;9;T;True;1
1621235071000;14131292;1.21417;1.21423;1.2142;1;T;True;1
1621235072000;14131298;1.21418;1.21424;1.21421;5;T;True;1
1621235073000;14131307;1.21422;1.21428;1.21425;8;T;True;1
1621235074000;14131311;1.21423;1.21429;1.21426;3;T;True;1
1621235075000;14131312;1.21423;1.21429;1.21426;0;T;True;1
1621235076000;14131313;1.21423;1.21429;1.21426;0;T;True;1
1621235077000;14131314;1.21423;1.21429;1.21426;0;T;True;1
1621235078000;14131315;1.21423;1.21429;1.21426;0;T;True;1
1621235079000;14131316;1.21423;1.21429;1.21426;0;T;True;1
1621235080000;14131319;1.21423;1.21429;1.21426;2;T;True;1
1621235081000;14131323;1.21424;1.2143;1.21427;3;T;True;1
1621235082000;14131330;1.21425;1.21431;1.21428;6;T;True;1
1621235083000;14131333;1.21424;1.2143;1.21427;2;T;True;1
1621235084000;14131335;1.21424;1.2143;1.21427;1;T;True;1
1621235085000;14131338;1.21424;1.2143;1.21427;2;T;True;1
1621235086000;14131340;1.21425;1.21431;1.21428;1;T;True;1
1621235087000;14131342;1.21426;1.21432;1.21429;1;T;True;1
1621235088000;14131350;1.21418;1.21424;1.21421;7;T;True;1
1621235089000;14131351;1.21418;1.21424;1.21421;0;T;True;1
1621235090000;14131352;1.21418;1.21424;1.21421;0;T;True;1
1621235091000;14131353;1.21418;1.21424;1.21421;0;T;True;1
1621235092000;14131359;1.21422;1.21428;1.21425;5;T;True;1
1621235093000;14131361;1.21422;1.21428;1.21425;1;T;True;1
1621235094000;14131362;1.21422;1.21428;1.21425;0;T;True;1
1621235095000;14131371;1.21427;1.21433;1.2143;8;T;True;1
1621235096000;14131380;1.21425;1.21431;1.21428;8;T;True;1
1621235097000;14131384;1.21425;1.21431;1.21428;3;T;True;1
1621235098000;14131388;1.21424;1.2143;1.21427;3;T;True;1
1621235099000;14131390;1.21423;1.21429;1.21426;1;T;True;1
1621235100000;14131391;1.21423;1.21429;1.21426;0;T;True;1
1621235101000;14131397;1.21422;1.21428;1.21425;5;T;True;1
1621235102000;14131404;1.21422;1.21428;1.21425;6;T;True;1
1621235103000;14131406;1.21422;1.21428;1.21425;1;T;True;1
1621235104000;14131408;1.21422;1.21428;1.21425;1;T;True;1
1621235105000;14131410;1.21422;1.21428;1.21425;1;T;True;1
1621235106000;14131416;1.21422;1.21428;1.21425;5;T;True;1
1621235107000;14131417;1.21422;1.21428;1.21425;0;T;True;1
1621235108000;14131427;1.21428;1.21434;1.21431;9;T;True;1
1621235109000;14131428;1.21428;1.21434;1.21431;0;T;True;1
1621235110000;14131429;1.21428;1.21434;1.21431;0;T;True;1
1621235111000;14131437;1.2143;1.21436;1.21433;7;T;True;1
1621235112000;14131445;1.21432;1.21438;1.21435;7;T;True;1
1621235113000;14131448;1.21432;1.21438;1.21435;2;T;True;1
1621235114000;14131450;1.21432;1.21438;1.21435;1;T;True;1
1621235115000;14131451;1.21432;1.21438;1.21435;0;T;True;1
1621235116000;14131453;1.21432;1.21438;1.21435;1;T;True;1
1621235117000;14131454;1.21432;1.21438;1.21435;0;T;True;1
1621235118000;14131455;1.21432;1.21438;1.21435;0;T;True;1
1621235119000;14131456;1.21432;1.21438;1.21435;0;T;True;1
1621235120000;14131457;1.21432;1.21438;1.21435;0;T;True;1
1621235121000;14131460;1.21432;1.21438;1.21435;2;T;True;1
1621235122000;14131466;1.21437;1.21443;1.2144;5;T;True;1
1621235123000;14131468;1.21437;1.21443;1.2144;1;T;True;1
1621235124000;14131473;1.21434;1.2144;1.21437;4;T;True;1
1621235125000;14131474;1.21434;1.2144;1.21437;0;T;True;1
1621235126000;14131483;1.21438;1.21444;1.21441;8;T;True;1
1621235127000;14131484;1.21438;1.21444;1.21441;0;T;True;1
1621235128000;14131491;1.21442;1.21448;1.21445;6;T;True;1
1621235129000;14131494;1.21444;1.2145;1.21447;2;T;True;1
1621235130000;14131495;1.21444;1.2145;1.21447;0;T;True;1
1621235131000;14131501;1.21444;1.2145;1.21447;5;T;True;1
1621235132000;14131508;1.2144;1.21446;1.21443;6;T;True;1
1621235133000;14131509;1.2144;1.21446;1.21443;0;T;True;1
1621235134000;14131513;1.21439;1.21445;1.21442;3;T;True;1
1621235135000;14131514;1.21439;1.21445;1.21442;0;T;True;1
1621235136000;14131516;1.21438;1.21444;1.21441;1;T;True;1
1621235137000;14131521;1.21434;1.2144;1.21437;4;T;True;1
1621235138000;14131522;1.21434;1.2144;1.21437;0;T;True;1
1621235139000;14131523;1.21434;1.2144;1.21437;0;T;True;1
1621235140000;14131530;1.2143;1.21436;1.21433;6;T;True;1
1621235141000;14131539;1.21432;1.21438;1.21435;8;T;True;1
1621235142000;14131544;1.21431;1.21437;1.21434;4;T;True;1
1621235143000;14131546;1.21431;1.21437;1.21434;1;T;True;1
1621235144000;14131550;1.2143;1.21436;1.21433;3;T;True;1
1621235145000;14131553;1.21429;1.21435;1.21432;2;T;True;1
1621235146000;14131555;1.21429;1.21435;1.21432;1;T;True;1
1621235147000;14131556;1.21429;1.21435;1.21432;0;T;True;1
1621235148000;14131557;1.21429;1.21435;1.21432;0;T;True;1
1621235149000;14131561;1.21432;1.21438;1.21435;3;T;True;1
1621235150000;14131562;1.21432;1.21438;1.21435;0;T;True;1
1621235151000;14131569;1.21433;1.21439;1.21436;6;T;True;1
1621235152000;14131571;1.21434;1.2144;1.21437;1;T;True;1
1621235153000;14131578;1.21434;1.2144;1.21437;6;T;True;1
1621235154000;14131587;1.21439;1.21445;1.21442;8;T;True;1
1621235155000;14131590;1.21438;1.21444;1.21441;2;T;True;1
1621235156000;14131591;1.21438;1.21444;1.21441;0;T;True;1
1621235157000;14131599;1.21436;1.21442;1.21439;7;T;True;1
1621235158000;14131601;1.21435;1.21441;1.21438;1;T;True;1
1621235159000;14131603;1.21436;1.21442;1.21439;1;T;True;1
1621235160000;14131605;1.21435;1.21441;1.21438;1;T;True;1
1621235161000;14131606;1.21435;1.21441;1.21438;0;T;True;1
1621235162000;14131608;1.21435;1.21441;1.21438;1;T;True;1
1621235163000;14131610;1.21434;1.2144;1.21437;1;T;True;1
1621235164000;14131611;1.21434;1.2144;1.21437;0;T;True;1
1621235165000;14131612;1.21434;1.2144;1.21437;0;T;True;1
1621235166000;14131614;1.21435;1.21441;1.21438;1;T;True;1
1621235167000;14131615;1.21435;1.21441;1.21438;0;T;True;1
1621235168000;14131616;1.21435;1.21441;1.21438;0;T;True;1
1621235169000;14131617;1.21435;1.21441;1.21438;0;T;True;1
1621235170000;14131620;1.21434;1.2144;1.21437;2;T;True;1
1621235171000;14131621;1.21434;1.2144;1.21437;0;T;True;1
1621235172000;14131622;1.21434;1.2144;1.21437;0;T;True;1
1621235173000;14131623;1.21434;1.2144;1.21437;0;T;True;1
1621235174000;14131624;1.21434;1.2144;1.21437;0;T;True;1
1621235175000;14131625;1.21434;1.2144;1.21437;0;T;True;1
1621235176000;14131626;1.21434;1.2144;1.21437;0;T;True;1
1621235177000;14131627;1.21434;1.2144;1.21437;0;T;True;1
1621235178000;14131628;1.21434;1.2144;1.21437;0;T;True;1
1621235179000;14131629;1.21434;1.2144;1.21437;0;T;True;1
1621235180000;14131630;1.21434;1.2144;1.21437;0;T;True;1
1621235181000;14131633;1.21437;1.21443;1.2144;2;T;True;1
1621235182000;14131634;1.21437;1.21443;1.2144;0;T;True;1
1621235183000;14131636;1.21437;1.21443;1.2144;1;T;True;1
1621235184000;14131637;1.21437;1.21443;1.2144;0;T;True;1
1621235185000;14131639;1.21438;1.21444;1.21441;1;T;True;1
1621235186000;14131640;1.21438;1.21444;1.21441;0;T;True;1
1621235187000;14131642;1.21438;1.21444;1.21441;1;T;True;1
1621235188000;14131643;1.21438;1.21444;1.21441;0;T;True;1
1621235189000;14131646;1.21438;1.21444;1.21441;2;T;True;1
1621235190000;14131647;1.21438;1.21444;1.21441;0;T;True;1
1621235191000;14131648;1.21438;1.21444;1.21441;0;T;True;1
1621235192000;14131649;1.21438;1.21444;1.21441;0;T;True;1
1621235193000;14131652;1.21436;1.21442;1.21439;2;T;True;1
1621235194000;14131653;1.21436;1.21442;1.21439;0;T;True;1
1621235195000;14131654;1.21436;1.21442;1.21439;0;T;True;1
1621235196000;14131657;1.21437;1.21443;1.2144;2;T;True;1
1621235197000;14131663;1.21438;1.21444;1.21441;5;T;True;1
1621235198000;14131665;1.21438;1.21444;1.21441;1;T;True;1
1621235199000;14131666;1.21438;1.21444;1.21441;0;T;True;1
1621235200000;14131668;1.21438;1.21444;1.21441;1;T;True;1
1621235201000;14131669;1.21438;1.21444;1.21441;0;T;True;1
1621235202000;14131670;1.21438;1.21444;1.21441;0;T;True;1
1621235203000;14131672;1.21438;1.21444;1.21441;1;T;True;1
1621235204000;14131674;1.21439;1.21445;1.21442;1;T;True;1
1621235205000;14131675;1.21439;1.21445;1.21442;0;T;True;1
1621235206000;14131676;1.21439;1.21445;1.21442;0;T;True;1
1621235207000;14131680;1.21438;1.21444;1.21441;3;T;True;1
1621235208000;14131684;1.21438;1.21444;1.21441;3;T;True;1
1621235209000;14131691;1.21432;1.21438;1.21435;6;T;True;1
1621235210000;14131696;1.21432;1.21438;1.21435;4;T;True;1
1621235211000;14131697;1.21432;1.21438;1.21435;0;T;True;1
1621235212000;14131708;1.21436;1.21442;1.21439;10;T;True;1
1621235213000;14131712;1.21436;1.21442;1.21439;3;T;True;1
1621235214000;14131717;1.21438;1.21444;1.21441;4;T;True;1
1621235215000;14131718;1.21438;1.21444;1.21441;0;T;True;1
1621235216000;14131720;1.21438;1.21444;1.21441;1;T;True;1
1621235217000;14131722;1.21438;1.21444;1.21441;1;T;True;1
1621235218000;14131723;1.21438;1.21444;1.21441;0;T;True;1
1621235219000;14131724;1.21438;1.21444;1.21441;0;T;True;1
1621235220000;14131725;1.21438;1.21444;1.21441;0;T;True;1
1621235221000;14131728;1.21438;1.21444;1.21441;2;T;True;1
1621235222000;14131731;1.21438;1.21444;1.21441;2;T;True;1
1621235223000;14131733;1.21438;1.21444;1.21441;1;T;True;1
1621235224000;14131735;1.21438;1.21444;1.21441;1;T;True;1
1621235225000;14131736;1.21438;1.21444;1.21441;0;T;True;1
1621235226000;14131737;1.21438;1.21444;1.21441;0;T;True;1
1621235227000;14131738;1.21438;1.21444;1.21441;0;T;True;1
1621235228000;14131741;1.21438;1.21444;1.21441;2;T;True;1
1621235229000;14131742;1.21438;1.21444;1.21441;0;T;True;1
1621235230000;14131743;1.21438;1.21444;1.21441;0;T;True;1
1621235231000;14131745;1.21439;1.21445;1.21442;1;T;True;1
1621235232000;14131747;1.21439;1.21445;1.21442;1;T;True;1
1621235233000;14131748;1.21439;1.21445;1.21442;0;T;True;1
1621235234000;14131750;1.21439;1.21445;1.21442;1;T;True;1
1621235235000;14131754;1.2144;1.21446;1.21443;3;T;True;1
1621235236000;14131757;1.2144;1.21446;1.21443;2;T;True;1
1621235237000;14131762;1.21444;1.2145;1.21447;4;T;True;1
1621235238000;14131764;1.21444;1.2145;1.21447;1;T;True;1
1621235239000;14131774;1.21452;1.21458;1.21455;9;T;True;1
1621235240000;14131782;1.2145;1.21456;1.21453;7;T;True;1
1621235241000;14131790;1.21446;1.21452;1.21449;7;T;True;1
1621235242000;14131791;1.21446;1.21452;1.21449;0;T;True;1
1621235243000;14131794;1.21447;1.21453;1.2145;2;T;True;1
1621235244000;14131795;1.21447;1.21453;1.2145;0;T;True;1
1621235245000;14131796;1.21447;1.21453;1.2145;0;T;True;1
1621235246000;14131797;1.21447;1.21453;1.2145;0;T;True;1
1621235247000;14131802;1.21448;1.21454;1.21451;4;T;True;1
1621235248000;14131804;1.21448;1.21454;1.21451;1;T;True;1
1621235249000;14131805;1.21448;1.21454;1.21451;0;T;True;1
1621235250000;14131808;1.21448;1.21454;1.21451;2;T;True;1
1621235251000;14131812;1.21448;1.21454;1.21451;3;T;True;1
1621235252000;14131818;1.21444;1.2145;1.21447;5;T;True;1
1621235253000;14131820;1.21444;1.2145;1.21447;1;T;True;1
1621235254000;14131821;1.21444;1.2145;1.21447;0;T;True;1
1621235255000;14131822;1.21444;1.2145;1.21447;0;T;True;1
1621235256000;14131824;1.21444;1.2145;1.21447;1;T;True;1
1621235257000;14131825;1.21444;1.2145;1.21447;0;T;True;1
1621235258000;14131827;1.21444;1.2145;1.21447;1;T;True;1
1621235259000;14131829;1.21442;1.21448;1.21445;1;T;True;1
1621235260000;14131832;1.21442;1.21448;1.21445;2;T;True;1
1621235261000;14131835;1.21442;1.21448;1.21445;2;T;True;1
1621235262000;14131836;1.21442;1.21448;1.21445;0;T;True;1
1621235263000;14131839;1.21444;1.2145;1.21447;2;T;True;1
1621235264000;14131842;1.21444;1.2145;1.21447;2;T;True;1
1621235265000;14131843;1.21444;1.2145;1.21447;0;T;True;1
1621235266000;14131846;1.21444;1.2145;1.21447;2;T;True;1
1621235267000;14131848;1.21445;1.21451;1.21448;1;T;True;1
1621235268000;14131849;1.21445;1.21451;1.21448;0;T;True;1
1621235269000;14131850;1.21445;1.21451;1.21448;0;T;True;1
1621235270000;14131855;1.21444;1.2145;1.21447;4;T;True;1
1621235271000;14131857;1.21445;1.21451;1.21448;1;T;True;1
1621235272000;14131858;1.21445;1.21451;1.21448;0;T;True;1
1621235273000;14131861;1.21445;1.21451;1.21448;2;T;True;1
1621235274000;14131865;1.21443;1.21449;1.21446;3;T;True;1
1621235275000;14131873;1.21446;1.21452;1.21449;7;T;True;1
1621235276000;14131877;1.21446;1.21452;1.21449;3;T;True;1
1621235277000;14131878;1.21446;1.21452;1.21449;0;T;True;1
1621235278000;14131879;1.21446;1.21452;1.21449;0;T;True;1
1621235279000;14131883;1.21444;1.2145;1.21447;3;T;True;1
1621235280000;14131885;1.21444;1.2145;1.21447;1;T;True;1
1621235281000;14131888;1.21444;1.2145;1.21447;2;T;True;1
1621235282000;14131891;1.21444;1.2145;1.21447;2;T;True;1
1621235283000;14131892;1.21444;1.2145;1.21447;0;T;True;1
1621235284000;14131893;1.21444;1.2145;1.21447;0;T;True;1
1621235285000;14131894;1.21444;1.2145;1.21447;0;T;True;1
1621235286000;14131898;1.21443;1.21449;1.21446;3;T;True;1
1621235287000;14131901;1.21444;1.2145;1.21447;2;T;True;1
1621235288000;14131902;1.21444;1.2145;1.21447;0;T;True;1
1621235289000;14131903;1.21444;1.2145;1.21447;0;T;True;1
1621235290000;14131904;1.21444;1.2145;1.21447;0;T;True;1
1621235291000;14131905;1.21444;1.2145;1.21447;0;T;True;1
1621235292000;14131906;1.21444;1.2145;1.21447;0;T;True;1
1621235293000;14131907;1.21444;1.2145;1.21447;0;T;True;1
1621235294000;14131915;1.21435;1.21441;1.21438;7;T;True;1
1621235295000;14131917;1.21435;1.21441;1.21438;1;T;True;1
1621235296000;14131920;1.21434;1.2144;1.21437;2;T;True;1
1621235297000;14131923;1.21436;1.21442;1.21439;2;T;True;1
1621235298000;14131924;1.21436;1.21442;1.21439;0;T;True;1
1621235299000;14131925;1.21436;1.21442;1.21439;0;T;True;1
1621235300000;14131926;1.21436;1.21442;1.21439;0;T;True;1
1621235301000;14131927;1.21436;1.21442;1.21439;0;T;True;1
1621235302000;14131931;1.21436;1.21442;1.21439;3;T;True;1
1621235303000;14131932;1.21436;1.21442;1.21439;0;T;True;1
1621235304000;14131933;1.21436;1.21442;1.21439;0;T;True;1
1621235305000;14131934;1.21436;1.21442;1.21439;0;T;True;1
1621235306000;14131942;1.21433;1.21439;1.21436;7;T;True;1
1621235307000;14131945;1.21433;1.21439;1.21436;2;T;True;1
1621235308000;14131951;1.21428;1.21434;1.21431;5;T;True;1
1621235309000;14131954;1.21428;1.21434;1.21431;2;T;True;1
1621235310000;14131956;1.21427;1.21433;1.2143;1;T;True;1
1621235311000;14131959;1.21428;1.21434;1.21431;2;T;True;1
1621235312000;14131966;1.21432;1.21438;1.21435;6;T;True;1
1621235313000;14131967;1.21432;1.21438;1.21435;0;T;True;1
1621235314000;14131971;1.21431;1.21437;1.21434;3;T;True;1
1621235315000;14131974;1.21431;1.21437;1.21434;2;T;True;1
1621235316000;14131976;1.21431;1.21437;1.21434;1;T;True;1
1621235317000;14131982;1.21431;1.21437;1.21434;5;T;True;1
1621235318000;14131985;1.2143;1.21436;1.21433;2;T;True;1
1621235319000;14131987;1.21431;1.21437;1.21434;1;T;True;1
1621235320000;14131989;1.21431;1.21437;1.21434;1;T;True;1
1621235321000;14131993;1.21431;1.21437;1.21434;3;T;True;1
1621235322000;14131998;1.21434;1.2144;1.21437;4;T;True;1
1621235323000;14132006;1.21438;1.21444;1.21441;7;T;True;1
1621235324000;14132008;1.21437;1.21443;1.2144;1;T;True;1
1621235325000;14132011;1.21438;1.21444;1.21441;2;T;True;1
1621235326000;14132012;1.21438;1.21444;1.21441;0;T;True;1
1621235327000;14132014;1.21438;1.21444;1.21441;1;T;True;1
1621235328000;14132015;1.21438;1.21444;1.21441;0;T;True;1
1621235329000;14132017;1.21436;1.21442;1.21439;1;T;True;1
1621235330000;14132018;1.21436;1.21442;1.21439;0;T;True;1
1621235331000;14132025;1.21442;1.21448;1.21445;6;T;True;1
1621235332000;14132029;1.21443;1.21449;1.21446;3;T;True;1
1621235333000;14132030;1.21443;1.21449;1.21446;0;T;True;1
1621235334000;14132031;1.21443;1.21449;1.21446;0;T;True;1
1621235335000;14132034;1.21442;1.21448;1.21445;2;T;True;1
1621235336000;14132039;1.21442;1.21448;1.21445;4;T;True;1
1621235337000;14132041;1.21442;1.21448;1.21445;1;T;True;1
1621235338000;14132044;1.21443;1.21449;1.21446;2;T;True;1
1621235339000;14132045;1.21443;1.21449;1.21446;0;T;True;1
1621235340000;14132046;1.21443;1.21449;1.21446;0;T;True;1
1621235341000;14132048;1.21442;1.21448;1.21445;1;T;True;1
1621235342000;14132050;1.21443;1.21449;1.21446;1;T;True;1
1621235343000;14132054;1.21443;1.21449;1.21446;3;T;True;1
1621235344000;14132057;1.21443;1.21449;1.21446;2;T;True;1
1621235345000;14132060;1.21443;1.21449;1.21446;2;T;True;1
1621235346000;14132061;1.21443;1.21449;1.21446;0;T;True;1
1621235347000;14132063;1.21444;1.2145;1.21447;1;T;True;1
1621235348000;14132067;1.21446;1.21452;1.21449;3;T;True;1
1621235349000;14132070;1.21446;1.21452;1.21449;2;T;True;1
1621235350000;14132071;1.21446;1.21452;1.21449;0;T;True;1
1621235351000;14132074;1.21448;1.21454;1.21451;2;T;True;1
1621235352000;14132076;1.21449;1.21455;1.21452;1;T;True;1
1621235353000;14132079;1.21451;1.21457;1.21454;2;T;True;1
1621235354000;14132083;1.21451;1.21457;1.21454;3;T;True;1
1621235355000;14132085;1.2145;1.21456;1.21453;1;T;True;1
1621235356000;14132086;1.2145;1.21456;1.21453;0;T;True;1
1621235357000;14132087;1.2145;1.21456;1.21453;0;T;True;1
1621235358000;14132088;1.2145;1.21456;1.21453;0;T;True;1
1621235359000;14132095;1.21455;1.21461;1.21458;6;T;True;1
1621235360000;14132098;1.21458;1.21464;1.21461;2;T;True;1
1621235361000;14132100;1.21458;1.21464;1.21461;1;T;True;1
1621235362000;14132103;1.21458;1.21464;1.21461;2;T;True;1
1621235363000;14132106;1.21459;1.21465;1.21462;2;T;True;1
1621235364000;14132108;1.2146;1.21466;1.21463;1;T;True;1
1621235365000;14132109;1.2146;1.21466;1.21463;0;T;True;1
1621235366000;14132110;1.2146;1.21466;1.21463;0;T;True;1
1621235367000;14132111;1.2146;1.21466;1.21463;0;T;True;1
1621235368000;14132113;1.2146;1.21466;1.21463;1;T;True;1
1621235369000;14132114;1.2146;1.21466;1.21463;0;T;True;1
1621235370000;14132115;1.2146;1.21466;1.21463;0;T;True;1
1621235371000;14132117;1.2146;1.21466;1.21463;1;T;True;1
1621235372000;14132118;1.2146;1.21466;1.21463;0;T;True;1
1621235373000;14132119;1.2146;1.21466;1.21463;0;T;True;1
1621235374000;14132120;1.2146;1.21466;1.21463;0;T;True;1
1621235375000;14132124;1.21458;1.21464;1.21461;3;T;True;1
1621235376000;14132128;1.21459;1.21465;1.21462;3;T;True;1
1621235377000;14132132;1.21458;1.21464;1.21461;3;T;True;1
1621235378000;14132137;1.21458;1.21464;1.21461;4;T;True;1
1621235379000;14132138;1.21458;1.21464;1.21461;0;T;True;1
1621235380000;14132141;1.21458;1.21464;1.21461;2;T;True;1
1621235381000;14132142;1.21458;1.21464;1.21461;0;T;True;1
1621235382000;14132144;1.21458;1.21464;1.21461;1;T;True;1
1621235383000;14132146;1.21458;1.21464;1.21461;1;T;True;1
1621235384000;14132148;1.21459;1.21465;1.21462;1;T;True;1
1621235385000;14132150;1.21459;1.21465;1.21462;1;T;True;1
1621235386000;14132152;1.21458;1.21464;1.21461;1;T;True;1
1621235387000;14132153;1.21458;1.21464;1.21461;0;T;True;1
1621235388000;14132154;1.21458;1.21464;1.21461;0;T;True;1
1621235389000;14132158;1.21456;1.21462;1.21459;3;T;True;1
1621235390000;14132162;1.21456;1.21462;1.21459;3;T;True;1
1621235391000;14132164;1.21457;1.21463;1.2146;1;T;True;1
1621235392000;14132167;1.21456;1.21462;1.21459;2;T;True;1
1621235393000;14132168;1.21456;1.21462;1.21459;0;T;True;1
1621235394000;14132176;1.21454;1.2146;1.21457;7;T;True;1
1621235395000;14132177;1.21454;1.2146;1.21457;0;T;True;1
1621235396000;14132179;1.21454;1.2146;1.21457;1;T;True;1
1621235397000;14132180;1.21454;1.2146;1.21457;0;T;True;1
1621235398000;14132181;1.21454;1.2146;1.21457;0;T;True;1
1621235399000;14132185;1.21454;1.2146;1.21457;3;T;True;1
1621235400000;14132189;1.21456;1.21462;1.21459;3;T;True;1
1621235401000;14132192;1.21458;1.21464;1.21461;2;T;True;1
1621235402000;14132194;1.21458;1.21464;1.21461;1;T;True;1
1621235403000;14132197;1.21457;1.21463;1.2146;2;T;True;1
1621235404000;14132206;1.21459;1.21465;1.21462;8;T;True;1
1621235405000;14132212;1.21456;1.21462;1.21459;5;T;True;1
1621235406000;14132218;1.21458;1.21464;1.21461;5;T;True;1
1621235407000;14132223;1.21456;1.21462;1.21459;4;T;True;1
1621235408000;14132225;1.21457;1.21463;1.2146;1;T;True;1
1621235409000;14132230;1.21456;1.21462;1.21459;4;T;True;1
1621235410000;14132232;1.21455;1.21461;1.21458;1;T;True;1
1621235411000;14132233;1.21455;1.21461;1.21458;0;T;True;1
1621235412000;14132234;1.21455;1.21461;1.21458;0;T;True;1
1621235413000;14132238;1.2145;1.21456;1.21453;3;T;True;1
1621235414000;14132239;1.2145;1.21456;1.21453;0;T;True;1
1621235415000;14132240;1.2145;1.21456;1.21453;0;T;True;1
1621235416000;14132241;1.2145;1.21456;1.21453;0;T;True;1
1621235417000;14132242;1.2145;1.21456;1.21453;0;T;True;1
1621235418000;14132244;1.21449;1.21455;1.21452;1;T;True;1
1621235419000;14132251;1.2145;1.21456;1.21453;6;T;True;1
1621235420000;14132252;1.2145;1.21456;1.21453;0;T;True;1
1621235421000;14132258;1.21454;1.2146;1.21457;5;T;True;1
1621235422000;14132261;1.21453;1.21459;1.21456;2;T;True;1
1621235423000;14132264;1.21451;1.21457;1.21454;2;T;True;1
1621235424000;14132266;1.2145;1.21456;1.21453;1;T;True;1
1621235425000;14132267;1.2145;1.21456;1.21453;0;T;True;1
1621235426000;14132268;1.2145;1.21456;1.21453;0;T;True;1
1621235427000;14132269;1.2145;1.21456;1.21453;0;T;True;1
1621235428000;14132270;1.2145;1.21456;1.21453;0;T;True;1
1621235429000;14132273;1.2145;1.21456;1.21453;2;T;True;1
1621235430000;14132274;1.2145;1.21456;1.21453;0;T;True;1
1621235431000;14132276;1.21449;1.21455;1.21452;1;T;True;1
1621235432000;14132277;1.21449;1.21455;1.21452;0;T;True;1
1621235433000;14132278;1.21449;1.21455;1.21452;0;T;True;1
1621235434000;14132282;1.21453;1.21459;1.21456;3;T;True;1
1621235435000;14132286;1.21454;1.2146;1.21457;3;T;True;1
1621235436000;14132289;1.21454;1.2146;1.21457;2;T;True;1
1621235437000;14132290;1.21454;1.2146;1.21457;0;T;True;1
1621235438000;14132292;1.21454;1.2146;1.21457;1;T;True;1
1621235439000;14132293;1.21454;1.2146;1.21457;0;T;True;1
1621235440000;14132294;1.21454;1.2146;1.21457;0;T;True;1
1621235441000;14132295;1.21454;1.2146;1.21457;0;T;True;1
1621235442000;14132300;1.21452;1.21458;1.21455;4;T;True;1
1621235443000;14132302;1.21452;1.21458;1.21455;1;T;True;1
1621235444000;14132303;1.21452;1.21458;1.21455;0;T;True;1
1621235445000;14132304;1.21452;1.21458;1.21455;0;T;True;1
1621235446000;14132306;1.2145;1.21456;1.21453;1;T;True;1
1621235447000;14132312;1.21454;1.2146;1.21457;5;T;True;1
1621235448000;14132318;1.21454;1.2146;1.21457;5;T;True;1
1621235449000;14132320;1.21455;1.21461;1.21458;1;T;True;1
1621235450000;14132321;1.21455;1.21461;1.21458;0;T;True;1
1621235451000;14132330;1.21458;1.21464;1.21461;8;T;True;1
1621235452000;14132334;1.21459;1.21465;1.21462;3;T;True;1
1621235453000;14132337;1.21459;1.21465;1.21462;2;T;True;1
1621235454000;14132339;1.21459;1.21465;1.21462;1;T;True;1
1621235455000;14132340;1.21459;1.21465;1.21462;0;T;True;1
1621235456000;14132344;1.21459;1.21465;1.21462;3;T;True;1
1621235457000;14132346;1.21458;1.21464;1.21461;1;T;True;1
1621235458000;14132347;1.21458;1.21464;1.21461;0;T;True;1
1621235459000;14132348;1.21458;1.21464;1.21461;0;T;True;1
1621235460000;14132349;1.21458;1.21464;1.21461;0;T;True;1
1621235461000;14132350;1.21458;1.21464;1.21461;0;T;True;1
1621235462000;14132352;1.21458;1.21464;1.21461;1;T;True;1
1621235463000;14132359;1.21457;1.21463;1.2146;6;T;True;1
1621235464000;14132363;1.21458;1.21464;1.21461;3;T;True;1
1621235465000;14132364;1.21458;1.21464;1.21461;0;T;True;1
1621235466000;14132368;1.21456;1.21462;1.21459;3;T;True;1
1621235467000;14132372;1.21454;1.2146;1.21457;3;T;True;1
1621235468000;14132381;1.21454;1.2146;1.21457;8;T;True;1
1621235469000;14132383;1.21454;1.2146;1.21457;1;T;True;1
1621235470000;14132384;1.21454;1.2146;1.21457;0;T;True;1
1621235471000;14132387;1.21456;1.21462;1.21459;2;T;True;1
1621235472000;14132392;1.21456;1.21462;1.21459;4;T;True;1
1621235473000;14132394;1.21456;1.21462;1.21459;1;T;True;1
1621235474000;14132395;1.21456;1.21462;1.21459;0;T;True;1
1621235475000;14132396;1.21456;1.21462;1.21459;0;T;True;1
1621235476000;14132397;1.21456;1.21462;1.21459;0;T;True;1
1621235477000;14132405;1.21456;1.21462;1.21459;7;T;True;1
1621235478000;14132409;1.21456;1.21462;1.21459;3;T;True;1
1621235479000;14132411;1.21457;1.21463;1.2146;1;T;True;1
1621235480000;14132412;1.21457;1.21463;1.2146;0;T;True;1
1621235481000;14132413;1.21457;1.21463;1.2146;0;T;True;1
1621235482000;14132414;1.21457;1.21463;1.2146;0;T;True;1
1621235483000;14132415;1.21457;1.21463;1.2146;0;T;True;1
1621235484000;14132417;1.21457;1.21463;1.2146;1;T;True;1
1621235485000;14132418;1.21457;1.21463;1.2146;0;T;True;1
1621235486000;14132419;1.21457;1.21463;1.2146;0;T;True;1
1621235487000;14132420;1.21457;1.21463;1.2146;0;T;True;1
1621235488000;14132427;1.21454;1.2146;1.21457;6;T;True;1
1621235489000;14132429;1.21454;1.2146;1.21457;1;T;True;1
1621235490000;14132430;1.21454;1.2146;1.21457;0;T;True;1
1621235491000;14132432;1.21456;1.21462;1.21459;1;T;True;1
1621235492000;14132433;1.21456;1.21462;1.21459;0;T;True;1
1621235493000;14132436;1.21454;1.2146;1.21457;2;T;True;1
1621235494000;14132440;1.21456;1.21462;1.21459;3;T;True;1
1621235495000;14132441;1.21456;1.21462;1.21459;0;T;True;1
1621235496000;14132442;1.21456;1.21462;1.21459;0;T;True;1
1621235497000;14132446;1.21456;1.21462;1.21459;3;T;True;1
1621235498000;14132447;1.21456;1.21462;1.21459;0;T;True;1
1621235499000;14132450;1.21456;1.21462;1.21459;2;T;True;1
1621235500000;14132453;1.21458;1.21464;1.21461;2;T;True;1
1621235501000;14132455;1.21458;1.21464;1.21461;1;T;True;1
1621235502000;14132456;1.21458;1.21464;1.21461;0;T;True;1
1621235503000;14132458;1.21458;1.21464;1.21461;1;T;True;1
1621235504000;14132460;1.21458;1.21464;1.21461;1;T;True;1
1621235505000;14132461;1.21458;1.21464;1.21461;0;T;True;1
1621235506000;14132462;1.21458;1.21464;1.21461;0;T;True;1
1621235507000;14132465;1.21456;1.21462;1.21459;2;T;True;1
1621235508000;14132469;1.21454;1.2146;1.21457;3;T;True;1
1621235509000;14132470;1.21454;1.2146;1.21457;0;T;True;1
1621235510000;14132471;1.21454;1.2146;1.21457;0;T;True;1
1621235511000;14132474;1.21454;1.2146;1.21457;2;T;True;1
1621235512000;14132478;1.21453;1.21459;1.21456;3;T;True;1
1621235513000;14132480;1.2145;1.21456;1.21453;1;T;True;1
1621235514000;14132481;1.2145;1.21456;1.21453;0;T;True;1
1621235515000;14132485;1.21452;1.21458;1.21455;3;T;True;1
1621235516000;14132490;1.21454;1.2146;1.21457;4;T;True;1
1621235517000;14132496;1.21452;1.21458;1.21455;5;T;True;1
1621235518000;14132499;1.21452;1.21458;1.21455;2;T;True;1
1621235519000;14132500;1.21452;1.21458;1.21455;0;T;True;1
1621235520000;14132506;1.21452;1.21458;1.21455;5;T;True;1
1621235521000;14132510;1.21453;1.21459;1.21456;3;T;True;1
1621235522000;14132515;1.2145;1.21456;1.21453;4;T;True;1
1621235523000;14132522;1.21448;1.21454;1.21451;6;T;True;1
1621235524000;14132524;1.21447;1.21453;1.2145;1;T;True;1
1621235525000;14132533;1.21448;1.21454;1.21451;8;T;True;1
1621235526000;14132536;1.21448;1.21454;1.21451;2;T;True;1
1621235527000;14132539;1.21447;1.21453;1.2145;2;T;True;1
1621235528000;14132541;1.21448;1.21454;1.21451;1;T;True;1
1621235529000;14132542;1.21448;1.21454;1.21451;0;T;True;1
1621235530000;14132547;1.21445;1.21451;1.21448;4;T;True;1
1621235531000;14132550;1.21445;1.21451;1.21448;2;T;True;1
1621235532000;14132553;1.21443;1.21449;1.21446;2;T;True;1
1621235533000;14132557;1.21444;1.2145;1.21447;3;T;True;1
1621235534000;14132558;1.21444;1.2145;1.21447;0;T;True;1
1621235535000;14132559;1.21444;1.2145;1.21447;0;T;True;1
1621235536000;14132560;1.21444;1.2145;1.21447;0;T;True;1
1621235537000;14132561;1.21444;1.2145;1.21447;0;T;True;1
1621235538000;14132575;1.21433;1.21439;1.21436;13;T;True;1
1621235539000;14132577;1.21432;1.21438;1.21435;1;T;True;1
1621235540000;14132580;1.2143;1.21436;1.21433;2;T;True;1
1621235541000;14132584;1.21432;1.21438;1.21435;3;T;True;1
1621235542000;14132589;1.21432;1.21438;1.21435;4;T;True;1
1621235543000;14132591;1.21432;1.21438;1.21435;1;T;True;1
1621235544000;14132596;1.21433;1.21439;1.21436;4;T;True;1
1621235545000;14132600;1.21434;1.2144;1.21437;3;T;True;1
1621235546000;14132604;1.21438;1.21444;1.21441;3;T;True;1
1621235547000;14132606;1.21438;1.21444;1.21441;1;T;True;1
1621235548000;14132607;1.21438;1.21444;1.21441;0;T;True;1
1621235549000;14132609;1.21438;1.21444;1.21441;1;T;True;1
1621235550000;14132611;1.21439;1.21445;1.21442;1;T;True;1
1621235551000;14132613;1.21438;1.21444;1.21441;1;T;True;1
1621235552000;14132614;1.21438;1.21444;1.21441;0;T;True;1
1621235553000;14132615;1.21438;1.21444;1.21441;0;T;True;1
1621235554000;14132620;1.21436;1.21442;1.21439;4;T;True;1
1621235555000;14132625;1.21434;1.2144;1.21437;4;T;True;1
1621235556000;14132627;1.21434;1.2144;1.21437;1;T;True;1
1621235557000;14132628;1.21434;1.2144;1.21437;0;T;True;1
1621235558000;14132630;1.21434;1.2144;1.21437;1;T;True;1
1621235559000;14132631;1.21434;1.2144;1.21437;0;T;True;1
1621235560000;14132633;1.21434;1.2144;1.21437;1;T;True;1
1621235561000;14132634;1.21434;1.2144;1.21437;0;T;True;1
1621235562000;14132639;1.21432;1.21438;1.21435;4;T;True;1
1621235563000;14132643;1.21434;1.2144;1.21437;3;T;True;1
1621235564000;14132648;1.21436;1.21442;1.21439;4;T;True;1
1621235565000;14132656;1.21438;1.21444;1.21441;7;T;True;1
1621235566000;14132658;1.21438;1.21444;1.21441;1;T;True;1
1621235567000;14132659;1.21438;1.21444;1.21441;0;T;True;1
1621235568000;14132663;1.21438;1.21444;1.21441;3;T;True;1
1621235569000;14132668;1.21442;1.21448;1.21445;4;T;True;1
1621235570000;14132670;1.21442;1.21448;1.21445;1;T;True;1
1621235571000;14132671;1.21442;1.21448;1.21445;0;T;True;1
1621235572000;14132676;1.21441;1.21447;1.21444;4;T;True;1
1621235573000;14132677;1.21441;1.21447;1.21444;0;T;True;1
1621235574000;14132680;1.21442;1.21448;1.21445;2;T;True;1
1621235575000;14132681;1.21442;1.21448;1.21445;0;T;True;1
1621235576000;14132683;1.21441;1.21447;1.21444;1;T;True;1
1621235577000;14132685;1.21442;1.21448;1.21445;1;T;True;1
1621235578000;14132686;1.21442;1.21448;1.21445;0;T;True;1
1621235579000;14132687;1.21442;1.21448;1.21445;0;T;True;1
1621235580000;14132688;1.21442;1.21448;1.21445;0;T;True;1
1621235581000;14132690;1.21442;1.21448;1.21445;1;T;True;1
1621235582000;14132694;1.21442;1.21448;1.21445;3;T;True;1
1621235583000;14132701;1.21438;1.21444;1.21441;6;T;True;1
1621235584000;14132702;1.21438;1.21444;1.21441;0;T;True;1
1621235585000;14132704;1.21437;1.21443;1.2144;1;T;True;1
1621235586000;14132708;1.21438;1.21444;1.21441;3;T;True;1
1621235587000;14132710;1.21438;1.21444;1.21441;1;T;True;1
1621235588000;14132713;1.21437;1.21443;1.2144;2;T;True;1
1621235589000;14132716;1.21437;1.21443;1.2144;2;T;True;1
1621235590000;14132718;1.21437;1.21443;1.2144;1;T;True;1
1621235591000;14132719;1.21437;1.21443;1.2144;0;T;True;1
1621235592000;14132721;1.21437;1.21443;1.2144;1;T;True;1
1621235593000;14132722;1.21437;1.21443;1.2144;0;T;True;1
1621235594000;14132723;1.21437;1.21443;1.2144;0;T;True;1
1621235595000;14132724;1.21437;1.21443;1.2144;0;T;True;1
1621235596000;14132725;1.21437;1.21443;1.2144;0;T;True;1
1621235597000;14132726;1.21437;1.21443;1.2144;0;T;True;1
1621235598000;14132727;1.21437;1.21443;1.2144;0;T;True;1
1621235599000;14132728;1.21437;1.21443;1.2144;0;T;True;1
1621235600000;14132729;1.21437;1.21443;1.2144;0;T;True;1
1621235601000;14132730;1.21437;1.21443;1.2144;0;T;True;1
1621235602000;14132731;1.21437;1.21443;1.2144;0;T;True;1
1621235603000;14132732;1.21437;1.21443;1.2144;0;T;True;1
1621235604000;14132733;1.21437;1.21443;1.2144;0;T;True;1
1621235605000;14132734;1.21437;1.21443;1.2144;0;T;True;1
1621235606000;14132735;1.21437;1.21443;1.2144;0;T;True;1
1621235607000;14132736;1.21437;1.21443;1.2144;0;T;True;1
1621235608000;14132739;1.21438;1.21444;1.21441;2;T;True;1
1621235609000;14132740;1.21438;1.21444;1.21441;0;T;True;1
1621235610000;14132741;1.21438;1.21444;1.21441;0;T;True;1
1621235611000;14132742;1.21438;1.21444;1.21441;0;T;True;1
1621235612000;14132747;1.21436;1.21442;1.21439;4;T;True;1
1621235613000;14132748;1.21436;1.21442;1.21439;0;T;True;1
1621235614000;14132751;1.21434;1.2144;1.21437;2;T;True;1
1621235615000;14132755;1.21434;1.2144;1.21437;3;T;True;1
1621235616000;14132757;1.21433;1.21439;1.21436;1;T;True;1
1621235617000;14132760;1.21432;1.21438;1.21435;2;T;True;1
1621235618000;14132762;1.21432;1.21438;1.21435;1;T;True;1
1621235619000;14132769;1.21432;1.21438;1.21435;6;T;True;1
1621235620000;14132771;1.21432;1.21438;1.21435;1;T;True;1
1621235621000;14132776;1.21433;1.21439;1.21436;4;T;True;1
1621235622000;14132783;1.21437;1.21443;1.2144;6;T;True;1
1621235623000;14132787;1.21436;1.21442;1.21439;3;T;True;1
1621235624000;14132793;1.21434;1.2144;1.21437;5;T;True;1
1621235625000;14132795;1.21434;1.2144;1.21437;1;T;True;1
1621235626000;14132796;1.21434;1.2144;1.21437;0;T;True;1
1621235627000;14132798;1.21435;1.21441;1.21438;1;T;True;1
1621235628000;14132799;1.21435;1.21441;1.21438;0;T;True;1
1621235629000;14132804;1.21434;1.2144;1.21437;4;T;True;1
1621235630000;14132807;1.21434;1.2144;1.21437;2;T;True;1
1621235631000;14132813;1.21431;1.21437;1.21434;5;T;True;1
1621235632000;14132819;1.2143;1.21436;1.21433;5;T;True;1
1621235633000;14132820;1.2143;1.21436;1.21433;0;T;True;1
1621235634000;14132821;1.2143;1.21436;1.21433;0;T;True;1
1621235635000;14132824;1.2143;1.21436;1.21433;2;T;True;1
1621235636000;14132825;1.2143;1.21436;1.21433;0;T;True;1
1621235637000;14132829;1.21428;1.21434;1.21431;3;T;True;1
1621235638000;14132831;1.21428;1.21434;1.21431;1;T;True;1
1621235639000;14132832;1.21428;1.21434;1.21431;0;T;True;1
1621235640000;14132836;1.21429;1.21435;1.21432;3;T;True;1
1621235641000;14132842;1.21429;1.21435;1.21432;5;T;True;1
1621235642000;14132843;1.21429;1.21435;1.21432;0;T;True;1
1621235643000;14132845;1.21429;1.21435;1.21432;1;T;True;1
1621235644000;14132850;1.2143;1.21436;1.21433;4;T;True;1
1621235645000;14132855;1.21432;1.21438;1.21435;4;T;True;1
1621235646000;14132857;1.21432;1.21438;1.21435;1;T;True;1
1621235647000;14132864;1.21435;1.21441;1.21438;6;T;True;1
1621235648000;14132870;1.21434;1.2144;1.21437;5;T;True;1
1621235649000;14132871;1.21434;1.2144;1.21437;0;T;True;1
1621235650000;14132873;1.21434;1.2144;1.21437;1;T;True;1
1621235651000;14132874;1.21434;1.2144;1.21437;0;T;True;1
1621235652000;14132877;1.21434;1.2144;1.21437;2;T;True;1
1621235653000;14132885;1.21432;1.21438;1.21435;7;T;True;1
1621235654000;14132887;1.21432;1.21438;1.21435;1;T;True;1
1621235655000;14132889;1.21432;1.21438;1.21435;1;T;True;1
1621235656000;14132890;1.21432;1.21438;1.21435;0;T;True;1
1621235657000;14132892;1.21432;1.21438;1.21435;1;T;True;1
1621235658000;14132893;1.21432;1.21438;1.21435;0;T;True;1
1621235659000;14132896;1.21432;1.21438;1.21435;2;T;True;1
1621235660000;14132899;1.21432;1.21438;1.21435;2;T;True;1
1621235661000;14132902;1.21432;1.21438;1.21435;2;T;True;1
1621235662000;14132903;1.21432;1.21438;1.21435;0;T;True;1
1621235663000;14132904;1.21432;1.21438;1.21435;0;T;True;1
1621235664000;14132905;1.21432;1.21438;1.21435;0;T;True;1
1621235665000;14132906;1.21432;1.21438;1.21435;0;T;True;1
1621235666000;14132910;1.21432;1.21438;1.21435;3;T;True;1
1621235667000;14132915;1.21434;1.2144;1.21437;4;T;True;1
1621235668000;14132921;1.21438;1.21444;1.21441;5;T;True;1
1621235669000;14132924;1.21438;1.21444;1.21441;2;T;True;1
1621235670000;14132927;1.21437;1.21443;1.2144;2;T;True;1
1621235671000;14132930;1.21438;1.21444;1.21441;2;T;True;1
1621235672000;14132935;1.21441;1.21447;1.21444;4;T;True;1
1621235673000;14132937;1.2144;1.21446;1.21443;1;T;True;1
1621235674000;14132939;1.2144;1.21446;1.21443;1;T;True;1
1621235675000;14132942;1.21439;1.21445;1.21442;2;T;True;1
1621235676000;14132943;1.21439;1.21445;1.21442;0;T;True;1
1621235677000;14132948;1.21443;1.21449;1.21446;4;T;True;1
1621235678000;14132949;1.21443;1.21449;1.21446;0;T;True;1
1621235679000;14132955;1.21444;1.2145;1.21447;5;T;True;1
1621235680000;14132956;1.21444;1.2145;1.21447;0;T;True;1
1621235681000;14132957;1.21444;1.2145;1.21447;0;T;True;1
1621235682000;14132961;1.2144;1.21446;1.21443;3;T;True;1
1621235683000;14132964;1.21439;1.21445;1.21442;2;T;True;1
1621235684000;14132965;1.21439;1.21445;1.21442;0;T;True;1
1621235685000;14132967;1.2144;1.21446;1.21443;1;T;True;1
1621235686000;14132968;1.2144;1.21446;1.21443;0;T;True;1
1621235687000;14132971;1.21439;1.21445;1.21442;2;T;True;1
1621235688000;14132973;1.21438;1.21444;1.21441;1;T;True;1
1621235689000;14132974;1.21438;1.21444;1.21441;0;T;True;1
1621235690000;14132975;1.21438;1.21444;1.21441;0;T;True;1
1621235691000;14132976;1.21438;1.21444;1.21441;0;T;True;1
1621235692000;14132978;1.21438;1.21444;1.21441;1;T;True;1
1621235693000;14132980;1.21438;1.21444;1.21441;1;T;True;1
1621235694000;14132985;1.21438;1.21444;1.21441;4;T;True;1
1621235695000;14132986;1.21438;1.21444;1.21441;0;T;True;1
1621235696000;14132989;1.21438;1.21444;1.21441;2;T;True;1
1621235697000;14132990;1.21438;1.21444;1.21441;0;T;True;1
1621235698000;14132992;1.21438;1.21444;1.21441;1;T;True;1
1621235699000;14132993;1.21438;1.21444;1.21441;0;T;True;1
1621235700000;14133001;1.2144;1.21446;1.21443;7;T;True;1
1621235701000;14133008;1.21443;1.21449;1.21446;6;T;True;1
1621235702000;14133013;1.2144;1.21446;1.21443;4;T;True;1
1621235703000;14133018;1.21438;1.21444;1.21441;4;T;True;1
1621235704000;14133020;1.21438;1.21444;1.21441;1;T;True;1
1621235705000;14133021;1.21438;1.21444;1.21441;0;T;True;1
1621235706000;14133025;1.21436;1.21442;1.21439;3;T;True;1
1621235707000;14133028;1.21436;1.21442;1.21439;2;T;True;1
1621235708000;14133032;1.21436;1.21442;1.21439;3;T;True;1
1621235709000;14133034;1.21436;1.21442;1.21439;1;T;True;1
1621235710000;14133035;1.21436;1.21442;1.21439;0;T;True;1
1621235711000;14133036;1.21436;1.21442;1.21439;0;T;True;1
1621235712000;14133042;1.21433;1.21439;1.21436;5;T;True;1
1621235713000;14133044;1.21432;1.21438;1.21435;1;T;True;1
1621235714000;14133045;1.21432;1.21438;1.21435;0;T;True;1
1621235715000;14133046;1.21432;1.21438;1.21435;0;T;True;1
1621235716000;14133048;1.21432;1.21438;1.21435;1;T;True;1
1621235717000;14133052;1.21432;1.21438;1.21435;3;T;True;1
1621235718000;14133060;1.21428;1.21434;1.21431;7;T;True;1
1621235719000;14133065;1.21432;1.21438;1.21435;4;T;True;1
1621235720000;14133069;1.2143;1.21436;1.21433;3;T;True;1
1621235721000;14133071;1.2143;1.21436;1.21433;1;T;True;1
1621235722000;14133072;1.2143;1.21436;1.21433;0;T;True;1
1621235723000;14133076;1.21432;1.21438;1.21435;3;T;True;1
1621235724000;14133077;1.21432;1.21438;1.21435;0;T;True;1
1621235725000;14133079;1.21432;1.21438;1.21435;1;T;True;1
1621235726000;14133085;1.21432;1.21438;1.21435;5;T;True;1
1621235727000;14133090;1.21431;1.21437;1.21434;4;T;True;1
1621235728000;14133095;1.21432;1.21438;1.21435;4;T;True;1
1621235729000;14133096;1.21432;1.21438;1.21435;0;T;True;1
1621235730000;14133097;1.21432;1.21438;1.21435;0;T;True;1
1621235731000;14133100;1.21432;1.21438;1.21435;2;T;True;1
1621235732000;14133103;1.21432;1.21438;1.21435;2;T;True;1
1621235733000;14133104;1.21432;1.21438;1.21435;0;T;True;1
1621235734000;14133106;1.21432;1.21438;1.21435;1;T;True;1
1621235735000;14133110;1.2143;1.21436;1.21433;3;T;True;1
1621235736000;14133111;1.2143;1.21436;1.21433;0;T;True;1
1621235737000;14133115;1.2143;1.21436;1.21433;3;T;True;1
1621235738000;14133118;1.2143;1.21436;1.21433;2;T;True;1
1621235739000;14133120;1.2143;1.21436;1.21433;1;T;True;1
1621235740000;14133122;1.2143;1.21436;1.21433;1;T;True;1
1621235741000;14133124;1.2143;1.21436;1.21433;1;T;True;1
1621235742000;14133127;1.2143;1.21436;1.21433;2;T;True;1
1621235743000;14133128;1.2143;1.21436;1.21433;0;T;True;1
1621235744000;14133131;1.2143;1.21436;1.21433;2;T;True;1
1621235745000;14133135;1.2143;1.21436;1.21433;3;T;True;1
1621235746000;14133137;1.2143;1.21436;1.21433;1;T;True;1
1621235747000;14133139;1.2143;1.21436;1.21433;1;T;True;1
1621235748000;14133140;1.2143;1.21436;1.21433;0;T;True;1
1621235749000;14133141;1.2143;1.21436;1.21433;0;T;True;1
1621235750000;14133142;1.2143;1.21436;1.21433;0;T;True;1
1621235751000;14133144;1.2143;1.21436;1.21433;1;T;True;1
1621235752000;14133145;1.2143;1.21436;1.21433;0;T;True;1
1621235753000;14133150;1.21431;1.21437;1.21434;4;T;True;1
1621235754000;14133151;1.21431;1.21437;1.21434;0;T;True;1
1621235755000;14133152;1.21431;1.21437;1.21434;0;T;True;1
1621235756000;14133153;1.21431;1.21437;1.21434;0;T;True;1
1621235757000;14133155;1.21431;1.21437;1.21434;1;T;True;1
1621235758000;14133156;1.21431;1.21437;1.21434;0;T;True;1
1621235759000;14133161;1.21436;1.21442;1.21439;4;T;True;1
1621235760000;14133169;1.21433;1.21439;1.21436;7;T;True;1
1621235761000;14133172;1.21434;1.2144;1.21437;2;T;True;1
1621235762000;14133173;1.21434;1.2144;1.21437;0;T;True;1
1621235763000;14133174;1.21434;1.2144;1.21437;0;T;True;1
1621235764000;14133176;1.21434;1.2144;1.21437;1;T;True;1
1621235765000;14133183;1.21437;1.21443;1.2144;6;T;True;1
1621235766000;14133186;1.21438;1.21444;1.21441;2;T;True;1
1621235767000;14133190;1.21438;1.21444;1.21441;3;T;True;1
1621235768000;14133191;1.21438;1.21444;1.21441;0;T;True;1
1621235769000;14133195;1.21438;1.21444;1.21441;3;T;True;1
1621235770000;14133203;1.21438;1.21444;1.21441;7;T;True;1
1621235771000;14133206;1.21438;1.21444;1.21441;2;T;True;1
1621235772000;14133209;1.21438;1.21444;1.21441;2;T;True;1
1621235773000;14133210;1.21438;1.21444;1.21441;0;T;True;1
1621235774000;14133211;1.21438;1.21444;1.21441;0;T;True;1
1621235775000;14133213;1.21438;1.21444;1.21441;1;T;True;1
1621235776000;14133214;1.21438;1.21444;1.21441;0;T;True;1
1621235777000;14133215;1.21438;1.21444;1.21441;0;T;True;1
1621235778000;14133216;1.21438;1.21444;1.21441;0;T;True;1
1621235779000;14133220;1.21438;1.21444;1.21441;3;T;True;1
1621235780000;14133226;1.21436;1.21442;1.21439;5;T;True;1
1621235781000;14133232;1.21438;1.21444;1.21441;5;T;True;1
1621235782000;14133237;1.21436;1.21442;1.21439;4;T;True;1
1621235783000;14133244;1.21439;1.21445;1.21442;6;T;True;1
1621235784000;14133250;1.2144;1.21446;1.21443;5;T;True;1
1621235785000;14133256;1.21442;1.21448;1.21445;5;T;True;1
1621235786000;14133258;1.21443;1.21449;1.21446;1;T;True;1
1621235787000;14133261;1.21443;1.21449;1.21446;2;T;True;1
1621235788000;14133262;1.21443;1.21449;1.21446;0;T;True;1
1621235789000;14133266;1.21443;1.21449;1.21446;3;T;True;1
1621235790000;14133275;1.2144;1.21446;1.21443;8;T;True;1
1621235791000;14133276;1.2144;1.21446;1.21443;0;T;True;1
1621235792000;14133279;1.21441;1.21447;1.21444;2;T;True;1
1621235793000;14133281;1.21443;1.21449;1.21446;1;T;True;1
1621235794000;14133282;1.21443;1.21449;1.21446;0;T;True;1
1621235795000;14133283;1.21443;1.21449;1.21446;0;T;True;1
1621235796000;14133284;1.21443;1.21449;1.21446;0;T;True;1
1621235797000;14133286;1.21444;1.2145;1.21447;1;T;True;1
1621235798000;14133287;1.21444;1.2145;1.21447;0;T;True;1
1621235799000;14133291;1.21444;1.2145;1.21447;3;T;True;1
1621235800000;14133294;1.21444;1.2145;1.21447;2;T;True;1
1621235801000;14133296;1.21444;1.2145;1.21447;1;T;True;1
1621235802000;14133297;1.21444;1.2145;1.21447;0;T;True;1
1621235803000;14133298;1.21444;1.2145;1.21447;0;T;True;1
1621235804000;14133299;1.21444;1.2145;1.21447;0;T;True;1
1621235805000;14133301;1.21444;1.2145;1.21447;1;T;True;1
1621235806000;14133302;1.21444;1.2145;1.21447;0;T;True;1
1621235807000;14133303;1.21444;1.2145;1.21447;0;T;True;1
1621235808000;14133305;1.21444;1.2145;1.21447;1;T;True;1
1621235809000;14133311;1.2144;1.21446;1.21443;5;T;True;1
1621235810000;14133312;1.2144;1.21446;1.21443;0;T;True;1
1621235811000;14133313;1.2144;1.21446;1.21443;0;T;True;1
1621235812000;14133314;1.2144;1.21446;1.21443;0;T;True;1
1621235813000;14133315;1.2144;1.21446;1.21443;0;T;True;1
1621235814000;14133316;1.2144;1.21446;1.21443;0;T;True;1
1621235815000;14133317;1.2144;1.21446;1.21443;0;T;True;1
1621235816000;14133318;1.2144;1.21446;1.21443;0;T;True;1
1621235817000;14133320;1.2144;1.21446;1.21443;1;T;True;1
1621235818000;14133325;1.21434;1.2144;1.21437;4;T;True;1
1621235819000;14133329;1.21434;1.2144;1.21437;3;T;True;1
1621235820000;14133330;1.21434;1.2144;1.21437;0;T;True;1
1621235821000;14133334;1.21434;1.2144;1.21437;3;T;True;1
1621235822000;14133335;1.21434;1.2144;1.21437;0;T;True;1
1621235823000;14133336;1.21434;1.2144;1.21437;0;T;True;1
1621235824000;14133337;1.21434;1.2144;1.21437;0;T;True;1
1621235825000;14133338;1.21434;1.2144;1.21437;0;T;True;1
1621235826000;14133343;1.21434;1.2144;1.21437;0;T;True;1
1621235827000;14133344;1.21434;1.2144;1.21437;0;T;True;1
1621235828000;14133345;1.21434;1.2144;1.21437;0;T;True;1
1621235829000;14133348;1.21432;1.21438;1.21435;2;T;True;1
1621235830000;14133355;1.21434;1.2144;1.21437;6;T;True;1
1621235831000;14133359;1.21434;1.2144;1.21437;3;T;True;1
1621235832000;14133360;1.21434;1.2144;1.21437;0;T;True;1
1621235833000;14133364;1.21436;1.21442;1.21439;3;T;True;1
1621235834000;14133371;1.21442;1.21448;1.21445;6;T;True;1
1621235835000;14133375;1.21442;1.21448;1.21445;3;T;True;1
1621235836000;14133378;1.21442;1.21448;1.21445;2;T;True;1
1621235837000;14133379;1.21442;1.21448;1.21445;0;T;True;1
1621235838000;14133380;1.21442;1.21448;1.21445;0;T;True;1
1621235839000;14133381;1.21442;1.21448;1.21445;0;T;True;1
1621235840000;14133382;1.21442;1.21448;1.21445;0;T;True;1
1621235841000;14133384;1.21442;1.21448;1.21445;1;T;True;1
1621235842000;14133390;1.2144;1.21446;1.21443;5;T;True;1
1621235843000;14133395;1.21441;1.21447;1.21444;4;T;True;1
1621235844000;14133396;1.21441;1.21447;1.21444;0;T;True;1
1621235845000;14133397;1.21441;1.21447;1.21444;0;T;True;1
1621235846000;14133399;1.21441;1.21447;1.21444;1;T;True;1
1621235847000;14133400;1.21441;1.21447;1.21444;0;T;True;1
1621235848000;14133402;1.21442;1.21448;1.21445;1;T;True;1
1621235849000;14133407;1.21442;1.21448;1.21445;4;T;True;1
1621235850000;14133409;1.21443;1.21449;1.21446;1;T;True;1
1621235851000;14133411;1.21442;1.21448;1.21445;1;T;True;1
1621235852000;14133412;1.21442;1.21448;1.21445;0;T;True;1
1621235853000;14133414;1.21442;1.21448;1.21445;1;T;True;1
1621235854000;14133415;1.21442;1.21448;1.21445;0;T;True;1
1621235855000;14133417;1.21443;1.21449;1.21446;1;T;True;1
1621235856000;14133418;1.21443;1.21449;1.21446;0;T;True;1
1621235857000;14133419;1.21443;1.21449;1.21446;0;T;True;1
1621235858000;14133420;1.21443;1.21449;1.21446;0;T;True;1
1621235859000;14133421;1.21443;1.21449;1.21446;0;T;True;1
1621235860000;14133422;1.21443;1.21449;1.21446;0;T;True;1
1621235861000;14133423;1.21443;1.21449;1.21446;0;T;True;1
1621235862000;14133424;1.21443;1.21449;1.21446;0;T;True;1
1621235863000;14133425;1.21443;1.21449;1.21446;0;T;True;1
1621235864000;14133429;1.21442;1.21448;1.21445;3;T;True;1
1621235865000;14133431;1.21441;1.21447;1.21444;1;T;True;1
1621235866000;14133433;1.2144;1.21446;1.21443;1;T;True;1
1621235867000;14133436;1.2144;1.21446;1.21443;2;T;True;1
1621235868000;14133440;1.21441;1.21447;1.21444;3;T;True;1
1621235869000;14133445;1.21442;1.21448;1.21445;4;T;True;1
1621235870000;14133447;1.21442;1.21448;1.21445;1;T;True;1
1621235871000;14133450;1.21442;1.21448;1.21445;2;T;True;1
1621235872000;14133459;1.21442;1.21448;1.21445;8;T;True;1
1621235873000;14133461;1.21442;1.21448;1.21445;1;T;True;1
1621235874000;14133462;1.21442;1.21448;1.21445;0;T;True;1
1621235875000;14133468;1.2144;1.21446;1.21443;5;T;True;1
1621235876000;14133470;1.2144;1.21446;1.21443;1;T;True;1
1621235877000;14133471;1.2144;1.21446;1.21443;0;T;True;1
1621235878000;14133472;1.2144;1.21446;1.21443;0;T;True;1
1621235879000;14133473;1.2144;1.21446;1.21443;0;T;True;1
1621235880000;14133474;1.2144;1.21446;1.21443;0;T;True;1
1621235881000;14133475;1.2144;1.21446;1.21443;0;T;True;1
1621235882000;14133477;1.21439;1.21445;1.21442;1;T;True;1
1621235883000;14133478;1.21439;1.21445;1.21442;0;T;True;1
1621235884000;14133479;1.21439;1.21445;1.21442;0;T;True;1
1621235885000;14133480;1.21439;1.21445;1.21442;0;T;True;1
1621235886000;14133481;1.21439;1.21445;1.21442;0;T;True;1
1621235887000;14133482;1.21439;1.21445;1.21442;0;T;True;1
1621235888000;14133483;1.21439;1.21445;1.21442;0;T;True;1
1621235889000;14133484;1.21439;1.21445;1.21442;0;T;True;1
1621235890000;14133485;1.21439;1.21445;1.21442;0;T;True;1
1621235891000;14133492;1.2144;1.21446;1.21443;6;T;True;1
1621235892000;14133497;1.2144;1.21446;1.21443;4;T;True;1
1621235893000;14133498;1.2144;1.21446;1.21443;0;T;True;1
1621235894000;14133499;1.2144;1.21446;1.21443;0;T;True;1
1621235895000;14133502;1.21438;1.21444;1.21441;2;T;True;1
1621235896000;14133504;1.21438;1.21444;1.21441;1;T;True;1
1621235897000;14133506;1.21438;1.21444;1.21441;1;T;True;1
1621235898000;14133508;1.21438;1.21444;1.21441;1;T;True;1
1621235899000;14133509;1.21438;1.21444;1.21441;0;T;True;1
1621235900000;14133514;1.21436;1.21442;1.21439;4;T;True;1
1621235901000;14133515;1.21436;1.21442;1.21439;0;T;True;1
1621235902000;14133516;1.21436;1.21442;1.21439;0;T;True;1
1621235903000;14133519;1.21435;1.21441;1.21438;2;T;True;1
1621235904000;14133520;1.21435;1.21441;1.21438;0;T;True;1
1621235905000;14133523;1.21434;1.2144;1.21437;2;T;True;1
1621235906000;14133526;1.21434;1.2144;1.21437;2;T;True;1
1621235907000;14133533;1.21432;1.21438;1.21435;6;T;True;1
1621235908000;14133534;1.21432;1.21438;1.21435;0;T;True;1
1621235909000;14133537;1.21431;1.21437;1.21434;2;T;True;1
1621235910000;14133548;1.21432;1.21438;1.21435;10;T;True;1
1621235911000;14133549;1.21432;1.21438;1.21435;0;T;True;1
1621235912000;14133550;1.21432;1.21438;1.21435;0;T;True;1
1621235913000;14133551;1.21432;1.21438;1.21435;0;T;True;1
1621235914000;14133552;1.21432;1.21438;1.21435;0;T;True;1
1621235915000;14133553;1.21432;1.21438;1.21435;0;T;True;1
1621235916000;14133554;1.21432;1.21438;1.21435;0;T;True;1
1621235917000;14133555;1.21432;1.21438;1.21435;0;T;True;1
1621235918000;14133556;1.21432;1.21438;1.21435;0;T;True;1
1621235919000;14133557;1.21432;1.21438;1.21435;0;T;True;1
1621235920000;14133571;1.21432;1.21438;1.21435;13;T;True;1
1621235921000;14133574;1.2143;1.21436;1.21433;2;T;True;1
1621235922000;14133578;1.2143;1.21436;1.21433;3;T;True;1
1621235923000;14133580;1.2143;1.21436;1.21433;1;T;True;1
1621235924000;14133581;1.2143;1.21436;1.21433;0;T;True;1
1621235925000;14133583;1.2143;1.21436;1.21433;1;T;True;1
1621235926000;14133585;1.21428;1.21434;1.21431;1;T;True;1
1621235927000;14133588;1.21427;1.21433;1.2143;2;T;True;1
1621235928000;14133589;1.21427;1.21433;1.2143;0;T;True;1
1621235929000;14133592;1.21426;1.21432;1.21429;2;T;True;1
1621235930000;14133593;1.21426;1.21432;1.21429;0;T;True;1
1621235931000;14133596;1.21426;1.21432;1.21429;2;T;True;1
1621235932000;14133598;1.21427;1.21433;1.2143;1;T;True;1
1621235933000;14133599;1.21427;1.21433;1.2143;0;T;True;1
1621235934000;14133603;1.21426;1.21432;1.21429;3;T;True;1
1621235935000;14133609;1.21424;1.2143;1.21427;5;T;True;1
1621235936000;14133613;1.21424;1.2143;1.21427;3;T;True;1
1621235937000;14133614;1.21424;1.2143;1.21427;0;T;True;1
1621235938000;14133615;1.21424;1.2143;1.21427;0;T;True;1
1621235939000;14133625;1.2142;1.21426;1.21423;9;T;True;1
1621235940000;14133631;1.21422;1.21428;1.21425;5;T;True;1
1621235941000;14133635;1.21423;1.21429;1.21426;3;T;True;1
1621235942000;14133636;1.21423;1.21429;1.21426;0;T;True;1
1621235943000;14133638;1.21422;1.21428;1.21425;1;T;True;1
1621235944000;14133639;1.21422;1.21428;1.21425;0;T;True;1
1621235945000;14133640;1.21422;1.21428;1.21425;0;T;True;1
1621235946000;14133642;1.21422;1.21428;1.21425;1;T;True;1
1621235947000;14133644;1.21421;1.21427;1.21424;1;T;True;1
1621235948000;14133650;1.21419;1.21425;1.21422;5;T;True;1
1621235949000;14133653;1.21419;1.21425;1.21422;2;T;True;1
1621235950000;14133656;1.21417;1.21423;1.2142;2;T;True;1
1621235951000;14133658;1.21418;1.21424;1.21421;1;T;True;1
1621235952000;14133659;1.21418;1.21424;1.21421;0;T;True;1
1621235953000;14133666;1.21422;1.21428;1.21425;6;T;True;1
1621235954000;14133671;1.2142;1.21426;1.21423;4;T;True;1
1621235955000;14133673;1.21421;1.21427;1.21424;1;T;True;1
1621235956000;14133677;1.21423;1.21429;1.21426;3;T;True;1
1621235957000;14133678;1.21423;1.21429;1.21426;0;T;True;1
1621235958000;14133680;1.21423;1.21429;1.21426;1;T;True;1
1621235959000;14133684;1.21423;1.21429;1.21426;3;T;True;1
1621235960000;14133687;1.21424;1.2143;1.21427;2;T;True;1
1621235961000;14133689;1.21426;1.21432;1.21429;1;T;True;1
1621235962000;14133693;1.21425;1.21431;1.21428;3;T;True;1
1621235963000;14133697;1.21422;1.21428;1.21425;3;T;True;1
1621235964000;14133698;1.21422;1.21428;1.21425;0;T;True;1
1621235965000;14133699;1.21422;1.21428;1.21425;0;T;True;1
1621235966000;14133700;1.21422;1.21428;1.21425;0;T;True;1
1621235967000;14133701;1.21422;1.21428;1.21425;0;T;True;1
1621235968000;14133702;1.21422;1.21428;1.21425;0;T;True;1
1621235969000;14133703;1.21422;1.21428;1.21425;0;T;True;1
1621235970000;14133710;1.21425;1.21431;1.21428;6;T;True;1
1621235971000;14133713;1.21425;1.21431;1.21428;2;T;True;1
1621235972000;14133714;1.21425;1.21431;1.21428;0;T;True;1
1621235973000;14133717;1.21426;1.21432;1.21429;2;T;True;1
1621235974000;14133722;1.21428;1.21434;1.21431;4;T;True;1
1621235975000;14133723;1.21428;1.21434;1.21431;0;T;True;1
1621235976000;14133724;1.21428;1.21434;1.21431;0;T;True;1
1621235977000;14133726;1.21428;1.21434;1.21431;1;T;True;1
1621235978000;14133727;1.21428;1.21434;1.21431;0;T;True;1
1621235979000;14133730;1.21428;1.21434;1.21431;2;T;True;1
1621235980000;14133733;1.21429;1.21435;1.21432;2;T;True;1
1621235981000;14133734;1.21429;1.21435;1.21432;0;T;True;1
1621235982000;14133744;1.21433;1.21439;1.21436;9;T;True;1
1621235983000;14133748;1.21434;1.2144;1.21437;3;T;True;1
1621235984000;14133749;1.21434;1.2144;1.21437;0;T;True;1
1621235985000;14133751;1.21434;1.2144;1.21437;1;T;True;1
1621235986000;14133756;1.21436;1.21442;1.21439;4;T;True;1
1621235987000;14133757;1.21436;1.21442;1.21439;0;T;True;1
1621235988000;14133760;1.21436;1.21442;1.21439;2;T;True;1
1621235989000;14133762;1.21436;1.21442;1.21439;1;T;True;1
1621235990000;14133763;1.21436;1.21442;1.21439;0;T;True;1
1621235991000;14133767;1.21436;1.21442;1.21439;3;T;True;1
1621235992000;14133769;1.21437;1.21443;1.2144;1;T;True;1
1621235993000;14133770;1.21437;1.21443;1.2144;0;T;True;1
1621235994000;14133771;1.21437;1.21443;1.2144;0;T;True;1
1621235995000;14133772;1.21437;1.21443;1.2144;0;T;True;1
1621235996000;14133773;1.21437;1.21443;1.2144;0;T;True;1
1621235997000;14133778;1.21436;1.21442;1.21439;4;T;True;1
1621235998000;14133779;1.21436;1.21442;1.21439;0;T;True;1
1621235999000;14133780;1.21436;1.21442;1.21439;0;T;True;1
1621236000000;14133781;1.21436;1.21442;1.21439;0;T;True;1
1621236001000;14133783;1.21436;1.21442;1.21439;1;T;True;1
1621236002000;14133784;1.21436;1.21442;1.21439;0;T;True;1
1621236003000;14133785;1.21436;1.21442;1.21439;0;T;True;1
1621236004000;14133786;1.21436;1.21442;1.21439;0;T;True;1
1621236005000;14133787;1.21436;1.21442;1.21439;0;T;True;1
1621236006000;14133788;1.21436;1.21442;1.21439;0;T;True;1
1621236007000;14133793;1.21434;1.2144;1.21437;4;T;True;1
1621236008000;14133794;1.21434;1.2144;1.21437;0;T;True;1
1621236009000;14133796;1.21434;1.2144;1.21437;1;T;True;1
1621236010000;14133801;1.21436;1.21442;1.21439;4;T;True;1
1621236011000;14133802;1.21436;1.21442;1.21439;0;T;True;1
1621236012000;14133804;1.21436;1.21442;1.21439;1;T;True;1
1621236013000;14133805;1.21436;1.21442;1.21439;0;T;True;1
1621236014000;14133807;1.21436;1.21442;1.21439;1;T;True;1
1621236015000;14133817;1.21443;1.21449;1.21446;9;T;True;1
1621236016000;14133819;1.21443;1.21449;1.21446;1;T;True;1
1621236017000;14133820;1.21443;1.21449;1.21446;0;T;True;1
1621236018000;14133822;1.21443;1.21449;1.21446;1;T;True;1
1621236019000;14133823;1.21443;1.21449;1.21446;0;T;True;1
1621236020000;14133830;1.21446;1.21452;1.21449;6;T;True;1
1621236021000;14133831;1.21446;1.21452;1.21449;0;T;True;1
1621236022000;14133832;1.21446;1.21452;1.21449;0;T;True;1
1621236023000;14133834;1.21446;1.21452;1.21449;1;T;True;1
1621236024000;14133840;1.21448;1.21454;1.21451;5;T;True;1
1621236025000;14133844;1.21452;1.21458;1.21455;3;T;True;1
1621236026000;14133848;1.21454;1.2146;1.21457;3;T;True;1
1621236027000;14133857;1.21456;1.21462;1.21459;8;T;True;1
1621236028000;14133860;1.21458;1.21464;1.21461;2;T;True;1
1621236029000;14133868;1.21454;1.2146;1.21457;7;T;True;1
1621236030000;14133873;1.21454;1.2146;1.21457;4;T;True;1
1621236031000;14133874;1.21454;1.2146;1.21457;0;T;True;1
1621236032000;14133879;1.21456;1.21462;1.21459;4;T;True;1
1621236033000;14133883;1.21456;1.21462;1.21459;3;T;True;1
1621236034000;14133887;1.21458;1.21464;1.21461;3;T;True;1
1621236035000;14133896;1.21454;1.2146;1.21457;8;T;True;1
1621236036000;14133897;1.21454;1.2146;1.21457;0;T;True;1
1621236037000;14133898;1.21454;1.2146;1.21457;0;T;True;1
1621236038000;14133899;1.21454;1.2146;1.21457;0;T;True;1
1621236039000;14133901;1.21454;1.2146;1.21457;1;T;True;1
1621236040000;14133905;1.21452;1.21458;1.21455;3;T;True;1
1621236041000;14133907;1.21452;1.21458;1.21455;1;T;True;1
1621236042000;14133908;1.21452;1.21458;1.21455;0;T;True;1
1621236043000;14133909;1.21452;1.21458;1.21455;0;T;True;1
1621236044000;14133913;1.21451;1.21457;1.21454;3;T;True;1
1621236045000;14133916;1.21452;1.21458;1.21455;2;T;True;1
1621236046000;14133917;1.21452;1.21458;1.21455;0;T;True;1
1621236047000;14133918;1.21452;1.21458;1.21455;0;T;True;1
1621236048000;14133920;1.21452;1.21458;1.21455;1;T;True;1
1621236049000;14133929;1.21455;1.21461;1.21458;8;T;True;1
1621236050000;14133933;1.21458;1.21464;1.21461;3;T;True;1
1621236051000;14133934;1.21458;1.21464;1.21461;0;T;True;1
1621236052000;14133935;1.21458;1.21464;1.21461;0;T;True;1
1621236053000;14133937;1.21458;1.21464;1.21461;1;T;True;1
1621236054000;14133944;1.21458;1.21464;1.21461;6;T;True;1
1621236055000;14133945;1.21458;1.21464;1.21461;0;T;True;1
1621236056000;14133946;1.21458;1.21464;1.21461;0;T;True;1
1621236057000;14133949;1.21458;1.21464;1.21461;2;T;True;1
1621236058000;14133953;1.21458;1.21464;1.21461;3;T;True;1
1621236059000;14133954;1.21458;1.21464;1.21461;0;T;True;1
1621236060000;14133958;1.21459;1.21465;1.21462;3;T;True;1
1621236061000;14133961;1.2146;1.21466;1.21463;2;T;True;1
1621236062000;14133967;1.2146;1.21466;1.21463;5;T;True;1
1621236063000;14133970;1.2146;1.21466;1.21463;2;T;True;1
1621236064000;14133971;1.2146;1.21466;1.21463;0;T;True;1
1621236065000;14133972;1.2146;1.21466;1.21463;0;T;True;1
1621236066000;14133980;1.21454;1.2146;1.21457;7;T;True;1
1621236067000;14133981;1.21454;1.2146;1.21457;0;T;True;1
1621236068000;14133985;1.21455;1.21461;1.21458;3;T;True;1
1621236069000;14133987;1.21456;1.21462;1.21459;1;T;True;1
1621236070000;14133991;1.21455;1.21461;1.21458;3;T;True;1
1621236071000;14133993;1.21454;1.2146;1.21457;1;T;True;1
1621236072000;14133994;1.21454;1.2146;1.21457;0;T;True;1
1621236073000;14133995;1.21454;1.2146;1.21457;0;T;True;1
1621236074000;14133996;1.21454;1.2146;1.21457;0;T;True;1
1621236075000;14133999;1.21454;1.2146;1.21457;2;T;True;1
1621236076000;14134005;1.21454;1.2146;1.21457;5;T;True;1
1621236077000;14134008;1.21454;1.2146;1.21457;2;T;True;1
1621236078000;14134016;1.21457;1.21463;1.2146;7;T;True;1
1621236079000;14134021;1.21457;1.21463;1.2146;4;T;True;1
1621236080000;14134027;1.21458;1.21464;1.21461;5;T;True;1
1621236081000;14134028;1.21458;1.21464;1.21461;0;T;True;1
1621236082000;14134030;1.21458;1.21464;1.21461;1;T;True;1
1621236083000;14134031;1.21458;1.21464;1.21461;0;T;True;1
1621236084000;14134032;1.21458;1.21464;1.21461;0;T;True;1
1621236085000;14134035;1.21458;1.21464;1.21461;2;T;True;1
1621236086000;14134036;1.21458;1.21464;1.21461;0;T;True;1
1621236087000;14134037;1.21458;1.21464;1.21461;0;T;True;1
1621236088000;14134038;1.21458;1.21464;1.21461;0;T;True;1
1621236089000;14134039;1.21458;1.21464;1.21461;0;T;True;1
1621236090000;14134040;1.21458;1.21464;1.21461;0;T;True;1
1621236091000;14134041;1.21458;1.21464;1.21461;0;T;True;1
1621236092000;14134046;1.21456;1.21462;1.21459;4;T;True;1
1621236093000;14134047;1.21456;1.21462;1.21459;0;T;True;1
1621236094000;14134050;1.21454;1.2146;1.21457;2;T;True;1
1621236095000;14134053;1.21454;1.2146;1.21457;2;T;True;1
1621236096000;14134054;1.21454;1.2146;1.21457;0;T;True;1
1621236097000;14134058;1.21453;1.21459;1.21456;3;T;True;1
1621236098000;14134061;1.21453;1.21459;1.21456;2;T;True;1
1621236099000;14134064;1.21453;1.21459;1.21456;2;T;True;1
1621236100000;14134071;1.21449;1.21455;1.21452;6;T;True;1
1621236101000;14134075;1.21448;1.21454;1.21451;3;T;True;1
1621236102000;14134076;1.21448;1.21454;1.21451;0;T;True;1
1621236103000;14134078;1.21448;1.21454;1.21451;1;T;True;1
1621236104000;14134081;1.21448;1.21454;1.21451;2;T;True;1
1621236105000;14134088;1.21448;1.21454;1.21451;6;T;True;1
1621236106000;14134089;1.21448;1.21454;1.21451;0;T;True;1
1621236107000;14134092;1.21446;1.21452;1.21449;2;T;True;1
1621236108000;14134099;1.21448;1.21454;1.21451;6;T;True;1
1621236109000;14134101;1.21448;1.21454;1.21451;1;T;True;1
1621236110000;14134102;1.21448;1.21454;1.21451;0;T;True;1
1621236111000;14134104;1.21446;1.21452;1.21449;1;T;True;1
1621236112000;14134105;1.21446;1.21452;1.21449;0;T;True;1
1621236113000;14134107;1.21446;1.21452;1.21449;1;T;True;1
1621236114000;14134111;1.2145;1.21456;1.21453;3;T;True;1
1621236115000;14134125;1.21452;1.21458;1.21455;13;T;True;1
1621236116000;14134127;1.21452;1.21458;1.21455;1;T;True;1
1621236117000;14134134;1.2145;1.21456;1.21453;6;T;True;1
1621236118000;14134135;1.2145;1.21456;1.21453;0;T;True;1
1621236119000;14134138;1.21451;1.21457;1.21454;2;T;True;1
1621236120000;14134142;1.21453;1.21459;1.21456;3;T;True;1
1621236121000;14134143;1.21453;1.21459;1.21456;0;T;True;1
1621236122000;14134149;1.21455;1.21461;1.21458;5;T;True;1
1621236123000;14134152;1.21453;1.21459;1.21456;2;T;True;1
1621236124000;14134154;1.21452;1.21458;1.21455;1;T;True;1
1621236125000;14134156;1.21453;1.21459;1.21456;1;T;True;1
1621236126000;14134157;1.21453;1.21459;1.21456;0;T;True;1
1621236127000;14134158;1.21453;1.21459;1.21456;0;T;True;1
1621236128000;14134159;1.21453;1.21459;1.21456;0;T;True;1
1621236129000;14134160;1.21453;1.21459;1.21456;0;T;True;1
1621236130000;14134161;1.21453;1.21459;1.21456;0;T;True;1
1621236131000;14134162;1.21453;1.21459;1.21456;0;T;True;1
1621236132000;14134170;1.21456;1.21462;1.21459;7;T;True;1
1621236133000;14134176;1.21454;1.2146;1.21457;5;T;True;1
1621236134000;14134180;1.2145;1.21456;1.21453;3;T;True;1
1621236135000;14134181;1.2145;1.21456;1.21453;0;T;True;1
1621236136000;14134183;1.21449;1.21455;1.21452;1;T;True;1
1621236137000;14134185;1.21448;1.21454;1.21451;1;T;True;1
1621236138000;14134186;1.21448;1.21454;1.21451;0;T;True;1
1621236139000;14134187;1.21448;1.21454;1.21451;0;T;True;1
1621236140000;14134188;1.21448;1.21454;1.21451;0;T;True;1
1621236141000;14134189;1.21448;1.21454;1.21451;0;T;True;1
1621236142000;14134190;1.21448;1.21454;1.21451;0;T;True;1
1621236143000;14134193;1.21452;1.21458;1.21455;2;T;True;1
1621236144000;14134198;1.21454;1.2146;1.21457;4;T;True;1
1621236145000;14134200;1.21454;1.2146;1.21457;1;T;True;1
1621236146000;14134202;1.21454;1.2146;1.21457;1;T;True;1
1621236147000;14134206;1.21454;1.2146;1.21457;3;T;True;1
1621236148000;14134209;1.21456;1.21462;1.21459;2;T;True;1
1621236149000;14134210;1.21456;1.21462;1.21459;0;T;True;1
1621236150000;14134213;1.21455;1.21461;1.21458;2;T;True;1
1621236151000;14134218;1.21453;1.21459;1.21456;4;T;True;1
1621236152000;14134219;1.21453;1.21459;1.21456;0;T;True;1
1621236153000;14134220;1.21453;1.21459;1.21456;0;T;True;1
1621236154000;14134221;1.21453;1.21459;1.21456;0;T;True;1
1621236155000;14134222;1.21453;1.21459;1.21456;0;T;True;1
1621236156000;14134223;1.21453;1.21459;1.21456;0;T;True;1
1621236157000;14134224;1.21453;1.21459;1.21456;0;T;True;1
1621236158000;14134226;1.21454;1.2146;1.21457;1;T;True;1
1621236159000;14134231;1.2145;1.21456;1.21453;4;T;True;1
1621236160000;14134236;1.2145;1.21456;1.21453;4;T;True;1
1621236161000;14134237;1.2145;1.21456;1.21453;0;T;True;1
1621236162000;14134240;1.21448;1.21454;1.21451;2;T;True;1
1621236163000;14134241;1.21448;1.21454;1.21451;0;T;True;1
1621236164000;14134242;1.21448;1.21454;1.21451;0;T;True;1
1621236165000;14134246;1.21448;1.21454;1.21451;3;T;True;1
1621236166000;14134251;1.21448;1.21454;1.21451;4;T;True;1
1621236167000;14134254;1.21448;1.21454;1.21451;2;T;True;1
1621236168000;14134255;1.21448;1.21454;1.21451;0;T;True;1
1621236169000;14134256;1.21448;1.21454;1.21451;0;T;True;1
1621236170000;14134257;1.21448;1.21454;1.21451;0;T;True;1
1621236171000;14134259;1.21448;1.21454;1.21451;1;T;True;1
1621236172000;14134260;1.21448;1.21454;1.21451;0;T;True;1
1621236173000;14134261;1.21448;1.21454;1.21451;0;T;True;1
1621236174000;14134262;1.21448;1.21454;1.21451;0;T;True;1
1621236175000;14134263;1.21448;1.21454;1.21451;0;T;True;1
1621236176000;14134264;1.21448;1.21454;1.21451;0;T;True;1
1621236177000;14134265;1.21448;1.21454;1.21451;0;T;True;1
1621236178000;14134266;1.21448;1.21454;1.21451;0;T;True;1
1621236179000;14134274;1.21446;1.21452;1.21449;7;T;True;1
1621236180000;14134276;1.21446;1.21452;1.21449;1;T;True;1
1621236181000;14134281;1.21448;1.21454;1.21451;4;T;True;1
1621236182000;14134284;1.21448;1.21454;1.21451;2;T;True;1
1621236183000;14134285;1.21448;1.21454;1.21451;0;T;True;1
1621236184000;14134286;1.21448;1.21454;1.21451;0;T;True;1
1621236185000;14134288;1.21448;1.21454;1.21451;1;T;True;1
1621236186000;14134290;1.21448;1.21454;1.21451;1;T;True;1
1621236187000;14134291;1.21448;1.21454;1.21451;0;T;True;1
1621236188000;14134292;1.21448;1.21454;1.21451;0;T;True;1
1621236189000;14134293;1.21448;1.21454;1.21451;0;T;True;1
1621236190000;14134294;1.21448;1.21454;1.21451;0;T;True;1
1621236191000;14134296;1.21448;1.21454;1.21451;1;T;True;1
1621236192000;14134303;1.21451;1.21457;1.21454;6;T;True;1
1621236193000;14134307;1.21448;1.21454;1.21451;3;T;True;1
1621236194000;14134308;1.21448;1.21454;1.21451;0;T;True;1
1621236195000;14134310;1.21448;1.21454;1.21451;1;T;True;1
1621236196000;14134312;1.21448;1.21454;1.21451;1;T;True;1
1621236197000;14134313;1.21448;1.21454;1.21451;0;T;True;1
1621236198000;14134314;1.21448;1.21454;1.21451;0;T;True;1
1621236199000;14134319;1.21444;1.2145;1.21447;4;T;True;1
1621236200000;14134321;1.21444;1.2145;1.21447;1;T;True;1
1621236201000;14134328;1.2144;1.21446;1.21443;6;T;True;1
1621236202000;14134332;1.21442;1.21448;1.21445;3;T;True;1
1621236203000;14134340;1.2144;1.21446;1.21443;7;T;True;1
1621236204000;14134341;1.2144;1.21446;1.21443;0;T;True;1
1621236205000;14134348;1.21441;1.21447;1.21444;6;T;True;1
1621236206000;14134351;1.21442;1.21448;1.21445;2;T;True;1
1621236207000;14134355;1.21442;1.21448;1.21445;3;T;True;1
1621236208000;14134357;1.21443;1.21449;1.21446;1;T;True;1
1621236209000;14134358;1.21443;1.21449;1.21446;0;T;True;1
1621236210000;14134362;1.2144;1.21446;1.21443;3;T;True;1
1621236211000;14134365;1.21442;1.21448;1.21445;2;T;True;1
1621236212000;14134366;1.21442;1.21448;1.21445;0;T;True;1
1621236213000;14134373;1.21441;1.21447;1.21444;6;T;True;1
1621236214000;14134376;1.2144;1.21446;1.21443;2;T;True;1
1621236215000;14134384;1.2144;1.21446;1.21443;7;T;True;1
1621236216000;14134389;1.21439;1.21445;1.21442;4;T;True;1
1621236217000;14134394;1.21438;1.21444;1.21441;4;T;True;1
1621236218000;14134397;1.21436;1.21442;1.21439;2;T;True;1
1621236219000;14134403;1.21434;1.2144;1.21437;5;T;True;1
1621236220000;14134405;1.21434;1.2144;1.21437;1;T;True;1
1621236221000;14134408;1.21433;1.21439;1.21436;2;T;True;1
1621236222000;14134413;1.2143;1.21436;1.21433;4;T;True;1
1621236223000;14134414;1.2143;1.21436;1.21433;0;T;True;1
1621236224000;14134416;1.2143;1.21436;1.21433;1;T;True;1
1621236225000;14134421;1.21428;1.21434;1.21431;4;T;True;1
1621236226000;14134428;1.21426;1.21432;1.21429;6;T;True;1
1621236227000;14134437;1.21425;1.21431;1.21428;8;T;True;1
1621236228000;14134441;1.21423;1.21429;1.21426;3;T;True;1
1621236229000;14134445;1.21419;1.21425;1.21422;3;T;True;1
1621236230000;14134447;1.21419;1.21425;1.21422;1;T;True;1
1621236231000;14134448;1.21419;1.21425;1.21422;0;T;True;1
1621236232000;14134458;1.2142;1.21426;1.21423;9;T;True;1
1621236233000;14134460;1.2142;1.21426;1.21423;1;T;True;1
1621236234000;14134466;1.2142;1.21426;1.21423;5;T;True;1
1621236235000;14134468;1.2142;1.21426;1.21423;1;T;True;1
1621236236000;14134473;1.21422;1.21428;1.21425;4;T;True;1
1621236237000;14134476;1.21422;1.21428;1.21425;2;T;True;1
1621236238000;14134477;1.21422;1.21428;1.21425;0;T;True;1
1621236239000;14134485;1.2142;1.21426;1.21423;7;T;True;1
1621236240000;14134488;1.21419;1.21425;1.21422;2;T;True;1
1621236241000;14134495;1.21419;1.21425;1.21422;6;T;True;1
1621236242000;14134501;1.2142;1.21426;1.21423;5;T;True;1
1621236243000;14134504;1.2142;1.21426;1.21423;2;T;True;1
1621236244000;14134508;1.21423;1.21429;1.21426;3;T;True;1
1621236245000;14134511;1.21424;1.2143;1.21427;2;T;True;1
1621236246000;14134515;1.21425;1.21431;1.21428;3;T;True;1
1621236247000;14134516;1.21425;1.21431;1.21428;0;T;True;1
1621236248000;14134520;1.21425;1.21431;1.21428;3;T;True;1
1621236249000;14134522;1.21426;1.21432;1.21429;1;T;True;1
1621236250000;14134528;1.21423;1.21429;1.21426;5;T;True;1
1621236251000;14134534;1.2142;1.21426;1.21423;5;T;True;1
1621236252000;14134536;1.2142;1.21426;1.21423;1;T;True;1
1621236253000;14134537;1.2142;1.21426;1.21423;0;T;True;1
1621236254000;14134539;1.21419;1.21425;1.21422;1;T;True;1
1621236255000;14134542;1.21418;1.21424;1.21421;2;T;True;1
1621236256000;14134543;1.21418;1.21424;1.21421;0;T;True;1
1621236257000;14134552;1.21417;1.21423;1.2142;8;T;True;1
1621236258000;14134553;1.21417;1.21423;1.2142;0;T;True;1
1621236259000;14134554;1.21417;1.21423;1.2142;0;T;True;1
1621236260000;14134557;1.21418;1.21424;1.21421;2;T;True;1
1621236261000;14134561;1.21421;1.21427;1.21424;3;T;True;1
1621236262000;14134568;1.21417;1.21423;1.2142;6;T;True;1
1621236263000;14134573;1.21416;1.21422;1.21419;4;T;True;1
1621236264000;14134583;1.21417;1.21423;1.2142;9;T;True;1
1621236265000;14134584;1.21417;1.21423;1.2142;0;T;True;1
1621236266000;14134587;1.21418;1.21424;1.21421;2;T;True;1
1621236267000;14134589;1.21418;1.21424;1.21421;1;T;True;1
1621236268000;14134592;1.21418;1.21424;1.21421;2;T;True;1
1621236269000;14134595;1.21416;1.21422;1.21419;2;T;True;1
1621236270000;14134597;1.21416;1.21422;1.21419;1;T;True;1
1621236271000;14134603;1.21414;1.2142;1.21417;5;T;True;1
1621236272000;14134608;1.21412;1.21418;1.21415;4;T;True;1
1621236273000;14134616;1.21415;1.21421;1.21418;7;T;True;1
1621236274000;14134617;1.21415;1.21421;1.21418;0;T;True;1
1621236275000;14134619;1.21415;1.21421;1.21418;1;T;True;1
1621236276000;14134625;1.21416;1.21422;1.21419;5;T;True;1
1621236277000;14134628;1.21417;1.21423;1.2142;2;T;True;1
1621236278000;14134629;1.21417;1.21423;1.2142;0;T;True;1
1621236279000;14134635;1.21416;1.21422;1.21419;5;T;True;1
1621236280000;14134637;1.21416;1.21422;1.21419;1;T;True;1
1621236281000;14134639;1.21416;1.21422;1.21419;1;T;True;1
1621236282000;14134642;1.21416;1.21422;1.21419;2;T;True;1
1621236283000;14134644;1.21416;1.21422;1.21419;1;T;True;1
1621236284000;14134648;1.21415;1.21421;1.21418;3;T;True;1
1621236285000;14134649;1.21415;1.21421;1.21418;0;T;True;1
1621236286000;14134651;1.21415;1.21421;1.21418;1;T;True;1
1621236287000;14134653;1.21415;1.21421;1.21418;1;T;True;1
1621236288000;14134655;1.21415;1.21421;1.21418;1;T;True;1
1621236289000;14134657;1.21415;1.21421;1.21418;1;T;True;1
1621236290000;14134658;1.21415;1.21421;1.21418;0;T;True;1
1621236291000;14134661;1.21414;1.2142;1.21417;2;T;True;1
1621236292000;14134668;1.21416;1.21422;1.21419;6;T;True;1
1621236293000;14134670;1.21416;1.21422;1.21419;1;T;True;1
1621236294000;14134677;1.21416;1.21422;1.21419;6;T;True;1
1621236295000;14134678;1.21416;1.21422;1.21419;0;T;True;1
1621236296000;14134679;1.21416;1.21422;1.21419;0;T;True;1
1621236297000;14134680;1.21416;1.21422;1.21419;0;T;True;1
1621236298000;14134691;1.21414;1.2142;1.21417;10;T;True;1
1621236299000;14134692;1.21414;1.2142;1.21417;0;T;True;1
1621236300000;14134697;1.21413;1.21419;1.21416;4;T;True;1
1621236301000;14134717;1.21428;1.21434;1.21431;19;T;True;1
1621236302000;14134721;1.21428;1.21434;1.21431;3;T;True;1
1621236303000;14134722;1.21428;1.21434;1.21431;0;T;True;1
1621236304000;14134723;1.21428;1.21434;1.21431;0;T;True;1
1621236305000;14134725;1.21428;1.21434;1.21431;1;T;True;1
1621236306000;14134726;1.21428;1.21434;1.21431;0;T;True;1
1621236307000;14134728;1.21428;1.21434;1.21431;1;T;True;1
1621236308000;14134733;1.21432;1.21438;1.21435;4;T;True;1
1621236309000;14134737;1.21432;1.21438;1.21435;3;T;True;1
1621236310000;14134738;1.21432;1.21438;1.21435;0;T;True;1
1621236311000;14134739;1.21432;1.21438;1.21435;0;T;True;1
1621236312000;14134741;1.2143;1.21436;1.21433;1;T;True;1
1621236313000;14134747;1.2143;1.21436;1.21433;5;T;True;1
1621236314000;14134749;1.2143;1.21436;1.21433;1;T;True;1
1621236315000;14134750;1.2143;1.21436;1.21433;0;T;True;1
1621236316000;14134752;1.21429;1.21435;1.21432;1;T;True;1
1621236317000;14134754;1.21428;1.21434;1.21431;1;T;True;1
1621236318000;14134755;1.21428;1.21434;1.21431;0;T;True;1
1621236319000;14134756;1.21428;1.21434;1.21431;0;T;True;1
1621236320000;14134757;1.21428;1.21434;1.21431;0;T;True;1
1621236321000;14134758;1.21428;1.21434;1.21431;0;T;True;1
1621236322000;14134759;1.21428;1.21434;1.21431;0;T;True;1
1621236323000;14134760;1.21428;1.21434;1.21431;0;T;True;1
1621236324000;14134761;1.21428;1.21434;1.21431;0;T;True;1
1621236325000;14134765;1.21428;1.21434;1.21431;3;T;True;1
1621236326000;14134769;1.21424;1.2143;1.21427;3;T;True;1
1621236327000;14134772;1.21422;1.21428;1.21425;2;T;True;1
1621236328000;14134773;1.21422;1.21428;1.21425;0;T;True;1
1621236329000;14134774;1.21422;1.21428;1.21425;0;T;True;1
1621236330000;14134776;1.21422;1.21428;1.21425;1;T;True;1
1621236331000;14134777;1.21422;1.21428;1.21425;0;T;True;1
1621236332000;14134778;1.21422;1.21428;1.21425;0;T;True;1
1621236333000;14134779;1.21422;1.21428;1.21425;0;T;True;1
1621236334000;14134780;1.21422;1.21428;1.21425;0;T;True;1
1621236335000;14134782;1.21422;1.21428;1.21425;1;T;True;1
1621236336000;14134783;1.21422;1.21428;1.21425;0;T;True;1
1621236337000;14134784;1.21422;1.21428;1.21425;0;T;True;1
1621236338000;14134785;1.21422;1.21428;1.21425;0;T;True;1
1621236339000;14134786;1.21422;1.21428;1.21425;0;T;True;1
1621236340000;14134787;1.21422;1.21428;1.21425;0;T;True;1
1621236341000;14134788;1.21422;1.21428;1.21425;0;T;True;1
1621236342000;14134793;1.21426;1.21432;1.21429;4;T;True;1
1621236343000;14134794;1.21426;1.21432;1.21429;0;T;True;1
1621236344000;14134795;1.21426;1.21432;1.21429;0;T;True;1
1621236345000;14134797;1.21428;1.21434;1.21431;1;T;True;1
1621236346000;14134798;1.21428;1.21434;1.21431;0;T;True;1
1621236347000;14134800;1.21428;1.21434;1.21431;1;T;True;1
1621236348000;14134801;1.21428;1.21434;1.21431;0;T;True;1
1621236349000;14134803;1.21428;1.21434;1.21431;1;T;True;1
1621236350000;14134804;1.21428;1.21434;1.21431;0;T;True;1
1621236351000;14134805;1.21428;1.21434;1.21431;0;T;True;1
1621236352000;14134806;1.21428;1.21434;1.21431;0;T;True;1
1621236353000;14134807;1.21428;1.21434;1.21431;0;T;True;1
1621236354000;14134809;1.21427;1.21433;1.2143;1;T;True;1
1621236355000;14134810;1.21427;1.21433;1.2143;0;T;True;1
1621236356000;14134812;1.21428;1.21434;1.21431;1;T;True;1
1621236357000;14134814;1.21428;1.21434;1.21431;1;T;True;1
1621236358000;14134815;1.21428;1.21434;1.21431;0;T;True;1
1621236359000;14134820;1.21426;1.21432;1.21429;4;T;True;1
1621236360000;14134824;1.21428;1.21434;1.21431;3;T;True;1
1621236361000;14134825;1.21428;1.21434;1.21431;0;T;True;1
1621236362000;14134827;1.21427;1.21433;1.2143;1;T;True;1
1621236363000;14134828;1.21427;1.21433;1.2143;0;T;True;1
1621236364000;14134831;1.21427;1.21433;1.2143;2;T;True;1
1621236365000;14134833;1.21428;1.21434;1.21431;1;T;True;1
1621236366000;14134840;1.21428;1.21434;1.21431;6;T;True;1
1621236367000;14134842;1.21428;1.21434;1.21431;1;T;True;1
1621236368000;14134843;1.21428;1.21434;1.21431;0;T;True;1
1621236369000;14134845;1.2143;1.21436;1.21433;1;T;True;1
1621236370000;14134846;1.2143;1.21436;1.21433;0;T;True;1
1621236371000;14134849;1.2143;1.21436;1.21433;2;T;True;1
1621236372000;14134852;1.21429;1.21435;1.21432;2;T;True;1
1621236373000;14134853;1.21429;1.21435;1.21432;0;T;True;1
1621236374000;14134854;1.21429;1.21435;1.21432;0;T;True;1
1621236375000;14134855;1.21429;1.21435;1.21432;0;T;True;1
1621236376000;14134856;1.21429;1.21435;1.21432;0;T;True;1
1621236377000;14134858;1.2143;1.21436;1.21433;1;T;True;1
1621236378000;14134859;1.2143;1.21436;1.21433;0;T;True;1
1621236379000;14134869;1.21433;1.21439;1.21436;9;T;True;1
1621236380000;14134871;1.21432;1.21438;1.21435;1;T;True;1
1621236381000;14134872;1.21432;1.21438;1.21435;0;T;True;1
1621236382000;14134874;1.21432;1.21438;1.21435;1;T;True;1
1621236383000;14134878;1.21432;1.21438;1.21435;3;T;True;1
1621236384000;14134879;1.21432;1.21438;1.21435;0;T;True;1
1621236385000;14134880;1.21432;1.21438;1.21435;0;T;True;1
1621236386000;14134881;1.21432;1.21438;1.21435;0;T;True;1
1621236387000;14134886;1.21432;1.21438;1.21435;4;T;True;1
1621236388000;14134887;1.21432;1.21438;1.21435;0;T;True;1
1621236389000;14134889;1.21431;1.21437;1.21434;1;T;True;1
1621236390000;14134892;1.2143;1.21436;1.21433;2;T;True;1
1621236391000;14134896;1.2143;1.21436;1.21433;3;T;True;1
1621236392000;14134897;1.2143;1.21436;1.21433;0;T;True;1
1621236393000;14134907;1.21432;1.21438;1.21435;9;T;True;1
1621236394000;14134909;1.21432;1.21438;1.21435;1;T;True;1
