ts;n;bid;ask;value;volume;phase;round;active_id
1621216662000;14093992;1.21326;1.21332;1.21329;0;T;True;1
1621216663000;14093993;1.21326;1.21332;1.21329;0;T;True;1
1621216664000;14093994;1.21326;1.21332;1.21329;0;T;True;1
1621216665000;14093995;1.21326;1.21332;1.21329;0;T;True;1
1621216666000;14093996;1.21326;1.21332;1.21329;0;T;True;1
1621216667000;14093997;1.21326;1.21332;1.21329;0;T;True;1
1621216668000;14094000;1.21326;1.21332;1.21329;2;T;True;1
1621216669000;14094001;1.21326;1.21332;1.21329;0;T;True;1
1621216670000;14094002;1.21326;1.21332;1.21329;0;T;True;1
1621216671000;14094004;1.21326;1.21332;1.21329;1;T;True;1
1621216672000;14094005;1.21326;1.21332;1.21329;0;T;True;1
1621216673000;14094006;1.21326;1.21332;1.21329;0;T;True;1
1621216674000;14094007;1.21326;1.21332;1.21329;0;T;True;1
1621216675000;14094008;1.21326;1.21332;1.21329;0;T;True;1
1621216676000;14094010;1.21326;1.21332;1.21329;1;T;True;1
1621216677000;14094011;1.21326;1.21332;1.21329;0;T;True;1
1621216678000;14094012;1.21326;1.21332;1.21329;0;T;True;1
1621216679000;14094013;1.21326;1.21332;1.21329;0;T;True;1
1621216680000;14094014;1.21326;1.21332;1.21329;0;T;True;1
1621216681000;14094015;1.21326;1.21332;1.21329;0;T;True;1
1621216682000;14094017;1.21326;1.21332;1.21329;1;T;True;1
1621216683000;14094019;1.21326;1.21332;1.21329;1;T;True;1
1621216684000;14094020;1.21326;1.21332;1.21329;0;T;True;1
1621216685000;14094021;1.21326;1.21332;1.21329;0;T;True;1
1621216686000;14094022;1.21326;1.21332;1.21329;0;T;True;1
1621216687000;14094023;1.21326;1.21332;1.21329;0;T;True;1
1621216688000;14094026;1.21326;1.21332;1.21329;2;T;True;1
1621216689000;14094028;1.21327;1.21333;1.2133;1;T;True;1
1621216690000;14094030;1.21327;1.21333;1.2133;1;T;True;1
1621216691000;14094031;1.21327;1.21333;1.2133;0;T;True;1
1621216692000;14094033;1.21327;1.21333;1.2133;1;T;True;1
1621216693000;14094034;1.21327;1.21333;1.2133;0;T;True;1
1621216694000;14094035;1.21327;1.21333;1.2133;0;T;True;1
1621216695000;14094037;1.21326;1.21332;1.21329;1;T;True;1
1621216696000;14094043;1.21328;1.21334;1.21331;5;T;True;1
1621216697000;14094045;1.21329;1.21335;1.21332;1;T;True;1
1621216698000;14094046;1.21329;1.21335;1.21332;0;T;True;1
1621216699000;14094047;1.21329;1.21335;1.21332;0;T;True;1
1621216700000;14094050;1.21329;1.21335;1.21332;2;T;True;1
1621216701000;14094051;1.21329;1.21335;1.21332;0;T;True;1
1621216702000;14094053;1.2133;1.21336;1.21333;1;T;True;1
1621216703000;14094054;1.2133;1.21336;1.21333;0;T;True;1
1621216704000;14094055;1.2133;1.21336;1.21333;0;T;True;1
1621216705000;14094058;1.21328;1.21334;1.21331;2;T;True;1
1621216706000;14094063;1.21328;1.21334;1.21331;4;T;True;1
1621216707000;14094066;1.21329;1.21335;1.21332;2;T;True;1
1621216708000;14094067;1.21329;1.21335;1.21332;0;T;True;1
1621216709000;14094068;1.21329;1.21335;1.21332;0;T;True;1
1621216710000;14094069;1.21329;1.21335;1.21332;0;T;True;1
1621216711000;14094070;1.21329;1.21335;1.21332;0;T;True;1
1621216712000;14094072;1.21329;1.21335;1.21332;1;T;True;1
1621216713000;14094073;1.21329;1.21335;1.21332;0;T;True;1
1621216714000;14094074;1.21329;1.21335;1.21332;0;T;True;1
1621216715000;14094075;1.21329;1.21335;1.21332;0;T;True;1
1621216716000;14094076;1.21329;1.21335;1.21332;0;T;True;1
1621216717000;14094077;1.21329;1.21335;1.21332;0;T;True;1
1621216718000;14094078;1.21329;1.21335;1.21332;0;T;True;1
1621216719000;14094079;1.21329;1.21335;1.21332;0;T;True;1
1621216720000;14094080;1.21329;1.21335;1.21332;0;T;True;1
1621216721000;14094081;1.21329;1.21335;1.21332;0;T;True;1
1621216722000;14094082;1.21329;1.21335;1.21332;0;T;True;1
1621216723000;14094083;1.21329;1.21335;1.21332;0;T;True;1
1621216724000;14094085;1.21329;1.21335;1.21332;1;T;True;1
1621216725000;14094087;1.21328;1.21334;1.21331;1;T;True;1
1621216726000;14094088;1.21328;1.21334;1.21331;0;T;True;1
1621216727000;14094091;1.21329;1.21335;1.21332;2;T;True;1
1621216728000;14094095;1.21329;1.21335;1.21332;3;T;True;1
1621216729000;14094097;1.21329;1.21335;1.21332;1;T;True;1
1621216730000;14094102;1.21328;1.21334;1.21331;4;T;True;1
1621216731000;14094103;1.21328;1.21334;1.21331;0;T;True;1
1621216732000;14094104;1.21328;1.21334;1.21331;0;T;True;1
1621216733000;14094105;1.21328;1.21334;1.21331;0;T;True;1
1621216734000;14094107;1.21328;1.21334;1.21331;1;T;True;1
1621216735000;14094113;1.21325;1.21331;1.21328;5;T;True;1
1621216736000;14094114;1.21325;1.21331;1.21328;0;T;True;1
1621216737000;14094115;1.21325;1.21331;1.21328;0;T;True;1
1621216738000;14094116;1.21325;1.21331;1.21328;0;T;True;1
1621216739000;14094118;1.21325;1.21331;1.21328;1;T;True;1
1621216740000;14094119;1.21325;1.21331;1.21328;0;T;True;1
1621216741000;14094120;1.21325;1.21331;1.21328;0;T;True;1
1621216742000;14094121;1.21325;1.21331;1.21328;0;T;True;1
1621216743000;14094122;1.21325;1.21331;1.21328;0;T;True;1
1621216744000;14094124;1.21324;1.2133;1.21327;1;T;True;1
1621216745000;14094125;1.21324;1.2133;1.21327;0;T;True;1
1621216746000;14094126;1.21324;1.2133;1.21327;0;T;True;1
1621216747000;14094129;1.21324;1.2133;1.21327;2;T;True;1
1621216748000;14094131;1.21323;1.21329;1.21326;1;T;True;1
1621216749000;14094132;1.21323;1.21329;1.21326;0;T;True;1
1621216750000;14094134;1.21323;1.21329;1.21326;1;T;True;1
1621216751000;14094135;1.21323;1.21329;1.21326;0;T;True;1
1621216752000;14094138;1.21323;1.21329;1.21326;2;T;True;1
1621216753000;14094139;1.21323;1.21329;1.21326;0;T;True;1
1621216754000;14094141;1.21323;1.21329;1.21326;1;T;True;1
1621216755000;14094146;1.21322;1.21328;1.21325;4;T;True;1
1621216756000;14094149;1.21322;1.21328;1.21325;2;T;True;1
1621216757000;14094151;1.21322;1.21328;1.21325;1;T;True;1
1621216758000;14094152;1.21322;1.21328;1.21325;0;T;True;1
1621216759000;14094155;1.21322;1.21328;1.21325;2;T;True;1
1621216760000;14094156;1.21322;1.21328;1.21325;0;T;True;1
1621216761000;14094157;1.21322;1.21328;1.21325;0;T;True;1
1621216762000;14094158;1.21322;1.21328;1.21325;0;T;True;1
1621216763000;14094160;1.21322;1.21328;1.21325;1;T;True;1
1621216764000;14094162;1.21322;1.21328;1.21325;1;T;True;1
1621216765000;14094165;1.21324;1.2133;1.21327;2;T;True;1
1621216766000;14094167;1.21324;1.2133;1.21327;1;T;True;1
1621216767000;14094173;1.21326;1.21332;1.21329;5;T;True;1
1621216768000;14094175;1.21326;1.21332;1.21329;1;T;True;1
1621216769000;14094178;1.21326;1.21332;1.21329;2;T;True;1
1621216770000;14094179;1.21326;1.21332;1.21329;0;T;True;1
1621216771000;14094184;1.21327;1.21333;1.2133;4;T;True;1
1621216772000;14094185;1.21327;1.21333;1.2133;0;T;True;1
1621216773000;14094186;1.21327;1.21333;1.2133;0;T;True;1
1621216774000;14094192;1.21324;1.2133;1.21327;5;T;True;1
1621216775000;14094194;1.21323;1.21329;1.21326;1;T;True;1
1621216776000;14094195;1.21323;1.21329;1.21326;0;T;True;1
1621216777000;14094197;1.21323;1.21329;1.21326;1;T;True;1
1621216778000;14094198;1.21323;1.21329;1.21326;0;T;True;1
1621216779000;14094199;1.21323;1.21329;1.21326;0;T;True;1
1621216780000;14094200;1.21323;1.21329;1.21326;0;T;True;1
1621216781000;14094201;1.21323;1.21329;1.21326;0;T;True;1
1621216782000;14094202;1.21323;1.21329;1.21326;0;T;True;1
1621216783000;14094204;1.21323;1.21329;1.21326;1;T;True;1
1621216784000;14094205;1.21323;1.21329;1.21326;0;T;True;1
1621216785000;14094206;1.21323;1.21329;1.21326;0;T;True;1
1621216786000;14094207;1.21323;1.21329;1.21326;0;T;True;1
1621216787000;14094208;1.21323;1.21329;1.21326;0;T;True;1
1621216788000;14094209;1.21323;1.21329;1.21326;0;T;True;1
1621216789000;14094210;1.21323;1.21329;1.21326;0;T;True;1
1621216790000;14094211;1.21323;1.21329;1.21326;0;T;True;1
1621216791000;14094214;1.21323;1.21329;1.21326;2;T;True;1
1621216792000;14094215;1.21323;1.21329;1.21326;0;T;True;1
1621216793000;14094217;1.21323;1.21329;1.21326;1;T;True;1
1621216794000;14094220;1.21323;1.21329;1.21326;2;T;True;1
1621216795000;14094225;1.21323;1.21329;1.21326;4;T;True;1
1621216796000;14094228;1.21323;1.21329;1.21326;2;T;True;1
1621216797000;14094231;1.21323;1.21329;1.21326;2;T;True;1
1621216798000;14094233;1.21322;1.21328;1.21325;1;T;True;1
1621216799000;14094234;1.21322;1.21328;1.21325;0;T;True;1
1621216800000;14094235;1.21322;1.21328;1.21325;0;T;True;1
1621216801000;14094242;1.21324;1.2133;1.21327;6;T;True;1
1621216802000;14094244;1.21324;1.2133;1.21327;1;T;True;1
1621216803000;14094249;1.21326;1.21332;1.21329;4;T;True;1
1621216804000;14094260;1.2133;1.21336;1.21333;10;T;True;1
1621216805000;14094264;1.21331;1.21337;1.21334;3;T;True;1
1621216806000;14094268;1.2133;1.21336;1.21333;3;T;True;1
1621216807000;14094276;1.21323;1.21329;1.21326;7;T;True;1
1621216808000;14094277;1.21323;1.21329;1.21326;0;T;True;1
1621216809000;14094283;1.21324;1.2133;1.21327;5;T;True;1
1621216810000;14094286;1.21322;1.21328;1.21325;2;T;True;1
1621216811000;14094291;1.21322;1.21328;1.21325;4;T;True;1
1621216812000;14094293;1.21322;1.21328;1.21325;1;T;True;1
1621216813000;14094296;1.21323;1.21329;1.21326;2;T;True;1
1621216814000;14094297;1.21323;1.21329;1.21326;0;T;True;1
1621216815000;14094298;1.21323;1.21329;1.21326;0;T;True;1
1621216816000;14094299;1.21323;1.21329;1.21326;0;T;True;1
1621216817000;14094302;1.21323;1.21329;1.21326;2;T;True;1
1621216818000;14094304;1.21322;1.21328;1.21325;1;T;True;1
1621216819000;14094307;1.21324;1.2133;1.21327;2;T;True;1
1621216820000;14094308;1.21324;1.2133;1.21327;0;T;True;1
1621216821000;14094309;1.21324;1.2133;1.21327;0;T;True;1
1621216822000;14094311;1.21322;1.21328;1.21325;1;T;True;1
1621216823000;14094313;1.21322;1.21328;1.21325;1;T;True;1
1621216824000;14094314;1.21322;1.21328;1.21325;0;T;True;1
1621216825000;14094315;1.21322;1.21328;1.21325;0;T;True;1
1621216826000;14094317;1.21322;1.21328;1.21325;1;T;True;1
1621216827000;14094330;1.21317;1.21323;1.2132;12;T;True;1
1621216828000;14094331;1.21317;1.21323;1.2132;0;T;True;1
1621216829000;14094332;1.21317;1.21323;1.2132;0;T;True;1
1621216830000;14094335;1.21314;1.2132;1.21317;2;T;True;1
1621216831000;14094337;1.21313;1.21319;1.21316;1;T;True;1
1621216832000;14094338;1.21313;1.21319;1.21316;0;T;True;1
1621216833000;14094342;1.21312;1.21318;1.21315;3;T;True;1
1621216834000;14094344;1.21312;1.21318;1.21315;1;T;True;1
1621216835000;14094347;1.2131;1.21316;1.21313;2;T;True;1
1621216836000;14094353;1.2131;1.21316;1.21313;5;T;True;1
1621216837000;14094354;1.2131;1.21316;1.21313;0;T;True;1
1621216838000;14094355;1.2131;1.21316;1.21313;0;T;True;1
1621216839000;14094360;1.21308;1.21314;1.21311;4;T;True;1
1621216840000;14094362;1.21308;1.21314;1.21311;1;T;True;1
1621216841000;14094371;1.21307;1.21313;1.2131;8;T;True;1
1621216842000;14094375;1.21308;1.21314;1.21311;3;T;True;1
1621216843000;14094379;1.21308;1.21314;1.21311;3;T;True;1
1621216844000;14094384;1.21307;1.21313;1.2131;4;T;True;1
1621216845000;14094388;1.21307;1.21313;1.2131;3;T;True;1
1621216846000;14094396;1.21302;1.21308;1.21305;7;T;True;1
1621216847000;14094397;1.21302;1.21308;1.21305;0;T;True;1
1621216848000;14094406;1.213;1.21306;1.21303;8;T;True;1
1621216849000;14094412;1.21299;1.21305;1.21302;5;T;True;1
1621216850000;14094418;1.21302;1.21308;1.21305;5;T;True;1
1621216851000;14094421;1.21302;1.21308;1.21305;2;T;True;1
1621216852000;14094425;1.213;1.21306;1.21303;3;T;True;1
1621216853000;14094430;1.213;1.21306;1.21303;4;T;True;1
1621216854000;14094436;1.21304;1.2131;1.21307;5;T;True;1
1621216855000;14094440;1.21302;1.21308;1.21305;3;T;True;1
1621216856000;14094443;1.21302;1.21308;1.21305;2;T;True;1
1621216857000;14094444;1.21302;1.21308;1.21305;0;T;True;1
1621216858000;14094445;1.21302;1.21308;1.21305;0;T;True;1
1621216859000;14094446;1.21302;1.21308;1.21305;0;T;True;1
1621216860000;14094447;1.21302;1.21308;1.21305;0;T;True;1
1621216861000;14094458;1.21307;1.21313;1.2131;10;T;True;1
1621216862000;14094466;1.2131;1.21316;1.21313;7;T;True;1
1621216863000;14094476;1.2131;1.21316;1.21313;9;T;True;1
1621216864000;14094480;1.21312;1.21318;1.21315;3;T;True;1
1621216865000;14094483;1.21312;1.21318;1.21315;2;T;True;1
1621216866000;14094484;1.21312;1.21318;1.21315;0;T;True;1
1621216867000;14094486;1.2131;1.21316;1.21313;1;T;True;1
1621216868000;14094488;1.2131;1.21316;1.21313;1;T;True;1
1621216869000;14094489;1.2131;1.21316;1.21313;0;T;True;1
1621216870000;14094492;1.21311;1.21317;1.21314;2;T;True;1
1621216871000;14094493;1.21311;1.21317;1.21314;0;T;True;1
1621216872000;14094498;1.21313;1.21319;1.21316;4;T;True;1
1621216873000;14094506;1.21315;1.21321;1.21318;7;T;True;1
1621216874000;14094513;1.21313;1.21319;1.21316;6;T;True;1
1621216875000;14094515;1.21313;1.21319;1.21316;1;T;True;1
1621216876000;14094521;1.21312;1.21318;1.21315;5;T;True;1
1621216877000;14094522;1.21312;1.21318;1.21315;0;T;True;1
1621216878000;14094528;1.21312;1.21318;1.21315;5;T;True;1
1621216879000;14094534;1.21314;1.2132;1.21317;5;T;True;1
1621216880000;14094536;1.21314;1.2132;1.21317;1;T;True;1
1621216881000;14094540;1.21316;1.21322;1.21319;3;T;True;1
1621216882000;14094543;1.21316;1.21322;1.21319;2;T;True;1
1621216883000;14094549;1.21314;1.2132;1.21317;5;T;True;1
1621216884000;14094557;1.21314;1.2132;1.21317;7;T;True;1
1621216885000;14094563;1.21315;1.21321;1.21318;5;T;True;1
1621216886000;14094564;1.21315;1.21321;1.21318;0;T;True;1
1621216887000;14094565;1.21315;1.21321;1.21318;0;T;True;1
1621216888000;14094566;1.21315;1.21321;1.21318;0;T;True;1
1621216889000;14094572;1.21314;1.2132;1.21317;5;T;True;1
1621216890000;14094574;1.21315;1.21321;1.21318;1;T;True;1
1621216891000;14094583;1.21314;1.2132;1.21317;8;T;True;1
1621216892000;14094586;1.21314;1.2132;1.21317;2;T;True;1
1621216893000;14094594;1.21316;1.21322;1.21319;7;T;True;1
1621216894000;14094597;1.21316;1.21322;1.21319;2;T;True;1
1621216895000;14094602;1.21316;1.21322;1.21319;4;T;True;1
1621216896000;14094609;1.21316;1.21322;1.21319;6;T;True;1
1621216897000;14094610;1.21316;1.21322;1.21319;0;T;True;1
1621216898000;14094611;1.21316;1.21322;1.21319;0;T;True;1
1621216899000;14094612;1.21316;1.21322;1.21319;0;T;True;1
1621216900000;14094617;1.21318;1.21324;1.21321;4;T;True;1
1621216901000;14094621;1.21318;1.21324;1.21321;3;T;True;1
1621216902000;14094626;1.21318;1.21324;1.21321;4;T;True;1
1621216903000;14094632;1.21318;1.21324;1.21321;5;T;True;1
1621216904000;14094637;1.21318;1.21324;1.21321;4;T;True;1
1621216905000;14094638;1.21318;1.21324;1.21321;0;T;True;1
1621216906000;14094641;1.21318;1.21324;1.21321;2;T;True;1
1621216907000;14094645;1.21318;1.21324;1.21321;3;T;True;1
1621216908000;14094648;1.21317;1.21323;1.2132;2;T;True;1
1621216909000;14094649;1.21317;1.21323;1.2132;0;T;True;1
1621216910000;14094651;1.21317;1.21323;1.2132;1;T;True;1
1621216911000;14094659;1.2132;1.21326;1.21323;7;T;True;1
1621216912000;14094661;1.2132;1.21326;1.21323;1;T;True;1
1621216913000;14094662;1.2132;1.21326;1.21323;0;T;True;1
1621216914000;14094666;1.21321;1.21327;1.21324;3;T;True;1
1621216915000;14094669;1.21322;1.21328;1.21325;2;T;True;1
1621216916000;14094670;1.21322;1.21328;1.21325;0;T;True;1
1621216917000;14094671;1.21322;1.21328;1.21325;0;T;True;1
1621216918000;14094672;1.21322;1.21328;1.21325;0;T;True;1
1621216919000;14094673;1.21322;1.21328;1.21325;0;T;True;1
1621216920000;14094675;1.21324;1.2133;1.21327;1;T;True;1
1621216921000;14094676;1.21324;1.2133;1.21327;0;T;True;1
1621216922000;14094677;1.21324;1.2133;1.21327;0;T;True;1
1621216923000;14094678;1.21324;1.2133;1.21327;0;T;True;1
1621216924000;14094679;1.21324;1.2133;1.21327;0;T;True;1
1621216925000;14094680;1.21324;1.2133;1.21327;0;T;True;1
1621216926000;14094683;1.21324;1.2133;1.21327;2;T;True;1
1621216927000;14094688;1.21324;1.2133;1.21327;4;T;True;1
1621216928000;14094689;1.21324;1.2133;1.21327;0;T;True;1
1621216929000;14094690;1.21324;1.2133;1.21327;0;T;True;1
1621216930000;14094691;1.21324;1.2133;1.21327;0;T;True;1
1621216931000;14094692;1.21324;1.2133;1.21327;0;T;True;1
1621216932000;14094694;1.21325;1.21331;1.21328;1;T;True;1
1621216933000;14094695;1.21325;1.21331;1.21328;0;T;True;1
1621216934000;14094698;1.21328;1.21334;1.21331;2;T;True;1
1621216935000;14094703;1.2133;1.21336;1.21333;4;T;True;1
1621216936000;14094706;1.21329;1.21335;1.21332;2;T;True;1
1621216937000;14094707;1.21329;1.21335;1.21332;0;T;True;1
1621216938000;14094708;1.21329;1.21335;1.21332;0;T;True;1
1621216939000;14094709;1.21329;1.21335;1.21332;0;T;True;1
1621216940000;14094711;1.21329;1.21335;1.21332;1;T;True;1
1621216941000;14094713;1.2133;1.21336;1.21333;1;T;True;1
1621216942000;14094715;1.21329;1.21335;1.21332;1;T;True;1
1621216943000;14094717;1.2133;1.21336;1.21333;1;T;True;1
1621216944000;14094718;1.2133;1.21336;1.21333;0;T;True;1
1621216945000;14094719;1.2133;1.21336;1.21333;0;T;True;1
1621216946000;14094720;1.2133;1.21336;1.21333;0;T;True;1
1621216947000;14094724;1.21331;1.21337;1.21334;3;T;True;1
1621216948000;14094725;1.21331;1.21337;1.21334;0;T;True;1
1621216949000;14094726;1.21331;1.21337;1.21334;0;T;True;1
1621216950000;14094730;1.2133;1.21336;1.21333;3;T;True;1
1621216951000;14094734;1.2133;1.21336;1.21333;3;T;True;1
1621216952000;14094736;1.21329;1.21335;1.21332;1;T;True;1
1621216953000;14094739;1.21329;1.21335;1.21332;2;T;True;1
1621216954000;14094743;1.2133;1.21336;1.21333;3;T;True;1
1621216955000;14094745;1.21329;1.21335;1.21332;1;T;True;1
1621216956000;14094746;1.21329;1.21335;1.21332;0;T;True;1
1621216957000;14094747;1.21329;1.21335;1.21332;0;T;True;1
1621216958000;14094749;1.21329;1.21335;1.21332;1;T;True;1
1621216959000;14094752;1.2133;1.21336;1.21333;2;T;True;1
1621216960000;14094755;1.21331;1.21337;1.21334;2;T;True;1
1621216961000;14094756;1.21331;1.21337;1.21334;0;T;True;1
1621216962000;14094757;1.21331;1.21337;1.21334;0;T;True;1
1621216963000;14094758;1.21331;1.21337;1.21334;0;T;True;1
1621216964000;14094764;1.21331;1.21337;1.21334;5;T;True;1
1621216965000;14094765;1.21331;1.21337;1.21334;0;T;True;1
1621216966000;14094770;1.2133;1.21336;1.21333;4;T;True;1
1621216967000;14094776;1.21329;1.21335;1.21332;5;T;True;1
1621216968000;14094779;1.21329;1.21335;1.21332;2;T;True;1
1621216969000;14094784;1.21327;1.21333;1.2133;4;T;True;1
1621216970000;14094786;1.21326;1.21332;1.21329;1;T;True;1
1621216971000;14094788;1.21327;1.21333;1.2133;1;T;True;1
1621216972000;14094790;1.21328;1.21334;1.21331;1;T;True;1
1621216973000;14094791;1.21328;1.21334;1.21331;0;T;True;1
1621216974000;14094792;1.21328;1.21334;1.21331;0;T;True;1
1621216975000;14094796;1.2133;1.21336;1.21333;3;T;True;1
1621216976000;14094798;1.21331;1.21337;1.21334;1;T;True;1
1621216977000;14094799;1.21331;1.21337;1.21334;0;T;True;1
1621216978000;14094801;1.2133;1.21336;1.21333;1;T;True;1
1621216979000;14094804;1.2133;1.21336;1.21333;2;T;True;1
1621216980000;14094809;1.2133;1.21336;1.21333;4;T;True;1
1621216981000;14094813;1.2133;1.21336;1.21333;3;T;True;1
1621216982000;14094815;1.21329;1.21335;1.21332;1;T;True;1
1621216983000;14094817;1.21328;1.21334;1.21331;1;T;True;1
1621216984000;14094819;1.21329;1.21335;1.21332;1;T;True;1
1621216985000;14094820;1.21329;1.21335;1.21332;0;T;True;1
1621216986000;14094824;1.21329;1.21335;1.21332;3;T;True;1
1621216987000;14094825;1.21329;1.21335;1.21332;0;T;True;1
1621216988000;14094827;1.21328;1.21334;1.21331;1;T;True;1
1621216989000;14094829;1.21328;1.21334;1.21331;1;T;True;1
1621216990000;14094830;1.21328;1.21334;1.21331;0;T;True;1
1621216991000;14094831;1.21328;1.21334;1.21331;0;T;True;1
1621216992000;14094835;1.2133;1.21336;1.21333;3;T;True;1
1621216993000;14094839;1.21328;1.21334;1.21331;3;T;True;1
1621216994000;14094844;1.2133;1.21336;1.21333;4;T;True;1
1621216995000;14094846;1.2133;1.21336;1.21333;1;T;True;1
1621216996000;14094849;1.2133;1.21336;1.21333;2;T;True;1
1621216997000;14094853;1.21332;1.21338;1.21335;3;T;True;1
1621216998000;14094854;1.21332;1.21338;1.21335;0;T;True;1
1621216999000;14094855;1.21332;1.21338;1.21335;0;T;True;1
1621217000000;14094856;1.21332;1.21338;1.21335;0;T;True;1
1621217001000;14094857;1.21332;1.21338;1.21335;0;T;True;1
1621217002000;14094860;1.21332;1.21338;1.21335;2;T;True;1
1621217003000;14094862;1.21332;1.21338;1.21335;1;T;True;1
1621217004000;14094863;1.21332;1.21338;1.21335;0;T;True;1
1621217005000;14094864;1.21332;1.21338;1.21335;0;T;True;1
1621217006000;14094865;1.21332;1.21338;1.21335;0;T;True;1
1621217007000;14094866;1.21332;1.21338;1.21335;0;T;True;1
1621217008000;14094867;1.21332;1.21338;1.21335;0;T;True;1
1621217009000;14094869;1.21332;1.21338;1.21335;1;T;True;1
1621217010000;14094870;1.21332;1.21338;1.21335;0;T;True;1
1621217011000;14094874;1.2133;1.21336;1.21333;3;T;True;1
1621217012000;14094875;1.2133;1.21336;1.21333;0;T;True;1
1621217013000;14094879;1.2133;1.21336;1.21333;3;T;True;1
1621217014000;14094881;1.21331;1.21337;1.21334;1;T;True;1
1621217015000;14094882;1.21331;1.21337;1.21334;0;T;True;1
1621217016000;14094883;1.21331;1.21337;1.21334;0;T;True;1
1621217017000;14094885;1.21331;1.21337;1.21334;1;T;True;1
1621217018000;14094886;1.21331;1.21337;1.21334;0;T;True;1
1621217019000;14094887;1.21331;1.21337;1.21334;0;T;True;1
1621217020000;14094888;1.21331;1.21337;1.21334;0;T;True;1
1621217021000;14094889;1.21331;1.21337;1.21334;0;T;True;1
1621217022000;14094890;1.21331;1.21337;1.21334;0;T;True;1
1621217023000;14094891;1.21331;1.21337;1.21334;0;T;True;1
1621217024000;14094894;1.2133;1.21336;1.21333;2;T;True;1
1621217025000;14094895;1.2133;1.21336;1.21333;0;T;True;1
1621217026000;14094896;1.2133;1.21336;1.21333;0;T;True;1
1621217027000;14094897;1.2133;1.21336;1.21333;0;T;True;1
1621217028000;14094898;1.2133;1.21336;1.21333;0;T;True;1
1621217029000;14094899;1.2133;1.21336;1.21333;0;T;True;1
1621217030000;14094900;1.2133;1.21336;1.21333;0;T;True;1
1621217031000;14094901;1.2133;1.21336;1.21333;0;T;True;1
1621217032000;14094902;1.2133;1.21336;1.21333;0;T;True;1
1621217033000;14094903;1.2133;1.21336;1.21333;0;T;True;1
1621217034000;14094904;1.2133;1.21336;1.21333;0;T;True;1
1621217035000;14094905;1.2133;1.21336;1.21333;0;T;True;1
1621217036000;14094906;1.2133;1.21336;1.21333;0;T;True;1
1621217037000;14094907;1.2133;1.21336;1.21333;0;T;True;1
1621217038000;14094908;1.2133;1.21336;1.21333;0;T;True;1
1621217039000;14094909;1.2133;1.21336;1.21333;0;T;True;1
1621217040000;14094910;1.2133;1.21336;1.21333;0;T;True;1
1621217041000;14094911;1.2133;1.21336;1.21333;0;T;True;1
1621217042000;14094912;1.2133;1.21336;1.21333;0;T;True;1
1621217043000;14094913;1.2133;1.21336;1.21333;0;T;True;1
1621217044000;14094914;1.2133;1.21336;1.21333;0;T;True;1
1621217045000;14094917;1.21331;1.21337;1.21334;2;T;True;1
1621217046000;14094919;1.21331;1.21337;1.21334;1;T;True;1
1621217047000;14094920;1.21331;1.21337;1.21334;0;T;True;1
1621217048000;14094922;1.21332;1.21338;1.21335;1;T;True;1
1621217049000;14094923;1.21332;1.21338;1.21335;0;T;True;1
1621217050000;14094925;1.21332;1.21338;1.21335;1;T;True;1
1621217051000;14094926;1.21332;1.21338;1.21335;0;T;True;1
1621217052000;14094927;1.21332;1.21338;1.21335;0;T;True;1
1621217053000;14094929;1.21332;1.21338;1.21335;1;T;True;1
1621217054000;14094930;1.21332;1.21338;1.21335;0;T;True;1
1621217055000;14094933;1.21332;1.21338;1.21335;2;T;True;1
1621217056000;14094935;1.21332;1.21338;1.21335;1;T;True;1
1621217057000;14094938;1.21332;1.21338;1.21335;2;T;True;1
1621217058000;14094939;1.21332;1.21338;1.21335;0;T;True;1
1621217059000;14094940;1.21332;1.21338;1.21335;0;T;True;1
1621217060000;14094941;1.21332;1.21338;1.21335;0;T;True;1
1621217061000;14094944;1.21332;1.21338;1.21335;2;T;True;1
1621217062000;14094945;1.21332;1.21338;1.21335;0;T;True;1
1621217063000;14094947;1.21332;1.21338;1.21335;1;T;True;1
1621217064000;14094948;1.21332;1.21338;1.21335;0;T;True;1
1621217065000;14094949;1.21332;1.21338;1.21335;0;T;True;1
1621217066000;14094956;1.21332;1.21338;1.21335;6;T;True;1
1621217067000;14094959;1.21332;1.21338;1.21335;2;T;True;1
1621217068000;14094960;1.21332;1.21338;1.21335;0;T;True;1
1621217069000;14094961;1.21332;1.21338;1.21335;0;T;True;1
1621217070000;14094963;1.21332;1.21338;1.21335;1;T;True;1
1621217071000;14094965;1.21332;1.21338;1.21335;1;T;True;1
1621217072000;14094966;1.21332;1.21338;1.21335;0;T;True;1
1621217073000;14094967;1.21332;1.21338;1.21335;0;T;True;1
1621217074000;14094968;1.21332;1.21338;1.21335;0;T;True;1
1621217075000;14094969;1.21332;1.21338;1.21335;0;T;True;1
1621217076000;14094971;1.21332;1.21338;1.21335;1;T;True;1
1621217077000;14094972;1.21332;1.21338;1.21335;0;T;True;1
1621217078000;14094973;1.21332;1.21338;1.21335;0;T;True;1
1621217079000;14094974;1.21332;1.21338;1.21335;0;T;True;1
1621217080000;14094975;1.21332;1.21338;1.21335;0;T;True;1
1621217081000;14094976;1.21332;1.21338;1.21335;0;T;True;1
1621217082000;14094977;1.21332;1.21338;1.21335;0;T;True;1
1621217083000;14094980;1.21332;1.21338;1.21335;2;T;True;1
1621217084000;14094981;1.21332;1.21338;1.21335;0;T;True;1
1621217085000;14094984;1.2133;1.21336;1.21333;2;T;True;1
1621217086000;14094988;1.21329;1.21335;1.21332;3;T;True;1
1621217087000;14094989;1.21329;1.21335;1.21332;0;T;True;1
1621217088000;14094994;1.21324;1.2133;1.21327;4;T;True;1
1621217089000;14094995;1.21324;1.2133;1.21327;0;T;True;1
1621217090000;14094996;1.21324;1.2133;1.21327;0;T;True;1
1621217091000;14094998;1.21323;1.21329;1.21326;1;T;True;1
1621217092000;14095000;1.21322;1.21328;1.21325;1;T;True;1
1621217093000;14095001;1.21322;1.21328;1.21325;0;T;True;1
1621217094000;14095002;1.21322;1.21328;1.21325;0;T;True;1
1621217095000;14095003;1.21322;1.21328;1.21325;0;T;True;1
1621217096000;14095011;1.21329;1.21335;1.21332;7;T;True;1
1621217097000;14095013;1.2133;1.21336;1.21333;1;T;True;1
1621217098000;14095014;1.2133;1.21336;1.21333;0;T;True;1
1621217099000;14095017;1.2133;1.21336;1.21333;2;T;True;1
1621217100000;14095021;1.2133;1.21336;1.21333;3;T;True;1
1621217101000;14095024;1.2133;1.21336;1.21333;2;T;True;1
1621217102000;14095026;1.2133;1.21336;1.21333;1;T;True;1
1621217103000;14095027;1.2133;1.21336;1.21333;0;T;True;1
1621217104000;14095028;1.2133;1.21336;1.21333;0;T;True;1
1621217105000;14095031;1.21331;1.21337;1.21334;2;T;True;1
1621217106000;14095037;1.21328;1.21334;1.21331;5;T;True;1
1621217107000;14095042;1.21328;1.21334;1.21331;4;T;True;1
1621217108000;14095049;1.21328;1.21334;1.21331;6;T;True;1
1621217109000;14095050;1.21328;1.21334;1.21331;0;T;True;1
1621217110000;14095055;1.21326;1.21332;1.21329;4;T;True;1
1621217111000;14095056;1.21326;1.21332;1.21329;0;T;True;1
1621217112000;14095058;1.21326;1.21332;1.21329;1;T;True;1
1621217113000;14095060;1.21327;1.21333;1.2133;1;T;True;1
1621217114000;14095063;1.21327;1.21333;1.2133;2;T;True;1
1621217115000;14095065;1.21327;1.21333;1.2133;1;T;True;1
1621217116000;14095067;1.21327;1.21333;1.2133;1;T;True;1
1621217117000;14095076;1.21322;1.21328;1.21325;8;T;True;1
1621217118000;14095078;1.21322;1.21328;1.21325;1;T;True;1
1621217119000;14095084;1.21322;1.21328;1.21325;5;T;True;1
1621217120000;14095085;1.21322;1.21328;1.21325;0;T;True;1
1621217121000;14095090;1.21324;1.2133;1.21327;4;T;True;1
1621217122000;14095093;1.21326;1.21332;1.21329;2;T;True;1
1621217123000;14095094;1.21326;1.21332;1.21329;0;T;True;1
1621217124000;14095095;1.21326;1.21332;1.21329;0;T;True;1
1621217125000;14095096;1.21326;1.21332;1.21329;0;T;True;1
1621217126000;14095097;1.21326;1.21332;1.21329;0;T;True;1
1621217127000;14095098;1.21326;1.21332;1.21329;0;T;True;1
1621217128000;14095099;1.21326;1.21332;1.21329;0;T;True;1
1621217129000;14095101;1.21325;1.21331;1.21328;1;T;True;1
1621217130000;14095103;1.21324;1.2133;1.21327;1;T;True;1
1621217131000;14095109;1.21328;1.21334;1.21331;5;T;True;1
1621217132000;14095115;1.21332;1.21338;1.21335;5;T;True;1
1621217133000;14095116;1.21332;1.21338;1.21335;0;T;True;1
1621217134000;14095117;1.21332;1.21338;1.21335;0;T;True;1
1621217135000;14095120;1.21331;1.21337;1.21334;2;T;True;1
1621217136000;14095121;1.21331;1.21337;1.21334;0;T;True;1
1621217137000;14095122;1.21331;1.21337;1.21334;0;T;True;1
1621217138000;14095123;1.21331;1.21337;1.21334;0;T;True;1
1621217139000;14095124;1.21331;1.21337;1.21334;0;T;True;1
1621217140000;14095126;1.2133;1.21336;1.21333;1;T;True;1
1621217141000;14095128;1.21329;1.21335;1.21332;1;T;True;1
1621217142000;14095130;1.21328;1.21334;1.21331;1;T;True;1
1621217143000;14095131;1.21328;1.21334;1.21331;0;T;True;1
1621217144000;14095135;1.21326;1.21332;1.21329;3;T;True;1
1621217145000;14095136;1.21326;1.21332;1.21329;0;T;True;1
1621217146000;14095137;1.21326;1.21332;1.21329;0;T;True;1
1621217147000;14095138;1.21326;1.21332;1.21329;0;T;True;1
1621217148000;14095139;1.21326;1.21332;1.21329;0;T;True;1
1621217149000;14095140;1.21326;1.21332;1.21329;0;T;True;1
1621217150000;14095141;1.21326;1.21332;1.21329;0;T;True;1
1621217151000;14095145;1.21328;1.21334;1.21331;3;T;True;1
1621217152000;14095150;1.21328;1.21334;1.21331;4;T;True;1
1621217153000;14095152;1.21328;1.21334;1.21331;1;T;True;1
1621217154000;14095153;1.21328;1.21334;1.21331;0;T;True;1
1621217155000;14095155;1.21327;1.21333;1.2133;1;T;True;1
1621217156000;14095157;1.21326;1.21332;1.21329;1;T;True;1
1621217157000;14095158;1.21326;1.21332;1.21329;0;T;True;1
1621217158000;14095161;1.21328;1.21334;1.21331;2;T;True;1
1621217159000;14095162;1.21328;1.21334;1.21331;0;T;True;1
1621217160000;14095163;1.21328;1.21334;1.21331;0;T;True;1
1621217161000;14095165;1.21329;1.21335;1.21332;1;T;True;1
1621217162000;14095170;1.21331;1.21337;1.21334;4;T;True;1
1621217163000;14095171;1.21331;1.21337;1.21334;0;T;True;1
1621217164000;14095174;1.2133;1.21336;1.21333;2;T;True;1
1621217165000;14095176;1.2133;1.21336;1.21333;1;T;True;1
1621217166000;14095178;1.21328;1.21334;1.21331;1;T;True;1
1621217167000;14095180;1.21328;1.21334;1.21331;1;T;True;1
1621217168000;14095181;1.21328;1.21334;1.21331;0;T;True;1
1621217169000;14095182;1.21328;1.21334;1.21331;0;T;True;1
1621217170000;14095183;1.21328;1.21334;1.21331;0;T;True;1
1621217171000;14095185;1.21329;1.21335;1.21332;1;T;True;1
1621217172000;14095188;1.21332;1.21338;1.21335;2;T;True;1
1621217173000;14095189;1.21332;1.21338;1.21335;0;T;True;1
1621217174000;14095190;1.21332;1.21338;1.21335;0;T;True;1
1621217175000;14095192;1.21332;1.21338;1.21335;1;T;True;1
1621217176000;14095194;1.21332;1.21338;1.21335;1;T;True;1
1621217177000;14095195;1.21332;1.21338;1.21335;0;T;True;1
1621217178000;14095198;1.21332;1.21338;1.21335;2;T;True;1
1621217179000;14095199;1.21332;1.21338;1.21335;0;T;True;1
1621217180000;14095200;1.21332;1.21338;1.21335;0;T;True;1
1621217181000;14095201;1.21332;1.21338;1.21335;0;T;True;1
1621217182000;14095206;1.21327;1.21333;1.2133;4;T;True;1
1621217183000;14095208;1.21326;1.21332;1.21329;1;T;True;1
1621217184000;14095209;1.21326;1.21332;1.21329;0;T;True;1
1621217185000;14095210;1.21326;1.21332;1.21329;0;T;True;1
1621217186000;14095211;1.21326;1.21332;1.21329;0;T;True;1
1621217187000;14095212;1.21326;1.21332;1.21329;0;T;True;1
1621217188000;14095213;1.21326;1.21332;1.21329;0;T;True;1
1621217189000;14095214;1.21326;1.21332;1.21329;0;T;True;1
1621217190000;14095215;1.21326;1.21332;1.21329;0;T;True;1
1621217191000;14095216;1.21326;1.21332;1.21329;0;T;True;1
1621217192000;14095217;1.21326;1.21332;1.21329;0;T;True;1
1621217193000;14095219;1.21326;1.21332;1.21329;1;T;True;1
1621217194000;14095221;1.21326;1.21332;1.21329;1;T;True;1
1621217195000;14095224;1.21324;1.2133;1.21327;2;T;True;1
1621217196000;14095226;1.21323;1.21329;1.21326;1;T;True;1
1621217197000;14095227;1.21323;1.21329;1.21326;0;T;True;1
1621217198000;14095234;1.21323;1.21329;1.21326;6;T;True;1
1621217199000;14095235;1.21323;1.21329;1.21326;0;T;True;1
1621217200000;14095237;1.21323;1.21329;1.21326;1;T;True;1
1621217201000;14095238;1.21323;1.21329;1.21326;0;T;True;1
1621217202000;14095240;1.21324;1.2133;1.21327;1;T;True;1
1621217203000;14095243;1.21326;1.21332;1.21329;2;T;True;1
1621217204000;14095245;1.21326;1.21332;1.21329;1;T;True;1
1621217205000;14095246;1.21326;1.21332;1.21329;0;T;True;1
1621217206000;14095247;1.21326;1.21332;1.21329;0;T;True;1
1621217207000;14095248;1.21326;1.21332;1.21329;0;T;True;1
1621217208000;14095249;1.21326;1.21332;1.21329;0;T;True;1
1621217209000;14095250;1.21326;1.21332;1.21329;0;T;True;1
1621217210000;14095251;1.21326;1.21332;1.21329;0;T;True;1
1621217211000;14095252;1.21326;1.21332;1.21329;0;T;True;1
1621217212000;14095253;1.21326;1.21332;1.21329;0;T;True;1
1621217213000;14095254;1.21326;1.21332;1.21329;0;T;True;1
1621217214000;14095258;1.21328;1.21334;1.21331;3;T;True;1
1621217215000;14095260;1.21328;1.21334;1.21331;1;T;True;1
1621217216000;14095261;1.21328;1.21334;1.21331;0;T;True;1
1621217217000;14095265;1.21327;1.21333;1.2133;3;T;True;1
1621217218000;14095266;1.21327;1.21333;1.2133;0;T;True;1
1621217219000;14095270;1.21327;1.21333;1.2133;3;T;True;1
1621217220000;14095272;1.21328;1.21334;1.21331;1;T;True;1
1621217221000;14095274;1.21328;1.21334;1.21331;1;T;True;1
1621217222000;14095275;1.21328;1.21334;1.21331;0;T;True;1
1621217223000;14095280;1.21329;1.21335;1.21332;4;T;True;1
1621217224000;14095283;1.21329;1.21335;1.21332;2;T;True;1
1621217225000;14095284;1.21329;1.21335;1.21332;0;T;True;1
1621217226000;14095285;1.21329;1.21335;1.21332;0;T;True;1
1621217227000;14095286;1.21329;1.21335;1.21332;0;T;True;1
1621217228000;14095290;1.21332;1.21338;1.21335;3;T;True;1
1621217229000;14095292;1.21332;1.21338;1.21335;1;T;True;1
1621217230000;14095294;1.21332;1.21338;1.21335;1;T;True;1
1621217231000;14095296;1.21331;1.21337;1.21334;1;T;True;1
1621217232000;14095297;1.21331;1.21337;1.21334;0;T;True;1
1621217233000;14095298;1.21331;1.21337;1.21334;0;T;True;1
1621217234000;14095299;1.21331;1.21337;1.21334;0;T;True;1
1621217235000;14095300;1.21331;1.21337;1.21334;0;T;True;1
1621217236000;14095302;1.21332;1.21338;1.21335;1;T;True;1
1621217237000;14095304;1.21332;1.21338;1.21335;1;T;True;1
1621217238000;14095306;1.21332;1.21338;1.21335;1;T;True;1
1621217239000;14095307;1.21332;1.21338;1.21335;0;T;True;1
1621217240000;14095309;1.21331;1.21337;1.21334;1;T;True;1
1621217241000;14095312;1.21332;1.21338;1.21335;2;T;True;1
1621217242000;14095313;1.21332;1.21338;1.21335;0;T;True;1
1621217243000;14095314;1.21332;1.21338;1.21335;0;T;True;1
1621217244000;14095315;1.21332;1.21338;1.21335;0;T;True;1
1621217245000;14095316;1.21332;1.21338;1.21335;0;T;True;1
1621217246000;14095319;1.21332;1.21338;1.21335;2;T;True;1
1621217247000;14095321;1.21332;1.21338;1.21335;1;T;True;1
1621217248000;14095322;1.21332;1.21338;1.21335;0;T;True;1
1621217249000;14095325;1.21332;1.21338;1.21335;2;T;True;1
1621217250000;14095326;1.21332;1.21338;1.21335;0;T;True;1
1621217251000;14095327;1.21332;1.21338;1.21335;0;T;True;1
1621217252000;14095333;1.21328;1.21334;1.21331;5;T;True;1
1621217253000;14095334;1.21328;1.21334;1.21331;0;T;True;1
1621217254000;14095338;1.21324;1.2133;1.21327;3;T;True;1
1621217255000;14095339;1.21324;1.2133;1.21327;0;T;True;1
1621217256000;14095341;1.21323;1.21329;1.21326;1;T;True;1
1621217257000;14095348;1.21323;1.21329;1.21326;6;T;True;1
1621217258000;14095349;1.21323;1.21329;1.21326;0;T;True;1
1621217259000;14095352;1.21323;1.21329;1.21326;2;T;True;1
1621217260000;14095353;1.21323;1.21329;1.21326;0;T;True;1
1621217261000;14095355;1.21322;1.21328;1.21325;1;T;True;1
1621217262000;14095356;1.21322;1.21328;1.21325;0;T;True;1
1621217263000;14095357;1.21322;1.21328;1.21325;0;T;True;1
1621217264000;14095358;1.21322;1.21328;1.21325;0;T;True;1
1621217265000;14095359;1.21322;1.21328;1.21325;0;T;True;1
1621217266000;14095360;1.21322;1.21328;1.21325;0;T;True;1
1621217267000;14095361;1.21322;1.21328;1.21325;0;T;True;1
1621217268000;14095363;1.21322;1.21328;1.21325;1;T;True;1
1621217269000;14095365;1.21322;1.21328;1.21325;1;T;True;1
1621217270000;14095366;1.21322;1.21328;1.21325;0;T;True;1
1621217271000;14095368;1.21322;1.21328;1.21325;1;T;True;1
1621217272000;14095373;1.21322;1.21328;1.21325;4;T;True;1
1621217273000;14095374;1.21322;1.21328;1.21325;0;T;True;1
1621217274000;14095375;1.21322;1.21328;1.21325;0;T;True;1
1621217275000;14095376;1.21322;1.21328;1.21325;0;T;True;1
1621217276000;14095377;1.21322;1.21328;1.21325;0;T;True;1
1621217277000;14095378;1.21322;1.21328;1.21325;0;T;True;1
1621217278000;14095379;1.21322;1.21328;1.21325;0;T;True;1
1621217279000;14095380;1.21322;1.21328;1.21325;0;T;True;1
1621217280000;14095381;1.21322;1.21328;1.21325;0;T;True;1
1621217281000;14095382;1.21322;1.21328;1.21325;0;T;True;1
1621217282000;14095383;1.21322;1.21328;1.21325;0;T;True;1
1621217283000;14095385;1.21323;1.21329;1.21326;1;T;True;1
1621217284000;14095386;1.21323;1.21329;1.21326;0;T;True;1
1621217285000;14095387;1.21323;1.21329;1.21326;0;T;True;1
1621217286000;14095388;1.21323;1.21329;1.21326;0;T;True;1
1621217287000;14095393;1.21324;1.2133;1.21327;4;T;True;1
1621217288000;14095394;1.21324;1.2133;1.21327;0;T;True;1
1621217289000;14095397;1.21323;1.21329;1.21326;2;T;True;1
1621217290000;14095398;1.21323;1.21329;1.21326;0;T;True;1
1621217291000;14095399;1.21323;1.21329;1.21326;0;T;True;1
1621217292000;14095403;1.2132;1.21326;1.21323;3;T;True;1
1621217293000;14095407;1.21318;1.21324;1.21321;3;T;True;1
1621217294000;14095408;1.21318;1.21324;1.21321;0;T;True;1
1621217295000;14095409;1.21318;1.21324;1.21321;0;T;True;1
1621217296000;14095410;1.21318;1.21324;1.21321;0;T;True;1
1621217297000;14095411;1.21318;1.21324;1.21321;0;T;True;1
1621217298000;14095413;1.21318;1.21324;1.21321;1;T;True;1
1621217299000;14095414;1.21318;1.21324;1.21321;0;T;True;1
1621217300000;14095415;1.21318;1.21324;1.21321;0;T;True;1
1621217301000;14095419;1.21318;1.21324;1.21321;3;T;True;1
1621217302000;14095420;1.21318;1.21324;1.21321;0;T;True;1
1621217303000;14095422;1.21318;1.21324;1.21321;1;T;True;1
1621217304000;14095424;1.21318;1.21324;1.21321;1;T;True;1
1621217305000;14095425;1.21318;1.21324;1.21321;0;T;True;1
1621217306000;14095426;1.21318;1.21324;1.21321;0;T;True;1
1621217307000;14095427;1.21318;1.21324;1.21321;0;T;True;1
1621217308000;14095438;1.21322;1.21328;1.21325;10;T;True;1
1621217309000;14095441;1.21322;1.21328;1.21325;2;T;True;1
1621217310000;14095442;1.21322;1.21328;1.21325;0;T;True;1
1621217311000;14095443;1.21322;1.21328;1.21325;0;T;True;1
1621217312000;14095444;1.21322;1.21328;1.21325;0;T;True;1
1621217313000;14095446;1.21322;1.21328;1.21325;1;T;True;1
1621217314000;14095447;1.21322;1.21328;1.21325;0;T;True;1
1621217315000;14095448;1.21322;1.21328;1.21325;0;T;True;1
1621217316000;14095450;1.21322;1.21328;1.21325;1;T;True;1
1621217317000;14095454;1.21323;1.21329;1.21326;3;T;True;1
1621217318000;14095460;1.2132;1.21326;1.21323;5;T;True;1
1621217319000;14095461;1.2132;1.21326;1.21323;0;T;True;1
1621217320000;14095462;1.2132;1.21326;1.21323;0;T;True;1
1621217321000;14095463;1.2132;1.21326;1.21323;0;T;True;1
1621217322000;14095466;1.21319;1.21325;1.21322;2;T;True;1
1621217323000;14095467;1.21319;1.21325;1.21322;0;T;True;1
1621217324000;14095468;1.21319;1.21325;1.21322;0;T;True;1
1621217325000;14095469;1.21319;1.21325;1.21322;0;T;True;1
1621217326000;14095470;1.21319;1.21325;1.21322;0;T;True;1
1621217327000;14095471;1.21319;1.21325;1.21322;0;T;True;1
1621217328000;14095472;1.21319;1.21325;1.21322;0;T;True;1
1621217329000;14095474;1.21319;1.21325;1.21322;1;T;True;1
1621217330000;14095477;1.21319;1.21325;1.21322;2;T;True;1
1621217331000;14095478;1.21319;1.21325;1.21322;0;T;True;1
1621217332000;14095479;1.21319;1.21325;1.21322;0;T;True;1
1621217333000;14095480;1.21319;1.21325;1.21322;0;T;True;1
1621217334000;14095487;1.21319;1.21325;1.21322;6;T;True;1
1621217335000;14095488;1.21319;1.21325;1.21322;0;T;True;1
1621217336000;14095490;1.21319;1.21325;1.21322;1;T;True;1
1621217337000;14095491;1.21319;1.21325;1.21322;0;T;True;1
1621217338000;14095493;1.21319;1.21325;1.21322;1;T;True;1
1621217339000;14095495;1.21319;1.21325;1.21322;1;T;True;1
1621217340000;14095498;1.2132;1.21326;1.21323;2;T;True;1
1621217341000;14095499;1.2132;1.21326;1.21323;0;T;True;1
1621217342000;14095500;1.2132;1.21326;1.21323;0;T;True;1
1621217343000;14095501;1.2132;1.21326;1.21323;0;T;True;1
1621217344000;14095503;1.21318;1.21324;1.21321;1;T;True;1
1621217345000;14095504;1.21318;1.21324;1.21321;0;T;True;1
1621217346000;14095505;1.21318;1.21324;1.21321;0;T;True;1
1621217347000;14095506;1.21318;1.21324;1.21321;0;T;True;1
1621217348000;14095507;1.21318;1.21324;1.21321;0;T;True;1
1621217349000;14095508;1.21318;1.21324;1.21321;0;T;True;1
1621217350000;14095509;1.21318;1.21324;1.21321;0;T;True;1
1621217351000;14095510;1.21318;1.21324;1.21321;0;T;True;1
1621217352000;14095511;1.21318;1.21324;1.21321;0;T;True;1
1621217353000;14095512;1.21318;1.21324;1.21321;0;T;True;1
1621217354000;14095513;1.21318;1.21324;1.21321;0;T;True;1
1621217355000;14095514;1.21318;1.21324;1.21321;0;T;True;1
1621217356000;14095518;1.21316;1.21322;1.21319;3;T;True;1
1621217357000;14095519;1.21316;1.21322;1.21319;0;T;True;1
1621217358000;14095520;1.21316;1.21322;1.21319;0;T;True;1
1621217359000;14095525;1.21314;1.2132;1.21317;4;T;True;1
1621217360000;14095526;1.21314;1.2132;1.21317;0;T;True;1
1621217361000;14095528;1.21314;1.2132;1.21317;1;T;True;1
1621217362000;14095529;1.21314;1.2132;1.21317;0;T;True;1
1621217363000;14095530;1.21314;1.2132;1.21317;0;T;True;1
1621217364000;14095531;1.21314;1.2132;1.21317;0;T;True;1
1621217365000;14095532;1.21314;1.2132;1.21317;0;T;True;1
1621217366000;14095538;1.21316;1.21322;1.21319;5;T;True;1
1621217367000;14095539;1.21316;1.21322;1.21319;0;T;True;1
1621217368000;14095544;1.21314;1.2132;1.21317;4;T;True;1
1621217369000;14095545;1.21314;1.2132;1.21317;0;T;True;1
1621217370000;14095547;1.21314;1.2132;1.21317;1;T;True;1
1621217371000;14095548;1.21314;1.2132;1.21317;0;T;True;1
1621217372000;14095549;1.21314;1.2132;1.21317;0;T;True;1
1621217373000;14095550;1.21314;1.2132;1.21317;0;T;True;1
1621217374000;14095552;1.21313;1.21319;1.21316;1;T;True;1
1621217375000;14095553;1.21313;1.21319;1.21316;0;T;True;1
1621217376000;14095555;1.21313;1.21319;1.21316;1;T;True;1
1621217377000;14095557;1.21313;1.21319;1.21316;1;T;True;1
1621217378000;14095558;1.21313;1.21319;1.21316;0;T;True;1
1621217379000;14095560;1.21313;1.21319;1.21316;1;T;True;1
1621217380000;14095562;1.21313;1.21319;1.21316;1;T;True;1
1621217381000;14095563;1.21313;1.21319;1.21316;0;T;True;1
1621217382000;14095564;1.21313;1.21319;1.21316;0;T;True;1
1621217383000;14095566;1.21313;1.21319;1.21316;1;T;True;1
1621217384000;14095567;1.21313;1.21319;1.21316;0;T;True;1
1621217385000;14095568;1.21313;1.21319;1.21316;0;T;True;1
1621217386000;14095570;1.21313;1.21319;1.21316;1;T;True;1
1621217387000;14095571;1.21313;1.21319;1.21316;0;T;True;1
1621217388000;14095575;1.21314;1.2132;1.21317;3;T;True;1
1621217389000;14095576;1.21314;1.2132;1.21317;0;T;True;1
1621217390000;14095580;1.21315;1.21321;1.21318;3;T;True;1
1621217391000;14095581;1.21315;1.21321;1.21318;0;T;True;1
1621217392000;14095582;1.21315;1.21321;1.21318;0;T;True;1
1621217393000;14095583;1.21315;1.21321;1.21318;0;T;True;1
1621217394000;14095584;1.21315;1.21321;1.21318;0;T;True;1
1621217395000;14095587;1.21315;1.21321;1.21318;2;T;True;1
1621217396000;14095588;1.21315;1.21321;1.21318;0;T;True;1
1621217397000;14095589;1.21315;1.21321;1.21318;0;T;True;1
1621217398000;14095594;1.21315;1.21321;1.21318;4;T;True;1
1621217399000;14095595;1.21315;1.21321;1.21318;0;T;True;1
1621217400000;14095596;1.21315;1.21321;1.21318;0;T;True;1
1621217401000;14095597;1.21315;1.21321;1.21318;0;T;True;1
1621217402000;14095598;1.21315;1.21321;1.21318;0;T;True;1
1621217403000;14095601;1.21315;1.21321;1.21318;2;T;True;1
1621217404000;14095607;1.21318;1.21324;1.21321;5;T;True;1
1621217405000;14095609;1.21318;1.21324;1.21321;1;T;True;1
1621217406000;14095610;1.21318;1.21324;1.21321;0;T;True;1
1621217407000;14095612;1.21318;1.21324;1.21321;1;T;True;1
1621217408000;14095614;1.21319;1.21325;1.21322;1;T;True;1
1621217409000;14095616;1.21318;1.21324;1.21321;1;T;True;1
1621217410000;14095620;1.21318;1.21324;1.21321;3;T;True;1
1621217411000;14095624;1.21319;1.21325;1.21322;3;T;True;1
1621217412000;14095629;1.2132;1.21326;1.21323;4;T;True;1
1621217413000;14095630;1.2132;1.21326;1.21323;0;T;True;1
1621217414000;14095633;1.2132;1.21326;1.21323;2;T;True;1
1621217415000;14095639;1.21318;1.21324;1.21321;5;T;True;1
1621217416000;14095640;1.21318;1.21324;1.21321;0;T;True;1
1621217417000;14095641;1.21318;1.21324;1.21321;0;T;True;1
1621217418000;14095642;1.21318;1.21324;1.21321;0;T;True;1
1621217419000;14095643;1.21318;1.21324;1.21321;0;T;True;1
1621217420000;14095647;1.21317;1.21323;1.2132;3;T;True;1
1621217421000;14095648;1.21317;1.21323;1.2132;0;T;True;1
1621217422000;14095649;1.21317;1.21323;1.2132;0;T;True;1
1621217423000;14095650;1.21317;1.21323;1.2132;0;T;True;1
1621217424000;14095651;1.21317;1.21323;1.2132;0;T;True;1
1621217425000;14095653;1.21318;1.21324;1.21321;1;T;True;1
1621217426000;14095655;1.21318;1.21324;1.21321;1;T;True;1
1621217427000;14095656;1.21318;1.21324;1.21321;0;T;True;1
1621217428000;14095657;1.21318;1.21324;1.21321;0;T;True;1
1621217429000;14095658;1.21318;1.21324;1.21321;0;T;True;1
1621217430000;14095659;1.21318;1.21324;1.21321;0;T;True;1
1621217431000;14095667;1.21324;1.2133;1.21327;7;T;True;1
1621217432000;14095669;1.21323;1.21329;1.21326;1;T;True;1
1621217433000;14095670;1.21323;1.21329;1.21326;0;T;True;1
1621217434000;14095676;1.21325;1.21331;1.21328;5;T;True;1
1621217435000;14095680;1.21325;1.21331;1.21328;3;T;True;1
1621217436000;14095685;1.21324;1.2133;1.21327;4;T;True;1
1621217437000;14095692;1.21324;1.2133;1.21327;6;T;True;1
1621217438000;14095694;1.21324;1.2133;1.21327;1;T;True;1
1621217439000;14095696;1.21324;1.2133;1.21327;1;T;True;1
1621217440000;14095700;1.21324;1.2133;1.21327;3;T;True;1
1621217441000;14095702;1.21324;1.2133;1.21327;1;T;True;1
1621217442000;14095705;1.21324;1.2133;1.21327;2;T;True;1
1621217443000;14095706;1.21324;1.2133;1.21327;0;T;True;1
1621217444000;14095708;1.21324;1.2133;1.21327;1;T;True;1
1621217445000;14095710;1.21324;1.2133;1.21327;1;T;True;1
1621217446000;14095711;1.21324;1.2133;1.21327;0;T;True;1
1621217447000;14095716;1.21323;1.21329;1.21326;4;T;True;1
1621217448000;14095721;1.21323;1.21329;1.21326;4;T;True;1
1621217449000;14095722;1.21323;1.21329;1.21326;0;T;True;1
1621217450000;14095725;1.21322;1.21328;1.21325;2;T;True;1
1621217451000;14095730;1.2132;1.21326;1.21323;4;T;True;1
1621217452000;14095731;1.2132;1.21326;1.21323;0;T;True;1
1621217453000;14095732;1.2132;1.21326;1.21323;0;T;True;1
1621217454000;14095735;1.2132;1.21326;1.21323;2;T;True;1
1621217455000;14095736;1.2132;1.21326;1.21323;0;T;True;1
1621217456000;14095737;1.2132;1.21326;1.21323;0;T;True;1
1621217457000;14095738;1.2132;1.21326;1.21323;0;T;True;1
1621217458000;14095739;1.2132;1.21326;1.21323;0;T;True;1
1621217459000;14095740;1.2132;1.21326;1.21323;0;T;True;1
1621217460000;14095741;1.2132;1.21326;1.21323;0;T;True;1
1621217461000;14095745;1.21318;1.21324;1.21321;3;T;True;1
1621217462000;14095747;1.21318;1.21324;1.21321;1;T;True;1
1621217463000;14095750;1.21318;1.21324;1.21321;2;T;True;1
1621217464000;14095752;1.21318;1.21324;1.21321;1;T;True;1
1621217465000;14095755;1.21318;1.21324;1.21321;2;T;True;1
1621217466000;14095758;1.21318;1.21324;1.21321;2;T;True;1
1621217467000;14095762;1.21318;1.21324;1.21321;3;T;True;1
1621217468000;14095763;1.21318;1.21324;1.21321;0;T;True;1
1621217469000;14095765;1.21318;1.21324;1.21321;1;T;True;1
1621217470000;14095767;1.21318;1.21324;1.21321;1;T;True;1
1621217471000;14095769;1.21318;1.21324;1.21321;1;T;True;1
1621217472000;14095771;1.21318;1.21324;1.21321;1;T;True;1
1621217473000;14095772;1.21318;1.21324;1.21321;0;T;True;1
1621217474000;14095773;1.21318;1.21324;1.21321;0;T;True;1
1621217475000;14095777;1.21317;1.21323;1.2132;3;T;True;1
1621217476000;14095780;1.21318;1.21324;1.21321;2;T;True;1
1621217477000;14095782;1.21317;1.21323;1.2132;1;T;True;1
1621217478000;14095783;1.21317;1.21323;1.2132;0;T;True;1
1621217479000;14095787;1.21319;1.21325;1.21322;3;T;True;1
1621217480000;14095788;1.21319;1.21325;1.21322;0;T;True;1
1621217481000;14095789;1.21319;1.21325;1.21322;0;T;True;1
1621217482000;14095796;1.21322;1.21328;1.21325;6;T;True;1
1621217483000;14095798;1.21322;1.21328;1.21325;1;T;True;1
1621217484000;14095799;1.21322;1.21328;1.21325;0;T;True;1
1621217485000;14095800;1.21322;1.21328;1.21325;0;T;True;1
1621217486000;14095802;1.21322;1.21328;1.21325;1;T;True;1
1621217487000;14095803;1.21322;1.21328;1.21325;0;T;True;1
1621217488000;14095808;1.21322;1.21328;1.21325;4;T;True;1
1621217489000;14095809;1.21322;1.21328;1.21325;0;T;True;1
1621217490000;14095810;1.21322;1.21328;1.21325;0;T;True;1
1621217491000;14095811;1.21322;1.21328;1.21325;0;T;True;1
1621217492000;14095812;1.21322;1.21328;1.21325;0;T;True;1
1621217493000;14095817;1.21323;1.21329;1.21326;4;T;True;1
1621217494000;14095822;1.21322;1.21328;1.21325;4;T;True;1
1621217495000;14095824;1.21322;1.21328;1.21325;1;T;True;1
1621217496000;14095825;1.21322;1.21328;1.21325;0;T;True;1
1621217497000;14095827;1.21322;1.21328;1.21325;1;T;True;1
1621217498000;14095831;1.21323;1.21329;1.21326;3;T;True;1
1621217499000;14095834;1.21323;1.21329;1.21326;2;T;True;1
1621217500000;14095836;1.21322;1.21328;1.21325;1;T;True;1
1621217501000;14095838;1.21322;1.21328;1.21325;1;T;True;1
1621217502000;14095839;1.21322;1.21328;1.21325;0;T;True;1
1621217503000;14095845;1.2132;1.21326;1.21323;5;T;True;1
1621217504000;14095846;1.2132;1.21326;1.21323;0;T;True;1
1621217505000;14095847;1.2132;1.21326;1.21323;0;T;True;1
1621217506000;14095855;1.21322;1.21328;1.21325;7;T;True;1
1621217507000;14095857;1.21322;1.21328;1.21325;1;T;True;1
1621217508000;14095858;1.21322;1.21328;1.21325;0;T;True;1
1621217509000;14095860;1.21321;1.21327;1.21324;1;T;True;1
1621217510000;14095861;1.21321;1.21327;1.21324;0;T;True;1
1621217511000;14095862;1.21321;1.21327;1.21324;0;T;True;1
1621217512000;14095863;1.21321;1.21327;1.21324;0;T;True;1
1621217513000;14095864;1.21321;1.21327;1.21324;0;T;True;1
1621217514000;14095865;1.21321;1.21327;1.21324;0;T;True;1
1621217515000;14095871;1.2132;1.21326;1.21323;5;T;True;1
1621217516000;14095872;1.2132;1.21326;1.21323;0;T;True;1
1621217517000;14095873;1.2132;1.21326;1.21323;0;T;True;1
1621217518000;14095874;1.2132;1.21326;1.21323;0;T;True;1
1621217519000;14095875;1.2132;1.21326;1.21323;0;T;True;1
1621217520000;14095879;1.21318;1.21324;1.21321;3;T;True;1
1621217521000;14095885;1.2132;1.21326;1.21323;5;T;True;1
1621217522000;14095887;1.21319;1.21325;1.21322;1;T;True;1
1621217523000;14095888;1.21319;1.21325;1.21322;0;T;True;1
1621217524000;14095890;1.21318;1.21324;1.21321;1;T;True;1
1621217525000;14095893;1.21318;1.21324;1.21321;2;T;True;1
1621217526000;14095894;1.21318;1.21324;1.21321;0;T;True;1
1621217527000;14095895;1.21318;1.21324;1.21321;0;T;True;1
1621217528000;14095898;1.2132;1.21326;1.21323;2;T;True;1
1621217529000;14095899;1.2132;1.21326;1.21323;0;T;True;1
1621217530000;14095901;1.2132;1.21326;1.21323;1;T;True;1
1621217531000;14095908;1.21322;1.21328;1.21325;6;T;True;1
1621217532000;14095909;1.21322;1.21328;1.21325;0;T;True;1
1621217533000;14095910;1.21322;1.21328;1.21325;0;T;True;1
1621217534000;14095911;1.21322;1.21328;1.21325;0;T;True;1
1621217535000;14095912;1.21322;1.21328;1.21325;0;T;True;1
1621217536000;14095913;1.21322;1.21328;1.21325;0;T;True;1
1621217537000;14095916;1.2132;1.21326;1.21323;2;T;True;1
1621217538000;14095923;1.2132;1.21326;1.21323;6;T;True;1
1621217539000;14095925;1.21318;1.21324;1.21321;1;T;True;1
1621217540000;14095927;1.21318;1.21324;1.21321;1;T;True;1
1621217541000;14095928;1.21318;1.21324;1.21321;0;T;True;1
1621217542000;14095932;1.2132;1.21326;1.21323;3;T;True;1
1621217543000;14095933;1.2132;1.21326;1.21323;0;T;True;1
1621217544000;14095934;1.2132;1.21326;1.21323;0;T;True;1
1621217545000;14095936;1.2132;1.21326;1.21323;1;T;True;1
1621217546000;14095940;1.21322;1.21328;1.21325;3;T;True;1
1621217547000;14095941;1.21322;1.21328;1.21325;0;T;True;1
1621217548000;14095943;1.21322;1.21328;1.21325;1;T;True;1
1621217549000;14095944;1.21322;1.21328;1.21325;0;T;True;1
1621217550000;14095945;1.21322;1.21328;1.21325;0;T;True;1
1621217551000;14095946;1.21322;1.21328;1.21325;0;T;True;1
1621217552000;14095947;1.21322;1.21328;1.21325;0;T;True;1
1621217553000;14095948;1.21322;1.21328;1.21325;0;T;True;1
1621217554000;14095949;1.21322;1.21328;1.21325;0;T;True;1
1621217555000;14095950;1.21322;1.21328;1.21325;0;T;True;1
1621217556000;14095956;1.21321;1.21327;1.21324;5;T;True;1
1621217557000;14095962;1.21319;1.21325;1.21322;5;T;True;1
1621217558000;14095963;1.21319;1.21325;1.21322;0;T;True;1
1621217559000;14095964;1.21319;1.21325;1.21322;0;T;True;1
1621217560000;14095965;1.21319;1.21325;1.21322;0;T;True;1
1621217561000;14095967;1.2132;1.21326;1.21323;1;T;True;1
1621217562000;14095968;1.2132;1.21326;1.21323;0;T;True;1
1621217563000;14095969;1.2132;1.21326;1.21323;0;T;True;1
1621217564000;14095970;1.2132;1.21326;1.21323;0;T;True;1
1621217565000;14095971;1.2132;1.21326;1.21323;0;T;True;1
1621217566000;14095974;1.21318;1.21324;1.21321;2;T;True;1
1621217567000;14095975;1.21318;1.21324;1.21321;0;T;True;1
1621217568000;14095976;1.21318;1.21324;1.21321;0;T;True;1
1621217569000;14095977;1.21318;1.21324;1.21321;0;T;True;1
1621217570000;14095978;1.21318;1.21324;1.21321;0;T;True;1
1621217571000;14095979;1.21318;1.21324;1.21321;0;T;True;1
1621217572000;14095980;1.21318;1.21324;1.21321;0;T;True;1
1621217573000;14095984;1.21316;1.21322;1.21319;3;T;True;1
1621217574000;14095985;1.21316;1.21322;1.21319;0;T;True;1
1621217575000;14095986;1.21316;1.21322;1.21319;0;T;True;1
1621217576000;14095987;1.21316;1.21322;1.21319;0;T;True;1
1621217577000;14095988;1.21316;1.21322;1.21319;0;T;True;1
1621217578000;14095989;1.21316;1.21322;1.21319;0;T;True;1
1621217579000;14095990;1.21316;1.21322;1.21319;0;T;True;1
1621217580000;14095992;1.21316;1.21322;1.21319;1;T;True;1
1621217581000;14095996;1.21316;1.21322;1.21319;3;T;True;1
1621217582000;14095998;1.21315;1.21321;1.21318;1;T;True;1
1621217583000;14096001;1.21316;1.21322;1.21319;2;T;True;1
1621217584000;14096003;1.21315;1.21321;1.21318;1;T;True;1
1621217585000;14096005;1.21315;1.21321;1.21318;1;T;True;1
1621217586000;14096006;1.21315;1.21321;1.21318;0;T;True;1
1621217587000;14096009;1.21316;1.21322;1.21319;2;T;True;1
1621217588000;14096010;1.21316;1.21322;1.21319;0;T;True;1
1621217589000;14096011;1.21316;1.21322;1.21319;0;T;True;1
1621217590000;14096012;1.21316;1.21322;1.21319;0;T;True;1
1621217591000;14096013;1.21316;1.21322;1.21319;0;T;True;1
1621217592000;14096014;1.21316;1.21322;1.21319;0;T;True;1
1621217593000;14096019;1.21319;1.21325;1.21322;4;T;True;1
1621217594000;14096022;1.2132;1.21326;1.21323;2;T;True;1
1621217595000;14096023;1.2132;1.21326;1.21323;0;T;True;1
1621217596000;14096027;1.21322;1.21328;1.21325;3;T;True;1
1621217597000;14096030;1.21321;1.21327;1.21324;2;T;True;1
1621217598000;14096031;1.21321;1.21327;1.21324;0;T;True;1
1621217599000;14096032;1.21321;1.21327;1.21324;0;T;True;1
1621217600000;14096033;1.21321;1.21327;1.21324;0;T;True;1
1621217601000;14096034;1.21321;1.21327;1.21324;0;T;True;1
1621217602000;14096037;1.21321;1.21327;1.21324;2;T;True;1
1621217603000;14096038;1.21321;1.21327;1.21324;0;T;True;1
1621217604000;14096040;1.21321;1.21327;1.21324;1;T;True;1
1621217605000;14096041;1.21321;1.21327;1.21324;0;T;True;1
1621217606000;14096042;1.21321;1.21327;1.21324;0;T;True;1
1621217607000;14096043;1.21321;1.21327;1.21324;0;T;True;1
1621217608000;14096044;1.21321;1.21327;1.21324;0;T;True;1
1621217609000;14096045;1.21321;1.21327;1.21324;0;T;True;1
1621217610000;14096046;1.21321;1.21327;1.21324;0;T;True;1
1621217611000;14096047;1.21321;1.21327;1.21324;0;T;True;1
1621217612000;14096048;1.21321;1.21327;1.21324;0;T;True;1
1621217613000;14096049;1.21321;1.21327;1.21324;0;T;True;1
1621217614000;14096050;1.21321;1.21327;1.21324;0;T;True;1
1621217615000;14096054;1.2132;1.21326;1.21323;3;T;True;1
1621217616000;14096055;1.2132;1.21326;1.21323;0;T;True;1
1621217617000;14096056;1.2132;1.21326;1.21323;0;T;True;1
1621217618000;14096057;1.2132;1.21326;1.21323;0;T;True;1
1621217619000;14096058;1.2132;1.21326;1.21323;0;T;True;1
1621217620000;14096059;1.2132;1.21326;1.21323;0;T;True;1
1621217621000;14096060;1.2132;1.21326;1.21323;0;T;True;1
1621217622000;14096061;1.2132;1.21326;1.21323;0;T;True;1
1621217623000;14096065;1.21319;1.21325;1.21322;3;T;True;1
1621217624000;14096071;1.21322;1.21328;1.21325;5;T;True;1
1621217625000;14096073;1.21322;1.21328;1.21325;1;T;True;1
1621217626000;14096075;1.2132;1.21326;1.21323;1;T;True;1
1621217627000;14096076;1.2132;1.21326;1.21323;0;T;True;1
1621217628000;14096077;1.2132;1.21326;1.21323;0;T;True;1
1621217629000;14096081;1.21321;1.21327;1.21324;3;T;True;1
1621217630000;14096083;1.21321;1.21327;1.21324;1;T;True;1
1621217631000;14096084;1.21321;1.21327;1.21324;0;T;True;1
1621217632000;14096086;1.21321;1.21327;1.21324;1;T;True;1
1621217633000;14096094;1.21318;1.21324;1.21321;7;T;True;1
1621217634000;14096096;1.21319;1.21325;1.21322;1;T;True;1
1621217635000;14096097;1.21319;1.21325;1.21322;0;T;True;1
1621217636000;14096100;1.21319;1.21325;1.21322;2;T;True;1
1621217637000;14096103;1.21319;1.21325;1.21322;2;T;True;1
1621217638000;14096104;1.21319;1.21325;1.21322;0;T;True;1
1621217639000;14096107;1.21318;1.21324;1.21321;2;T;True;1
1621217640000;14096110;1.21318;1.21324;1.21321;2;T;True;1
1621217641000;14096111;1.21318;1.21324;1.21321;0;T;True;1
1621217642000;14096116;1.21319;1.21325;1.21322;4;T;True;1
1621217643000;14096119;1.21318;1.21324;1.21321;2;T;True;1
1621217644000;14096120;1.21318;1.21324;1.21321;0;T;True;1
1621217645000;14096121;1.21318;1.21324;1.21321;0;T;True;1
1621217646000;14096123;1.21318;1.21324;1.21321;1;T;True;1
1621217647000;14096127;1.21318;1.21324;1.21321;3;T;True;1
1621217648000;14096128;1.21318;1.21324;1.21321;0;T;True;1
1621217649000;14096129;1.21318;1.21324;1.21321;0;T;True;1
1621217650000;14096131;1.21318;1.21324;1.21321;1;T;True;1
1621217651000;14096132;1.21318;1.21324;1.21321;0;T;True;1
1621217652000;14096133;1.21318;1.21324;1.21321;0;T;True;1
1621217653000;14096140;1.21319;1.21325;1.21322;6;T;True;1
1621217654000;14096141;1.21319;1.21325;1.21322;0;T;True;1
1621217655000;14096144;1.21318;1.21324;1.21321;2;T;True;1
1621217656000;14096145;1.21318;1.21324;1.21321;0;T;True;1
1621217657000;14096146;1.21318;1.21324;1.21321;0;T;True;1
1621217658000;14096147;1.21318;1.21324;1.21321;0;T;True;1
1621217659000;14096148;1.21318;1.21324;1.21321;0;T;True;1
1621217660000;14096150;1.21317;1.21323;1.2132;1;T;True;1
1621217661000;14096155;1.21319;1.21325;1.21322;4;T;True;1
1621217662000;14096156;1.21319;1.21325;1.21322;0;T;True;1
1621217663000;14096161;1.21317;1.21323;1.2132;4;T;True;1
1621217664000;14096162;1.21317;1.21323;1.2132;0;T;True;1
1621217665000;14096163;1.21317;1.21323;1.2132;0;T;True;1
1621217666000;14096165;1.21317;1.21323;1.2132;1;T;True;1
1621217667000;14096166;1.21317;1.21323;1.2132;0;T;True;1
1621217668000;14096167;1.21317;1.21323;1.2132;0;T;True;1
1621217669000;14096168;1.21317;1.21323;1.2132;0;T;True;1
1621217670000;14096170;1.21318;1.21324;1.21321;1;T;True;1
1621217671000;14096171;1.21318;1.21324;1.21321;0;T;True;1
1621217672000;14096174;1.21317;1.21323;1.2132;2;T;True;1
1621217673000;14096175;1.21317;1.21323;1.2132;0;T;True;1
1621217674000;14096177;1.21317;1.21323;1.2132;1;T;True;1
1621217675000;14096178;1.21317;1.21323;1.2132;0;T;True;1
1621217676000;14096180;1.21317;1.21323;1.2132;1;T;True;1
1621217677000;14096184;1.21315;1.21321;1.21318;3;T;True;1
1621217678000;14096190;1.21315;1.21321;1.21318;5;T;True;1
1621217679000;14096194;1.21314;1.2132;1.21317;3;T;True;1
1621217680000;14096199;1.21314;1.2132;1.21317;4;T;True;1
1621217681000;14096203;1.21314;1.2132;1.21317;3;T;True;1
1621217682000;14096205;1.21314;1.2132;1.21317;1;T;True;1
1621217683000;14096207;1.21313;1.21319;1.21316;1;T;True;1
1621217684000;14096213;1.21314;1.2132;1.21317;5;T;True;1
1621217685000;14096214;1.21314;1.2132;1.21317;0;T;True;1
1621217686000;14096216;1.21314;1.2132;1.21317;1;T;True;1
1621217687000;14096222;1.21314;1.2132;1.21317;5;T;True;1
1621217688000;14096227;1.21316;1.21322;1.21319;4;T;True;1
1621217689000;14096228;1.21316;1.21322;1.21319;0;T;True;1
1621217690000;14096229;1.21316;1.21322;1.21319;0;T;True;1
1621217691000;14096230;1.21316;1.21322;1.21319;0;T;True;1
1621217692000;14096235;1.21314;1.2132;1.21317;4;T;True;1
1621217693000;14096244;1.21314;1.2132;1.21317;8;T;True;1
1621217694000;14096247;1.21314;1.2132;1.21317;2;T;True;1
1621217695000;14096248;1.21314;1.2132;1.21317;0;T;True;1
1621217696000;14096251;1.21314;1.2132;1.21317;2;T;True;1
1621217697000;14096252;1.21314;1.2132;1.21317;0;T;True;1
1621217698000;14096257;1.21314;1.2132;1.21317;4;T;True;1
1621217699000;14096258;1.21314;1.2132;1.21317;0;T;True;1
1621217700000;14096260;1.21314;1.2132;1.21317;1;T;True;1
1621217701000;14096261;1.21314;1.2132;1.21317;0;T;True;1
1621217702000;14096263;1.21314;1.2132;1.21317;1;T;True;1
1621217703000;14096265;1.21314;1.2132;1.21317;1;T;True;1
1621217704000;14096266;1.21314;1.2132;1.21317;0;T;True;1
1621217705000;14096268;1.21314;1.2132;1.21317;1;T;True;1
1621217706000;14096271;1.21313;1.21319;1.21316;2;T;True;1
1621217707000;14096273;1.21313;1.21319;1.21316;1;T;True;1
1621217708000;14096276;1.21314;1.2132;1.21317;2;T;True;1
1621217709000;14096277;1.21314;1.2132;1.21317;0;T;True;1
1621217710000;14096279;1.21314;1.2132;1.21317;1;T;True;1
1621217711000;14096280;1.21314;1.2132;1.21317;0;T;True;1
1621217712000;14096281;1.21314;1.2132;1.21317;0;T;True;1
1621217713000;14096282;1.21314;1.2132;1.21317;0;T;True;1
1621217714000;14096285;1.21313;1.21319;1.21316;2;T;True;1
1621217715000;14096287;1.21313;1.21319;1.21316;1;T;True;1
1621217716000;14096290;1.21314;1.2132;1.21317;2;T;True;1
1621217717000;14096291;1.21314;1.2132;1.21317;0;T;True;1
1621217718000;14096293;1.21314;1.2132;1.21317;1;T;True;1
1621217719000;14096298;1.21314;1.2132;1.21317;4;T;True;1
1621217720000;14096299;1.21314;1.2132;1.21317;0;T;True;1
1621217721000;14096301;1.21314;1.2132;1.21317;1;T;True;1
1621217722000;14096303;1.21314;1.2132;1.21317;1;T;True;1
1621217723000;14096304;1.21314;1.2132;1.21317;0;T;True;1
1621217724000;14096305;1.21314;1.2132;1.21317;0;T;True;1
1621217725000;14096308;1.21313;1.21319;1.21316;2;T;True;1
1621217726000;14096310;1.21313;1.21319;1.21316;1;T;True;1
1621217727000;14096311;1.21313;1.21319;1.21316;0;T;True;1
1621217728000;14096313;1.21314;1.2132;1.21317;1;T;True;1
1621217729000;14096314;1.21314;1.2132;1.21317;0;T;True;1
1621217730000;14096315;1.21314;1.2132;1.21317;0;T;True;1
1621217731000;14096316;1.21314;1.2132;1.21317;0;T;True;1
1621217732000;14096319;1.21314;1.2132;1.21317;2;T;True;1
1621217733000;14096322;1.21314;1.2132;1.21317;2;T;True;1
1621217734000;14096326;1.21313;1.21319;1.21316;3;T;True;1
1621217735000;14096327;1.21313;1.21319;1.21316;0;T;True;1
1621217736000;14096331;1.21313;1.21319;1.21316;3;T;True;1
1621217737000;14096332;1.21313;1.21319;1.21316;0;T;True;1
1621217738000;14096333;1.21313;1.21319;1.21316;0;T;True;1
1621217739000;14096350;1.21308;1.21314;1.21311;16;T;True;1
1621217740000;14096356;1.21312;1.21318;1.21315;5;T;True;1
1621217741000;14096357;1.21312;1.21318;1.21315;0;T;True;1
1621217742000;14096363;1.2131;1.21316;1.21313;5;T;True;1
1621217743000;14096365;1.2131;1.21316;1.21313;1;T;True;1
1621217744000;14096366;1.2131;1.21316;1.21313;0;T;True;1
1621217745000;14096368;1.2131;1.21316;1.21313;1;T;True;1
1621217746000;14096370;1.2131;1.21316;1.21313;1;T;True;1
1621217747000;14096372;1.21311;1.21317;1.21314;1;T;True;1
1621217748000;14096376;1.2131;1.21316;1.21313;3;T;True;1
1621217749000;14096379;1.2131;1.21316;1.21313;2;T;True;1
1621217750000;14096381;1.2131;1.21316;1.21313;1;T;True;1
1621217751000;14096385;1.2131;1.21316;1.21313;3;T;True;1
1621217752000;14096386;1.2131;1.21316;1.21313;0;T;True;1
1621217753000;14096389;1.21309;1.21315;1.21312;2;T;True;1
1621217754000;14096391;1.2131;1.21316;1.21313;1;T;True;1
1621217755000;14096393;1.21309;1.21315;1.21312;1;T;True;1
1621217756000;14096396;1.21309;1.21315;1.21312;2;T;True;1
1621217757000;14096397;1.21309;1.21315;1.21312;0;T;True;1
1621217758000;14096399;1.21308;1.21314;1.21311;1;T;True;1
1621217759000;14096401;1.21308;1.21314;1.21311;1;T;True;1
1621217760000;14096413;1.21302;1.21308;1.21305;11;T;True;1
1621217761000;14096418;1.21302;1.21308;1.21305;4;T;True;1
1621217762000;14096429;1.213;1.21306;1.21303;10;T;True;1
1621217763000;14096432;1.213;1.21306;1.21303;2;T;True;1
1621217764000;14096436;1.213;1.21306;1.21303;3;T;True;1
1621217765000;14096437;1.213;1.21306;1.21303;0;T;True;1
1621217766000;14096438;1.213;1.21306;1.21303;0;T;True;1
1621217767000;14096441;1.213;1.21306;1.21303;2;T;True;1
1621217768000;14096442;1.213;1.21306;1.21303;0;T;True;1
1621217769000;14096443;1.213;1.21306;1.21303;0;T;True;1
1621217770000;14096444;1.213;1.21306;1.21303;0;T;True;1
1621217771000;14096446;1.213;1.21306;1.21303;1;T;True;1
1621217772000;14096448;1.213;1.21306;1.21303;1;T;True;1
1621217773000;14096450;1.213;1.21306;1.21303;1;T;True;1
1621217774000;14096451;1.213;1.21306;1.21303;0;T;True;1
1621217775000;14096456;1.213;1.21306;1.21303;4;T;True;1
1621217776000;14096457;1.213;1.21306;1.21303;0;T;True;1
1621217777000;14096458;1.213;1.21306;1.21303;0;T;True;1
1621217778000;14096459;1.213;1.21306;1.21303;0;T;True;1
1621217779000;14096462;1.213;1.21306;1.21303;2;T;True;1
1621217780000;14096469;1.213;1.21306;1.21303;6;T;True;1
1621217781000;14096475;1.21302;1.21308;1.21305;5;T;True;1
1621217782000;14096476;1.21302;1.21308;1.21305;0;T;True;1
1621217783000;14096479;1.21302;1.21308;1.21305;2;T;True;1
1621217784000;14096486;1.21303;1.21309;1.21306;6;T;True;1
1621217785000;14096488;1.21303;1.21309;1.21306;1;T;True;1
1621217786000;14096490;1.21304;1.2131;1.21307;1;T;True;1
1621217787000;14096494;1.21304;1.2131;1.21307;3;T;True;1
1621217788000;14096495;1.21304;1.2131;1.21307;0;T;True;1
1621217789000;14096498;1.21304;1.2131;1.21307;2;T;True;1
1621217790000;14096499;1.21304;1.2131;1.21307;0;T;True;1
1621217791000;14096508;1.21302;1.21308;1.21305;8;T;True;1
1621217792000;14096512;1.21302;1.21308;1.21305;3;T;True;1
1621217793000;14096519;1.21302;1.21308;1.21305;6;T;True;1
1621217794000;14096520;1.21302;1.21308;1.21305;0;T;True;1
1621217795000;14096521;1.21302;1.21308;1.21305;0;T;True;1
1621217796000;14096522;1.21302;1.21308;1.21305;0;T;True;1
1621217797000;14096524;1.21302;1.21308;1.21305;1;T;True;1
1621217798000;14096526;1.21302;1.21308;1.21305;1;T;True;1
1621217799000;14096530;1.213;1.21306;1.21303;3;T;True;1
1621217800000;14096533;1.21302;1.21308;1.21305;2;T;True;1
1621217801000;14096534;1.21302;1.21308;1.21305;0;T;True;1
1621217802000;14096539;1.213;1.21306;1.21303;4;T;True;1
1621217803000;14096545;1.213;1.21306;1.21303;5;T;True;1
1621217804000;14096546;1.213;1.21306;1.21303;0;T;True;1
1621217805000;14096555;1.213;1.21306;1.21303;8;T;True;1
1621217806000;14096565;1.21302;1.21308;1.21305;9;T;True;1
1621217807000;14096569;1.213;1.21306;1.21303;3;T;True;1
1621217808000;14096570;1.213;1.21306;1.21303;0;T;True;1
1621217809000;14096572;1.213;1.21306;1.21303;1;T;True;1
1621217810000;14096574;1.213;1.21306;1.21303;1;T;True;1
1621217811000;14096575;1.213;1.21306;1.21303;0;T;True;1
1621217812000;14096581;1.21302;1.21308;1.21305;5;T;True;1
1621217813000;14096583;1.21302;1.21308;1.21305;1;T;True;1
1621217814000;14096586;1.21302;1.21308;1.21305;2;T;True;1
1621217815000;14096587;1.21302;1.21308;1.21305;0;T;True;1
1621217816000;14096588;1.21302;1.21308;1.21305;0;T;True;1
1621217817000;14096591;1.21301;1.21307;1.21304;2;T;True;1
1621217818000;14096596;1.213;1.21306;1.21303;4;T;True;1
1621217819000;14096598;1.21299;1.21305;1.21302;1;T;True;1
1621217820000;14096601;1.213;1.21306;1.21303;2;T;True;1
1621217821000;14096605;1.213;1.21306;1.21303;3;T;True;1
1621217822000;14096610;1.21299;1.21305;1.21302;4;T;True;1
1621217823000;14096613;1.21299;1.21305;1.21302;2;T;True;1
1621217824000;14096618;1.21299;1.21305;1.21302;4;T;True;1
1621217825000;14096622;1.21298;1.21304;1.21301;3;T;True;1
1621217826000;14096623;1.21298;1.21304;1.21301;0;T;True;1
1621217827000;14096625;1.21298;1.21304;1.21301;1;T;True;1
1621217828000;14096626;1.21298;1.21304;1.21301;0;T;True;1
1621217829000;14096627;1.21298;1.21304;1.21301;0;T;True;1
1621217830000;14096628;1.21298;1.21304;1.21301;0;T;True;1
1621217831000;14096630;1.21298;1.21304;1.21301;1;T;True;1
1621217832000;14096632;1.21298;1.21304;1.21301;1;T;True;1
1621217833000;14096633;1.21298;1.21304;1.21301;0;T;True;1
1621217834000;14096634;1.21298;1.21304;1.21301;0;T;True;1
1621217835000;14096635;1.21298;1.21304;1.21301;0;T;True;1
1621217836000;14096636;1.21298;1.21304;1.21301;0;T;True;1
1621217837000;14096637;1.21298;1.21304;1.21301;0;T;True;1
1621217838000;14096639;1.21298;1.21304;1.21301;1;T;True;1
1621217839000;14096643;1.21298;1.21304;1.21301;3;T;True;1
1621217840000;14096647;1.21298;1.21304;1.21301;3;T;True;1
1621217841000;14096648;1.21298;1.21304;1.21301;0;T;True;1
1621217842000;14096649;1.21298;1.21304;1.21301;0;T;True;1
1621217843000;14096650;1.21298;1.21304;1.21301;0;T;True;1
1621217844000;14096651;1.21298;1.21304;1.21301;0;T;True;1
1621217845000;14096658;1.213;1.21306;1.21303;6;T;True;1
1621217846000;14096660;1.213;1.21306;1.21303;1;T;True;1
1621217847000;14096664;1.21301;1.21307;1.21304;3;T;True;1
1621217848000;14096667;1.21302;1.21308;1.21305;2;T;True;1
1621217849000;14096668;1.21302;1.21308;1.21305;0;T;True;1
1621217850000;14096669;1.21302;1.21308;1.21305;0;T;True;1
1621217851000;14096670;1.21302;1.21308;1.21305;0;T;True;1
1621217852000;14096673;1.21302;1.21308;1.21305;2;T;True;1
1621217853000;14096676;1.21302;1.21308;1.21305;2;T;True;1
1621217854000;14096680;1.21302;1.21308;1.21305;3;T;True;1
1621217855000;14096681;1.21302;1.21308;1.21305;0;T;True;1
1621217856000;14096682;1.21302;1.21308;1.21305;0;T;True;1
1621217857000;14096694;1.21308;1.21314;1.21311;11;T;True;1
1621217858000;14096695;1.21308;1.21314;1.21311;0;T;True;1
1621217859000;14096696;1.21308;1.21314;1.21311;0;T;True;1
1621217860000;14096697;1.21308;1.21314;1.21311;0;T;True;1
1621217861000;14096698;1.21308;1.21314;1.21311;0;T;True;1
1621217862000;14096700;1.21308;1.21314;1.21311;1;T;True;1
1621217863000;14096701;1.21308;1.21314;1.21311;0;T;True;1
1621217864000;14096703;1.21309;1.21315;1.21312;1;T;True;1
1621217865000;14096704;1.21309;1.21315;1.21312;0;T;True;1
1621217866000;14096705;1.21309;1.21315;1.21312;0;T;True;1
1621217867000;14096706;1.21309;1.21315;1.21312;0;T;True;1
1621217868000;14096708;1.21309;1.21315;1.21312;1;T;True;1
1621217869000;14096711;1.21307;1.21313;1.2131;2;T;True;1
1621217870000;14096716;1.21303;1.21309;1.21306;4;T;True;1
1621217871000;14096717;1.21303;1.21309;1.21306;0;T;True;1
1621217872000;14096718;1.21303;1.21309;1.21306;0;T;True;1
1621217873000;14096719;1.21303;1.21309;1.21306;0;T;True;1
1621217874000;14096720;1.21303;1.21309;1.21306;0;T;True;1
1621217875000;14096723;1.21302;1.21308;1.21305;2;T;True;1
1621217876000;14096724;1.21302;1.21308;1.21305;0;T;True;1
1621217877000;14096726;1.21304;1.2131;1.21307;1;T;True;1
1621217878000;14096727;1.21304;1.2131;1.21307;0;T;True;1
1621217879000;14096728;1.21304;1.2131;1.21307;0;T;True;1
1621217880000;14096729;1.21304;1.2131;1.21307;0;T;True;1
1621217881000;14096730;1.21304;1.2131;1.21307;0;T;True;1
1621217882000;14096731;1.21304;1.2131;1.21307;0;T;True;1
1621217883000;14096732;1.21304;1.2131;1.21307;0;T;True;1
1621217884000;14096733;1.21304;1.2131;1.21307;0;T;True;1
1621217885000;14096734;1.21304;1.2131;1.21307;0;T;True;1
1621217886000;14096735;1.21304;1.2131;1.21307;0;T;True;1
1621217887000;14096736;1.21304;1.2131;1.21307;0;T;True;1
1621217888000;14096737;1.21304;1.2131;1.21307;0;T;True;1
1621217889000;14096738;1.21304;1.2131;1.21307;0;T;True;1
1621217890000;14096739;1.21304;1.2131;1.21307;0;T;True;1
1621217891000;14096740;1.21304;1.2131;1.21307;0;T;True;1
1621217892000;14096741;1.21304;1.2131;1.21307;0;T;True;1
1621217893000;14096742;1.21304;1.2131;1.21307;0;T;True;1
1621217894000;14096743;1.21304;1.2131;1.21307;0;T;True;1
1621217895000;14096744;1.21304;1.2131;1.21307;0;T;True;1
1621217896000;14096745;1.21304;1.2131;1.21307;0;T;True;1
1621217897000;14096746;1.21304;1.2131;1.21307;0;T;True;1
1621217898000;14096747;1.21304;1.2131;1.21307;0;T;True;1
1621217899000;14096748;1.21304;1.2131;1.21307;0;T;True;1
1621217900000;14096750;1.21305;1.21311;1.21308;1;T;True;1
1621217901000;14096752;1.21308;1.21314;1.21311;1;T;True;1
1621217902000;14096753;1.21308;1.21314;1.21311;0;T;True;1
1621217903000;14096754;1.21308;1.21314;1.21311;0;T;True;1
1621217904000;14096755;1.21308;1.21314;1.21311;0;T;True;1
1621217905000;14096756;1.21308;1.21314;1.21311;0;T;True;1
1621217906000;14096757;1.21308;1.21314;1.21311;0;T;True;1
1621217907000;14096758;1.21308;1.21314;1.21311;0;T;True;1
1621217908000;14096759;1.21308;1.21314;1.21311;0;T;True;1
1621217909000;14096760;1.21308;1.21314;1.21311;0;T;True;1
1621217910000;14096761;1.21308;1.21314;1.21311;0;T;True;1
1621217911000;14096762;1.21308;1.21314;1.21311;0;T;True;1
1621217912000;14096763;1.21308;1.21314;1.21311;0;T;True;1
1621217913000;14096764;1.21308;1.21314;1.21311;0;T;True;1
1621217914000;14096765;1.21308;1.21314;1.21311;0;T;True;1
1621217915000;14096769;1.21308;1.21314;1.21311;3;T;True;1
1621217916000;14096770;1.21308;1.21314;1.21311;0;T;True;1
1621217917000;14096771;1.21308;1.21314;1.21311;0;T;True;1
1621217918000;14096773;1.21308;1.21314;1.21311;1;T;True;1
1621217919000;14096774;1.21308;1.21314;1.21311;0;T;True;1
1621217920000;14096777;1.2131;1.21316;1.21313;2;T;True;1
1621217921000;14096779;1.2131;1.21316;1.21313;1;T;True;1
1621217922000;14096780;1.2131;1.21316;1.21313;0;T;True;1
1621217923000;14096781;1.2131;1.21316;1.21313;0;T;True;1
1621217924000;14096782;1.2131;1.21316;1.21313;0;T;True;1
1621217925000;14096783;1.2131;1.21316;1.21313;0;T;True;1
1621217926000;14096784;1.2131;1.21316;1.21313;0;T;True;1
1621217927000;14096785;1.2131;1.21316;1.21313;0;T;True;1
1621217928000;14096787;1.21311;1.21317;1.21314;1;T;True;1
1621217929000;14096791;1.21312;1.21318;1.21315;3;T;True;1
1621217930000;14096792;1.21312;1.21318;1.21315;0;T;True;1
1621217931000;14096794;1.21313;1.21319;1.21316;1;T;True;1
1621217932000;14096796;1.21314;1.2132;1.21317;1;T;True;1
1621217933000;14096797;1.21314;1.2132;1.21317;0;T;True;1
1621217934000;14096800;1.21314;1.2132;1.21317;2;T;True;1
1621217935000;14096801;1.21314;1.2132;1.21317;0;T;True;1
1621217936000;14096809;1.2131;1.21316;1.21313;7;T;True;1
1621217937000;14096810;1.2131;1.21316;1.21313;0;T;True;1
1621217938000;14096816;1.21306;1.21312;1.21309;5;T;True;1
1621217939000;14096817;1.21306;1.21312;1.21309;0;T;True;1
1621217940000;14096819;1.21306;1.21312;1.21309;1;T;True;1
1621217941000;14096821;1.21306;1.21312;1.21309;1;T;True;1
1621217942000;14096822;1.21306;1.21312;1.21309;0;T;True;1
1621217943000;14096823;1.21306;1.21312;1.21309;0;T;True;1
1621217944000;14096824;1.21306;1.21312;1.21309;0;T;True;1
1621217945000;14096825;1.21306;1.21312;1.21309;0;T;True;1
1621217946000;14096826;1.21306;1.21312;1.21309;0;T;True;1
1621217947000;14096827;1.21306;1.21312;1.21309;0;T;True;1
1621217948000;14096831;1.21306;1.21312;1.21309;3;T;True;1
1621217949000;14096833;1.21306;1.21312;1.21309;1;T;True;1
1621217950000;14096834;1.21306;1.21312;1.21309;0;T;True;1
1621217951000;14096836;1.21306;1.21312;1.21309;1;T;True;1
1621217952000;14096838;1.21306;1.21312;1.21309;1;T;True;1
1621217953000;14096842;1.21305;1.21311;1.21308;3;T;True;1
1621217954000;14096843;1.21305;1.21311;1.21308;0;T;True;1
1621217955000;14096844;1.21305;1.21311;1.21308;0;T;True;1
1621217956000;14096845;1.21305;1.21311;1.21308;0;T;True;1
1621217957000;14096846;1.21305;1.21311;1.21308;0;T;True;1
1621217958000;14096847;1.21305;1.21311;1.21308;0;T;True;1
1621217959000;14096848;1.21305;1.21311;1.21308;0;T;True;1
1621217960000;14096849;1.21305;1.21311;1.21308;0;T;True;1
1621217961000;14096850;1.21305;1.21311;1.21308;0;T;True;1
1621217962000;14096851;1.21305;1.21311;1.21308;0;T;True;1
1621217963000;14096852;1.21305;1.21311;1.21308;0;T;True;1
1621217964000;14096853;1.21305;1.21311;1.21308;0;T;True;1
1621217965000;14096854;1.21305;1.21311;1.21308;0;T;True;1
1621217966000;14096855;1.21305;1.21311;1.21308;0;T;True;1
1621217967000;14096856;1.21305;1.21311;1.21308;0;T;True;1
1621217968000;14096857;1.21305;1.21311;1.21308;0;T;True;1
1621217969000;14096858;1.21305;1.21311;1.21308;0;T;True;1
1621217970000;14096859;1.21305;1.21311;1.21308;0;T;True;1
1621217971000;14096860;1.21305;1.21311;1.21308;0;T;True;1
1621217972000;14096861;1.21305;1.21311;1.21308;0;T;True;1
1621217973000;14096862;1.21305;1.21311;1.21308;0;T;True;1
1621217974000;14096863;1.21305;1.21311;1.21308;0;T;True;1
1621217975000;14096864;1.21305;1.21311;1.21308;0;T;True;1
1621217976000;14096865;1.21305;1.21311;1.21308;0;T;True;1
1621217977000;14096866;1.21305;1.21311;1.21308;0;T;True;1
1621217978000;14096867;1.21305;1.21311;1.21308;0;T;True;1
1621217979000;14096871;1.21308;1.21314;1.21311;3;T;True;1
1621217980000;14096873;1.21309;1.21315;1.21312;1;T;True;1
1621217981000;14096874;1.21309;1.21315;1.21312;0;T;True;1
1621217982000;14096875;1.21309;1.21315;1.21312;0;T;True;1
1621217983000;14096876;1.21309;1.21315;1.21312;0;T;True;1
1621217984000;14096877;1.21309;1.21315;1.21312;0;T;True;1
1621217985000;14096879;1.21309;1.21315;1.21312;1;T;True;1
1621217986000;14096880;1.21309;1.21315;1.21312;0;T;True;1
1621217987000;14096883;1.2131;1.21316;1.21313;2;T;True;1
1621217988000;14096884;1.2131;1.21316;1.21313;0;T;True;1
1621217989000;14096885;1.2131;1.21316;1.21313;0;T;True;1
1621217990000;14096886;1.2131;1.21316;1.21313;0;T;True;1
1621217991000;14096892;1.21308;1.21314;1.21311;5;T;True;1
1621217992000;14096894;1.21308;1.21314;1.21311;1;T;True;1
1621217993000;14096895;1.21308;1.21314;1.21311;0;T;True;1
1621217994000;14096897;1.21308;1.21314;1.21311;1;T;True;1
1621217995000;14096899;1.2131;1.21316;1.21313;1;T;True;1
1621217996000;14096904;1.21313;1.21319;1.21316;4;T;True;1
1621217997000;14096905;1.21313;1.21319;1.21316;0;T;True;1
1621217998000;14096906;1.21313;1.21319;1.21316;0;T;True;1
1621217999000;14096907;1.21313;1.21319;1.21316;0;T;True;1
1621218000000;14096912;1.21312;1.21318;1.21315;4;T;True;1
1621218001000;14096916;1.21311;1.21317;1.21314;3;T;True;1
1621218002000;14096919;1.21309;1.21315;1.21312;2;T;True;1
1621218003000;14096920;1.21309;1.21315;1.21312;0;T;True;1
1621218004000;14096921;1.21309;1.21315;1.21312;0;T;True;1
1621218005000;14096923;1.2131;1.21316;1.21313;1;T;True;1
1621218006000;14096924;1.2131;1.21316;1.21313;0;T;True;1
1621218007000;14096926;1.21309;1.21315;1.21312;1;T;True;1
1621218008000;14096927;1.21309;1.21315;1.21312;0;T;True;1
1621218009000;14096928;1.21309;1.21315;1.21312;0;T;True;1
1621218010000;14096929;1.21309;1.21315;1.21312;0;T;True;1
1621218011000;14096933;1.21312;1.21318;1.21315;3;T;True;1
1621218012000;14096934;1.21312;1.21318;1.21315;0;T;True;1
1621218013000;14096936;1.21312;1.21318;1.21315;1;T;True;1
1621218014000;14096937;1.21312;1.21318;1.21315;0;T;True;1
1621218015000;14096938;1.21312;1.21318;1.21315;0;T;True;1
1621218016000;14096942;1.2131;1.21316;1.21313;3;T;True;1
1621218017000;14096944;1.2131;1.21316;1.21313;1;T;True;1
1621218018000;14096945;1.2131;1.21316;1.21313;0;T;True;1
1621218019000;14096947;1.2131;1.21316;1.21313;1;T;True;1
1621218020000;14096948;1.2131;1.21316;1.21313;0;T;True;1
1621218021000;14096949;1.2131;1.21316;1.21313;0;T;True;1
1621218022000;14096954;1.21312;1.21318;1.21315;4;T;True;1
1621218023000;14096958;1.2131;1.21316;1.21313;3;T;True;1
1621218024000;14096961;1.21308;1.21314;1.21311;2;T;True;1
1621218025000;14096962;1.21308;1.21314;1.21311;0;T;True;1
1621218026000;14096963;1.21308;1.21314;1.21311;0;T;True;1
1621218027000;14096965;1.21308;1.21314;1.21311;1;T;True;1
1621218028000;14096967;1.21309;1.21315;1.21312;1;T;True;1
1621218029000;14096971;1.21309;1.21315;1.21312;3;T;True;1
1621218030000;14096973;1.2131;1.21316;1.21313;1;T;True;1
1621218031000;14096974;1.2131;1.21316;1.21313;0;T;True;1
1621218032000;14096975;1.2131;1.21316;1.21313;0;T;True;1
1621218033000;14096976;1.2131;1.21316;1.21313;0;T;True;1
1621218034000;14096977;1.2131;1.21316;1.21313;0;T;True;1
1621218035000;14096978;1.2131;1.21316;1.21313;0;T;True;1
1621218036000;14096980;1.21308;1.21314;1.21311;1;T;True;1
1621218037000;14096981;1.21308;1.21314;1.21311;0;T;True;1
1621218038000;14096982;1.21308;1.21314;1.21311;0;T;True;1
1621218039000;14096983;1.21308;1.21314;1.21311;0;T;True;1
1621218040000;14096986;1.2131;1.21316;1.21313;2;T;True;1
1621218041000;14096987;1.2131;1.21316;1.21313;0;T;True;1
1621218042000;14096988;1.2131;1.21316;1.21313;0;T;True;1
1621218043000;14096989;1.2131;1.21316;1.21313;0;T;True;1
1621218044000;14096990;1.2131;1.21316;1.21313;0;T;True;1
1621218045000;14096991;1.2131;1.21316;1.21313;0;T;True;1
1621218046000;14096994;1.2131;1.21316;1.21313;2;T;True;1
1621218047000;14096997;1.21308;1.21314;1.21311;2;T;True;1
1621218048000;14096998;1.21308;1.21314;1.21311;0;T;True;1
1621218049000;14096999;1.21308;1.21314;1.21311;0;T;True;1
1621218050000;14097002;1.2131;1.21316;1.21313;2;T;True;1
1621218051000;14097003;1.2131;1.21316;1.21313;0;T;True;1
1621218052000;14097004;1.2131;1.21316;1.21313;0;T;True;1
1621218053000;14097005;1.2131;1.21316;1.21313;0;T;True;1
1621218054000;14097006;1.2131;1.21316;1.21313;0;T;True;1
1621218055000;14097007;1.2131;1.21316;1.21313;0;T;True;1
1621218056000;14097008;1.2131;1.21316;1.21313;0;T;True;1
1621218057000;14097009;1.2131;1.21316;1.21313;0;T;True;1
1621218058000;14097011;1.21309;1.21315;1.21312;1;T;True;1
1621218059000;14097013;1.21308;1.21314;1.21311;1;T;True;1
1621218060000;14097014;1.21308;1.21314;1.21311;0;T;True;1
1621218061000;14097015;1.21308;1.21314;1.21311;0;T;True;1
1621218062000;14097016;1.21308;1.21314;1.21311;0;T;True;1
1621218063000;14097017;1.21308;1.21314;1.21311;0;T;True;1
1621218064000;14097018;1.21308;1.21314;1.21311;0;T;True;1
1621218065000;14097019;1.21308;1.21314;1.21311;0;T;True;1
1621218066000;14097022;1.21308;1.21314;1.21311;2;T;True;1
1621218067000;14097023;1.21308;1.21314;1.21311;0;T;True;1
1621218068000;14097024;1.21308;1.21314;1.21311;0;T;True;1
1621218069000;14097025;1.21308;1.21314;1.21311;0;T;True;1
1621218070000;14097027;1.21309;1.21315;1.21312;1;T;True;1
1621218071000;14097029;1.2131;1.21316;1.21313;1;T;True;1
1621218072000;14097030;1.2131;1.21316;1.21313;0;T;True;1
1621218073000;14097031;1.2131;1.21316;1.21313;0;T;True;1
1621218074000;14097032;1.2131;1.21316;1.21313;0;T;True;1
1621218075000;14097033;1.2131;1.21316;1.21313;0;T;True;1
1621218076000;14097034;1.2131;1.21316;1.21313;0;T;True;1
1621218077000;14097035;1.2131;1.21316;1.21313;0;T;True;1
1621218078000;14097036;1.2131;1.21316;1.21313;0;T;True;1
1621218079000;14097037;1.2131;1.21316;1.21313;0;T;True;1
1621218080000;14097039;1.2131;1.21316;1.21313;1;T;True;1
1621218081000;14097040;1.2131;1.21316;1.21313;0;T;True;1
1621218082000;14097041;1.2131;1.21316;1.21313;0;T;True;1
1621218083000;14097042;1.2131;1.21316;1.21313;0;T;True;1
1621218084000;14097044;1.21311;1.21317;1.21314;1;T;True;1
1621218085000;14097045;1.21311;1.21317;1.21314;0;T;True;1
1621218086000;14097046;1.21311;1.21317;1.21314;0;T;True;1
1621218087000;14097050;1.21313;1.21319;1.21316;3;T;True;1
1621218088000;14097051;1.21313;1.21319;1.21316;0;T;True;1
1621218089000;14097054;1.21314;1.2132;1.21317;2;T;True;1
1621218090000;14097055;1.21314;1.2132;1.21317;0;T;True;1
1621218091000;14097056;1.21314;1.2132;1.21317;0;T;True;1
1621218092000;14097058;1.21316;1.21322;1.21319;1;T;True;1
1621218093000;14097059;1.21316;1.21322;1.21319;0;T;True;1
1621218094000;14097060;1.21316;1.21322;1.21319;0;T;True;1
1621218095000;14097061;1.21316;1.21322;1.21319;0;T;True;1
1621218096000;14097062;1.21316;1.21322;1.21319;0;T;True;1
1621218097000;14097064;1.21317;1.21323;1.2132;1;T;True;1
1621218098000;14097065;1.21317;1.21323;1.2132;0;T;True;1
1621218099000;14097066;1.21317;1.21323;1.2132;0;T;True;1
1621218100000;14097068;1.21316;1.21322;1.21319;1;T;True;1
1621218101000;14097069;1.21316;1.21322;1.21319;0;T;True;1
1621218102000;14097070;1.21316;1.21322;1.21319;0;T;True;1
1621218103000;14097071;1.21316;1.21322;1.21319;0;T;True;1
1621218104000;14097074;1.21317;1.21323;1.2132;2;T;True;1
1621218105000;14097078;1.21318;1.21324;1.21321;3;T;True;1
1621218106000;14097079;1.21318;1.21324;1.21321;0;T;True;1
1621218107000;14097080;1.21318;1.21324;1.21321;0;T;True;1
1621218108000;14097081;1.21318;1.21324;1.21321;0;T;True;1
1621218109000;14097082;1.21318;1.21324;1.21321;0;T;True;1
1621218110000;14097083;1.21318;1.21324;1.21321;0;T;True;1
1621218111000;14097084;1.21318;1.21324;1.21321;0;T;True;1
1621218112000;14097086;1.21318;1.21324;1.21321;1;T;True;1
1621218113000;14097087;1.21318;1.21324;1.21321;0;T;True;1
1621218114000;14097088;1.21318;1.21324;1.21321;0;T;True;1
1621218115000;14097089;1.21318;1.21324;1.21321;0;T;True;1
1621218116000;14097092;1.21318;1.21324;1.21321;2;T;True;1
1621218117000;14097095;1.2132;1.21326;1.21323;2;T;True;1
1621218118000;14097096;1.2132;1.21326;1.21323;0;T;True;1
1621218119000;14097097;1.2132;1.21326;1.21323;0;T;True;1
1621218120000;14097099;1.21319;1.21325;1.21322;1;T;True;1
1621218121000;14097100;1.21319;1.21325;1.21322;0;T;True;1
1621218122000;14097101;1.21319;1.21325;1.21322;0;T;True;1
1621218123000;14097102;1.21319;1.21325;1.21322;0;T;True;1
1621218124000;14097103;1.21319;1.21325;1.21322;0;T;True;1
1621218125000;14097104;1.21319;1.21325;1.21322;0;T;True;1
1621218126000;14097105;1.21319;1.21325;1.21322;0;T;True;1
1621218127000;14097106;1.21319;1.21325;1.21322;0;T;True;1
1621218128000;14097109;1.21319;1.21325;1.21322;2;T;True;1
1621218129000;14097110;1.21319;1.21325;1.21322;0;T;True;1
1621218130000;14097111;1.21319;1.21325;1.21322;0;T;True;1
1621218131000;14097112;1.21319;1.21325;1.21322;0;T;True;1
1621218132000;14097114;1.21318;1.21324;1.21321;1;T;True;1
1621218133000;14097115;1.21318;1.21324;1.21321;0;T;True;1
1621218134000;14097120;1.21314;1.2132;1.21317;4;T;True;1
1621218135000;14097121;1.21314;1.2132;1.21317;0;T;True;1
1621218136000;14097123;1.21314;1.2132;1.21317;1;T;True;1
1621218137000;14097124;1.21314;1.2132;1.21317;0;T;True;1
1621218138000;14097126;1.21312;1.21318;1.21315;1;T;True;1
1621218139000;14097130;1.21314;1.2132;1.21317;3;T;True;1
1621218140000;14097131;1.21314;1.2132;1.21317;0;T;True;1
1621218141000;14097132;1.21314;1.2132;1.21317;0;T;True;1
1621218142000;14097133;1.21314;1.2132;1.21317;0;T;True;1
1621218143000;14097134;1.21314;1.2132;1.21317;0;T;True;1
1621218144000;14097135;1.21314;1.2132;1.21317;0;T;True;1
1621218145000;14097136;1.21314;1.2132;1.21317;0;T;True;1
1621218146000;14097137;1.21314;1.2132;1.21317;0;T;True;1
1621218147000;14097138;1.21314;1.2132;1.21317;0;T;True;1
1621218148000;14097139;1.21314;1.2132;1.21317;0;T;True;1
1621218149000;14097140;1.21314;1.2132;1.21317;0;T;True;1
1621218150000;14097141;1.21314;1.2132;1.21317;0;T;True;1
1621218151000;14097143;1.21314;1.2132;1.21317;1;T;True;1
1621218152000;14097144;1.21314;1.2132;1.21317;0;T;True;1
1621218153000;14097145;1.21314;1.2132;1.21317;0;T;True;1
1621218154000;14097146;1.21314;1.2132;1.21317;0;T;True;1
1621218155000;14097147;1.21314;1.2132;1.21317;0;T;True;1
1621218156000;14097148;1.21314;1.2132;1.21317;0;T;True;1
1621218157000;14097149;1.21314;1.2132;1.21317;0;T;True;1
1621218158000;14097150;1.21314;1.2132;1.21317;0;T;True;1
1621218159000;14097151;1.21314;1.2132;1.21317;0;T;True;1
1621218160000;14097153;1.21312;1.21318;1.21315;1;T;True;1
1621218161000;14097158;1.2131;1.21316;1.21313;4;T;True;1
1621218162000;14097160;1.2131;1.21316;1.21313;1;T;True;1
1621218163000;14097161;1.2131;1.21316;1.21313;0;T;True;1
1621218164000;14097162;1.2131;1.21316;1.21313;0;T;True;1
1621218165000;14097163;1.2131;1.21316;1.21313;0;T;True;1
1621218166000;14097164;1.2131;1.21316;1.21313;0;T;True;1
1621218167000;14097165;1.2131;1.21316;1.21313;0;T;True;1
1621218168000;14097166;1.2131;1.21316;1.21313;0;T;True;1
1621218169000;14097167;1.2131;1.21316;1.21313;0;T;True;1
1621218170000;14097168;1.2131;1.21316;1.21313;0;T;True;1
1621218171000;14097169;1.2131;1.21316;1.21313;0;T;True;1
1621218172000;14097170;1.2131;1.21316;1.21313;0;T;True;1
1621218173000;14097171;1.2131;1.21316;1.21313;0;T;True;1
1621218174000;14097172;1.2131;1.21316;1.21313;0;T;True;1
1621218175000;14097173;1.2131;1.21316;1.21313;0;T;True;1
1621218176000;14097174;1.2131;1.21316;1.21313;0;T;True;1
1621218177000;14097175;1.2131;1.21316;1.21313;0;T;True;1
1621218178000;14097176;1.2131;1.21316;1.21313;0;T;True;1
1621218179000;14097177;1.2131;1.21316;1.21313;0;T;True;1
1621218180000;14097178;1.2131;1.21316;1.21313;0;T;True;1
1621218181000;14097179;1.2131;1.21316;1.21313;0;T;True;1
1621218182000;14097180;1.2131;1.21316;1.21313;0;T;True;1
1621218183000;14097181;1.2131;1.21316;1.21313;0;T;True;1
1621218184000;14097182;1.2131;1.21316;1.21313;0;T;True;1
1621218185000;14097183;1.2131;1.21316;1.21313;0;T;True;1
1621218186000;14097184;1.2131;1.21316;1.21313;0;T;True;1
1621218187000;14097185;1.2131;1.21316;1.21313;0;T;True;1
1621218188000;14097186;1.2131;1.21316;1.21313;0;T;True;1
1621218189000;14097187;1.2131;1.21316;1.21313;0;T;True;1
1621218190000;14097188;1.2131;1.21316;1.21313;0;T;True;1
1621218191000;14097189;1.2131;1.21316;1.21313;0;T;True;1
1621218192000;14097190;1.2131;1.21316;1.21313;0;T;True;1
1621218193000;14097192;1.21312;1.21318;1.21315;1;T;True;1
1621218194000;14097193;1.21312;1.21318;1.21315;0;T;True;1
1621218195000;14097195;1.21312;1.21318;1.21315;1;T;True;1
1621218196000;14097196;1.21312;1.21318;1.21315;0;T;True;1
1621218197000;14097197;1.21312;1.21318;1.21315;0;T;True;1
1621218198000;14097200;1.21312;1.21318;1.21315;2;T;True;1
1621218199000;14097202;1.21312;1.21318;1.21315;1;T;True;1
1621218200000;14097203;1.21312;1.21318;1.21315;0;T;True;1
1621218201000;14097204;1.21312;1.21318;1.21315;0;T;True;1
1621218202000;14097205;1.21312;1.21318;1.21315;0;T;True;1
1621218203000;14097206;1.21312;1.21318;1.21315;0;T;True;1
1621218204000;14097207;1.21312;1.21318;1.21315;0;T;True;1
1621218205000;14097208;1.21312;1.21318;1.21315;0;T;True;1
1621218206000;14097210;1.21311;1.21317;1.21314;1;T;True;1
1621218207000;14097212;1.2131;1.21316;1.21313;1;T;True;1
1621218208000;14097213;1.2131;1.21316;1.21313;0;T;True;1
1621218209000;14097214;1.2131;1.21316;1.21313;0;T;True;1
1621218210000;14097215;1.2131;1.21316;1.21313;0;T;True;1
1621218211000;14097216;1.2131;1.21316;1.21313;0;T;True;1
1621218212000;14097217;1.2131;1.21316;1.21313;0;T;True;1
1621218213000;14097218;1.2131;1.21316;1.21313;0;T;True;1
1621218214000;14097219;1.2131;1.21316;1.21313;0;T;True;1
1621218215000;14097220;1.2131;1.21316;1.21313;0;T;True;1
1621218216000;14097221;1.2131;1.21316;1.21313;0;T;True;1
1621218217000;14097222;1.2131;1.21316;1.21313;0;T;True;1
1621218218000;14097223;1.2131;1.21316;1.21313;0;T;True;1
1621218219000;14097224;1.2131;1.21316;1.21313;0;T;True;1
1621218220000;14097225;1.2131;1.21316;1.21313;0;T;True;1
1621218221000;14097226;1.2131;1.21316;1.21313;0;T;True;1
1621218222000;14097227;1.2131;1.21316;1.21313;0;T;True;1
1621218223000;14097228;1.2131;1.21316;1.21313;0;T;True;1
1621218224000;14097229;1.2131;1.21316;1.21313;0;T;True;1
1621218225000;14097230;1.2131;1.21316;1.21313;0;T;True;1
1621218226000;14097231;1.2131;1.21316;1.21313;0;T;True;1
1621218227000;14097232;1.2131;1.21316;1.21313;0;T;True;1
1621218228000;14097233;1.2131;1.21316;1.21313;0;T;True;1
1621218229000;14097234;1.2131;1.21316;1.21313;0;T;True;1
1621218230000;14097235;1.2131;1.21316;1.21313;0;T;True;1
1621218231000;14097236;1.2131;1.21316;1.21313;0;T;True;1
1621218232000;14097237;1.2131;1.21316;1.21313;0;T;True;1
1621218233000;14097238;1.2131;1.21316;1.21313;0;T;True;1
1621218234000;14097240;1.21311;1.21317;1.21314;1;T;True;1
1621218235000;14097245;1.21313;1.21319;1.21316;4;T;True;1
1621218236000;14097248;1.21313;1.21319;1.21316;2;T;True;1
1621218237000;14097249;1.21313;1.21319;1.21316;0;T;True;1
1621218238000;14097254;1.21314;1.2132;1.21317;4;T;True;1
1621218239000;14097255;1.21314;1.2132;1.21317;0;T;True;1
1621218240000;14097261;1.21312;1.21318;1.21315;5;T;True;1
1621218241000;14097262;1.21312;1.21318;1.21315;0;T;True;1
1621218242000;14097264;1.21312;1.21318;1.21315;1;T;True;1
1621218243000;14097267;1.21311;1.21317;1.21314;2;T;True;1
1621218244000;14097268;1.21311;1.21317;1.21314;0;T;True;1
1621218245000;14097269;1.21311;1.21317;1.21314;0;T;True;1
1621218246000;14097270;1.21311;1.21317;1.21314;0;T;True;1
1621218247000;14097271;1.21311;1.21317;1.21314;0;T;True;1
1621218248000;14097272;1.21311;1.21317;1.21314;0;T;True;1
1621218249000;14097273;1.21311;1.21317;1.21314;0;T;True;1
1621218250000;14097274;1.21311;1.21317;1.21314;0;T;True;1
1621218251000;14097275;1.21311;1.21317;1.21314;0;T;True;1
1621218252000;14097276;1.21311;1.21317;1.21314;0;T;True;1
1621218253000;14097277;1.21311;1.21317;1.21314;0;T;True;1
1621218254000;14097282;1.2131;1.21316;1.21313;4;T;True;1
1621218255000;14097283;1.2131;1.21316;1.21313;0;T;True;1
1621218256000;14097284;1.2131;1.21316;1.21313;0;T;True;1
1621218257000;14097285;1.2131;1.21316;1.21313;0;T;True;1
1621218258000;14097286;1.2131;1.21316;1.21313;0;T;True;1
1621218259000;14097288;1.2131;1.21316;1.21313;1;T;True;1
1621218260000;14097289;1.2131;1.21316;1.21313;0;T;True;1
1621218261000;14097291;1.21309;1.21315;1.21312;1;T;True;1
1621218262000;14097292;1.21309;1.21315;1.21312;0;T;True;1
1621218263000;14097293;1.21309;1.21315;1.21312;0;T;True;1
1621218264000;14097294;1.21309;1.21315;1.21312;0;T;True;1
1621218265000;14097295;1.21309;1.21315;1.21312;0;T;True;1
1621218266000;14097296;1.21309;1.21315;1.21312;0;T;True;1
1621218267000;14097298;1.21308;1.21314;1.21311;1;T;True;1
1621218268000;14097299;1.21308;1.21314;1.21311;0;T;True;1
1621218269000;14097306;1.2131;1.21316;1.21313;6;T;True;1
1621218270000;14097309;1.2131;1.21316;1.21313;2;T;True;1
1621218271000;14097311;1.2131;1.21316;1.21313;1;T;True;1
1621218272000;14097314;1.2131;1.21316;1.21313;2;T;True;1
1621218273000;14097315;1.2131;1.21316;1.21313;0;T;True;1
1621218274000;14097318;1.21308;1.21314;1.21311;2;T;True;1
1621218275000;14097322;1.21308;1.21314;1.21311;3;T;True;1
1621218276000;14097325;1.21308;1.21314;1.21311;2;T;True;1
1621218277000;14097326;1.21308;1.21314;1.21311;0;T;True;1
1621218278000;14097327;1.21308;1.21314;1.21311;0;T;True;1
1621218279000;14097328;1.21308;1.21314;1.21311;0;T;True;1
1621218280000;14097329;1.21308;1.21314;1.21311;0;T;True;1
1621218281000;14097330;1.21308;1.21314;1.21311;0;T;True;1
1621218282000;14097333;1.21308;1.21314;1.21311;2;T;True;1
1621218283000;14097334;1.21308;1.21314;1.21311;0;T;True;1
1621218284000;14097335;1.21308;1.21314;1.21311;0;T;True;1
1621218285000;14097337;1.21308;1.21314;1.21311;1;T;True;1
1621218286000;14097341;1.21308;1.21314;1.21311;3;T;True;1
1621218287000;14097342;1.21308;1.21314;1.21311;0;T;True;1
1621218288000;14097343;1.21308;1.21314;1.21311;0;T;True;1
1621218289000;14097348;1.21309;1.21315;1.21312;4;T;True;1
1621218290000;14097349;1.21309;1.21315;1.21312;0;T;True;1
1621218291000;14097350;1.21309;1.21315;1.21312;0;T;True;1
1621218292000;14097352;1.21308;1.21314;1.21311;1;T;True;1
1621218293000;14097353;1.21308;1.21314;1.21311;0;T;True;1
1621218294000;14097354;1.21308;1.21314;1.21311;0;T;True;1
1621218295000;14097358;1.21308;1.21314;1.21311;3;T;True;1
1621218296000;14097362;1.2131;1.21316;1.21313;3;T;True;1
1621218297000;14097363;1.2131;1.21316;1.21313;0;T;True;1
1621218298000;14097364;1.2131;1.21316;1.21313;0;T;True;1
1621218299000;14097368;1.21309;1.21315;1.21312;3;T;True;1
1621218300000;14097370;1.2131;1.21316;1.21313;1;T;True;1
1621218301000;14097371;1.2131;1.21316;1.21313;0;T;True;1
1621218302000;14097372;1.2131;1.21316;1.21313;0;T;True;1
1621218303000;14097373;1.2131;1.21316;1.21313;0;T;True;1
1621218304000;14097374;1.2131;1.21316;1.21313;0;T;True;1
1621218305000;14097375;1.2131;1.21316;1.21313;0;T;True;1
1621218306000;14097377;1.2131;1.21316;1.21313;1;T;True;1
1621218307000;14097378;1.2131;1.21316;1.21313;0;T;True;1
1621218308000;14097380;1.2131;1.21316;1.21313;1;T;True;1
1621218309000;14097385;1.21309;1.21315;1.21312;4;T;True;1
1621218310000;14097387;1.2131;1.21316;1.21313;1;T;True;1
1621218311000;14097388;1.2131;1.21316;1.21313;0;T;True;1
1621218312000;14097389;1.2131;1.21316;1.21313;0;T;True;1
1621218313000;14097390;1.2131;1.21316;1.21313;0;T;True;1
1621218314000;14097391;1.2131;1.21316;1.21313;0;T;True;1
1621218315000;14097392;1.2131;1.21316;1.21313;0;T;True;1
1621218316000;14097393;1.2131;1.21316;1.21313;0;T;True;1
1621218317000;14097394;1.2131;1.21316;1.21313;0;T;True;1
1621218318000;14097397;1.21308;1.21314;1.21311;2;T;True;1
1621218319000;14097398;1.21308;1.21314;1.21311;0;T;True;1
1621218320000;14097399;1.21308;1.21314;1.21311;0;T;True;1
1621218321000;14097400;1.21308;1.21314;1.21311;0;T;True;1
1621218322000;14097401;1.21308;1.21314;1.21311;0;T;True;1
1621218323000;14097402;1.21308;1.21314;1.21311;0;T;True;1
1621218324000;14097403;1.21308;1.21314;1.21311;0;T;True;1
1621218325000;14097404;1.21308;1.21314;1.21311;0;T;True;1
1621218326000;14097405;1.21308;1.21314;1.21311;0;T;True;1
1621218327000;14097406;1.21308;1.21314;1.21311;0;T;True;1
1621218328000;14097412;1.21311;1.21317;1.21314;5;T;True;1
1621218329000;14097413;1.21311;1.21317;1.21314;0;T;True;1
1621218330000;14097415;1.21311;1.21317;1.21314;1;T;True;1
1621218331000;14097418;1.21312;1.21318;1.21315;2;T;True;1
1621218332000;14097419;1.21312;1.21318;1.21315;0;T;True;1
1621218333000;14097422;1.21311;1.21317;1.21314;2;T;True;1
1621218334000;14097425;1.21312;1.21318;1.21315;2;T;True;1
1621218335000;14097426;1.21312;1.21318;1.21315;0;T;True;1
1621218336000;14097428;1.21312;1.21318;1.21315;1;T;True;1
1621218337000;14097429;1.21312;1.21318;1.21315;0;T;True;1
1621218338000;14097430;1.21312;1.21318;1.21315;0;T;True;1
1621218339000;14097431;1.21312;1.21318;1.21315;0;T;True;1
1621218340000;14097432;1.21312;1.21318;1.21315;0;T;True;1
1621218341000;14097438;1.21312;1.21318;1.21315;5;T;True;1
1621218342000;14097440;1.21313;1.21319;1.21316;1;T;True;1
1621218343000;14097442;1.21312;1.21318;1.21315;1;T;True;1
1621218344000;14097443;1.21312;1.21318;1.21315;0;T;True;1
1621218345000;14097446;1.21312;1.21318;1.21315;2;T;True;1
1621218346000;14097447;1.21312;1.21318;1.21315;0;T;True;1
1621218347000;14097449;1.21313;1.21319;1.21316;1;T;True;1
1621218348000;14097452;1.21312;1.21318;1.21315;2;T;True;1
1621218349000;14097453;1.21312;1.21318;1.21315;0;T;True;1
1621218350000;14097456;1.21312;1.21318;1.21315;2;T;True;1
1621218351000;14097458;1.21312;1.21318;1.21315;1;T;True;1
1621218352000;14097461;1.21312;1.21318;1.21315;2;T;True;1
1621218353000;14097464;1.21312;1.21318;1.21315;2;T;True;1
1621218354000;14097465;1.21312;1.21318;1.21315;0;T;True;1
1621218355000;14097466;1.21312;1.21318;1.21315;0;T;True;1
1621218356000;14097467;1.21312;1.21318;1.21315;0;T;True;1
1621218357000;14097468;1.21312;1.21318;1.21315;0;T;True;1
1621218358000;14097471;1.21312;1.21318;1.21315;2;T;True;1
1621218359000;14097472;1.21312;1.21318;1.21315;0;T;True;1
1621218360000;14097473;1.21312;1.21318;1.21315;0;T;True;1
1621218361000;14097474;1.21312;1.21318;1.21315;0;T;True;1
1621218362000;14097475;1.21312;1.21318;1.21315;0;T;True;1
1621218363000;14097476;1.21312;1.21318;1.21315;0;T;True;1
1621218364000;14097477;1.21312;1.21318;1.21315;0;T;True;1
1621218365000;14097478;1.21312;1.21318;1.21315;0;T;True;1
1621218366000;14097481;1.21312;1.21318;1.21315;2;T;True;1
1621218367000;14097482;1.21312;1.21318;1.21315;0;T;True;1
1621218368000;14097483;1.21312;1.21318;1.21315;0;T;True;1
1621218369000;14097484;1.21312;1.21318;1.21315;0;T;True;1
1621218370000;14097486;1.21312;1.21318;1.21315;1;T;True;1
1621218371000;14097487;1.21312;1.21318;1.21315;0;T;True;1
1621218372000;14097488;1.21312;1.21318;1.21315;0;T;True;1
1621218373000;14097489;1.21312;1.21318;1.21315;0;T;True;1
1621218374000;14097490;1.21312;1.21318;1.21315;0;T;True;1
1621218375000;14097492;1.21312;1.21318;1.21315;1;T;True;1
1621218376000;14097493;1.21312;1.21318;1.21315;0;T;True;1
1621218377000;14097494;1.21312;1.21318;1.21315;0;T;True;1
1621218378000;14097495;1.21312;1.21318;1.21315;0;T;True;1
1621218379000;14097496;1.21312;1.21318;1.21315;0;T;True;1
1621218380000;14097497;1.21312;1.21318;1.21315;0;T;True;1
1621218381000;14097498;1.21312;1.21318;1.21315;0;T;True;1
1621218382000;14097499;1.21312;1.21318;1.21315;0;T;True;1
1621218383000;14097503;1.2131;1.21316;1.21313;3;T;True;1
1621218384000;14097508;1.21308;1.21314;1.21311;4;T;True;1
1621218385000;14097509;1.21308;1.21314;1.21311;0;T;True;1
1621218386000;14097510;1.21308;1.21314;1.21311;0;T;True;1
1621218387000;14097511;1.21308;1.21314;1.21311;0;T;True;1
1621218388000;14097512;1.21308;1.21314;1.21311;0;T;True;1
1621218389000;14097513;1.21308;1.21314;1.21311;0;T;True;1
1621218390000;14097514;1.21308;1.21314;1.21311;0;T;True;1
1621218391000;14097515;1.21308;1.21314;1.21311;0;T;True;1
1621218392000;14097516;1.21308;1.21314;1.21311;0;T;True;1
1621218393000;14097517;1.21308;1.21314;1.21311;0;T;True;1
1621218394000;14097518;1.21308;1.21314;1.21311;0;T;True;1
