ts;n;bid;ask;value;volume;phase;round;active_id
1621241862000;14149205;1.21488;1.21494;1.21491;0;T;True;1
1621241863000;14149207;1.21488;1.21494;1.21491;1;T;True;1
1621241864000;14149211;1.21488;1.21494;1.21491;3;T;True;1
1621241865000;14149217;1.21489;1.21495;1.21492;5;T;True;1
1621241866000;14149218;1.21489;1.21495;1.21492;0;T;True;1
1621241867000;14149220;1.21489;1.21495;1.21492;1;T;True;1
1621241868000;14149223;1.21489;1.21495;1.21492;2;T;True;1
1621241869000;14149225;1.21489;1.21495;1.21492;1;T;True;1
1621241870000;14149226;1.21489;1.21495;1.21492;0;T;True;1
1621241871000;14149227;1.21489;1.21495;1.21492;0;T;True;1
1621241872000;14149232;1.21489;1.21495;1.21492;4;T;True;1
1621241873000;14149235;1.21489;1.21495;1.21492;2;T;True;1
1621241874000;14149239;1.21489;1.21495;1.21492;3;T;True;1
1621241875000;14149241;1.21489;1.21495;1.21492;1;T;True;1
1621241876000;14149244;1.21489;1.21495;1.21492;2;T;True;1
1621241877000;14149249;1.21489;1.21495;1.21492;4;T;True;1
1621241878000;14149252;1.21488;1.21494;1.21491;2;T;True;1
1621241879000;14149255;1.21488;1.21494;1.21491;2;T;True;1
1621241880000;14149257;1.21488;1.21494;1.21491;1;T;True;1
1621241881000;14149263;1.21488;1.21494;1.21491;5;T;True;1
1621241882000;14149264;1.21488;1.21494;1.21491;0;T;True;1
1621241883000;14149266;1.21488;1.21494;1.21491;1;T;True;1
1621241884000;14149267;1.21488;1.21494;1.21491;0;T;True;1
1621241885000;14149273;1.21488;1.21494;1.21491;5;T;True;1
1621241886000;14149275;1.21488;1.21494;1.21491;1;T;True;1
1621241887000;14149276;1.21488;1.21494;1.21491;0;T;True;1
1621241888000;14149277;1.21488;1.21494;1.21491;0;T;True;1
1621241889000;14149278;1.21488;1.21494;1.21491;0;T;True;1
1621241890000;14149279;1.21488;1.21494;1.21491;0;T;True;1
1621241891000;14149280;1.21488;1.21494;1.21491;0;T;True;1
1621241892000;14149282;1.21488;1.21494;1.21491;1;T;True;1
1621241893000;14149283;1.21488;1.21494;1.21491;0;T;True;1
1621241894000;14149289;1.21489;1.21495;1.21492;5;T;True;1
1621241895000;14149295;1.21492;1.21498;1.21495;5;T;True;1
1621241896000;14149298;1.21492;1.21498;1.21495;2;T;True;1
1621241897000;14149299;1.21492;1.21498;1.21495;0;T;True;1
1621241898000;14149304;1.21492;1.21498;1.21495;4;T;True;1
1621241899000;14149305;1.21492;1.21498;1.21495;0;T;True;1
1621241900000;14149306;1.21492;1.21498;1.21495;0;T;True;1
1621241901000;14149307;1.21492;1.21498;1.21495;0;T;True;1
1621241902000;14149308;1.21492;1.21498;1.21495;0;T;True;1
1621241903000;14149310;1.21492;1.21498;1.21495;1;T;True;1
1621241904000;14149311;1.21492;1.21498;1.21495;0;T;True;1
1621241905000;14149312;1.21492;1.21498;1.21495;0;T;True;1
1621241906000;14149317;1.2149;1.21496;1.21493;4;T;True;1
1621241907000;14149320;1.2149;1.21496;1.21493;2;T;True;1
1621241908000;14149321;1.2149;1.21496;1.21493;0;T;True;1
1621241909000;14149328;1.2149;1.21496;1.21493;6;T;True;1
1621241910000;14149336;1.21488;1.21494;1.21491;7;T;True;1
1621241911000;14149340;1.21488;1.21494;1.21491;3;T;True;1
1621241912000;14149341;1.21488;1.21494;1.21491;0;T;True;1
1621241913000;14149346;1.21488;1.21494;1.21491;4;T;True;1
1621241914000;14149347;1.21488;1.21494;1.21491;0;T;True;1
1621241915000;14149349;1.21488;1.21494;1.21491;1;T;True;1
1621241916000;14149351;1.21488;1.21494;1.21491;1;T;True;1
1621241917000;14149352;1.21488;1.21494;1.21491;0;T;True;1
1621241918000;14149353;1.21488;1.21494;1.21491;0;T;True;1
1621241919000;14149354;1.21488;1.21494;1.21491;0;T;True;1
1621241920000;14149356;1.21488;1.21494;1.21491;1;T;True;1
1621241921000;14149359;1.21489;1.21495;1.21492;2;T;True;1
1621241922000;14149361;1.21489;1.21495;1.21492;1;T;True;1
1621241923000;14149364;1.21489;1.21495;1.21492;2;T;True;1
1621241924000;14149366;1.21489;1.21495;1.21492;1;T;True;1
1621241925000;14149370;1.21489;1.21495;1.21492;3;T;True;1
1621241926000;14149375;1.21489;1.21495;1.21492;4;T;True;1
1621241927000;14149377;1.2149;1.21496;1.21493;1;T;True;1
1621241928000;14149379;1.21489;1.21495;1.21492;1;T;True;1
1621241929000;14149382;1.21489;1.21495;1.21492;2;T;True;1
1621241930000;14149385;1.21489;1.21495;1.21492;2;T;True;1
1621241931000;14149386;1.21489;1.21495;1.21492;0;T;True;1
1621241932000;14149387;1.21489;1.21495;1.21492;0;T;True;1
1621241933000;14149388;1.21489;1.21495;1.21492;0;T;True;1
1621241934000;14149389;1.21489;1.21495;1.21492;0;T;True;1
1621241935000;14149391;1.21489;1.21495;1.21492;1;T;True;1
1621241936000;14149392;1.21489;1.21495;1.21492;0;T;True;1
1621241937000;14149393;1.21489;1.21495;1.21492;0;T;True;1
1621241938000;14149395;1.21489;1.21495;1.21492;1;T;True;1
1621241939000;14149396;1.21489;1.21495;1.21492;0;T;True;1
1621241940000;14149399;1.2149;1.21496;1.21493;2;T;True;1
1621241941000;14149401;1.2149;1.21496;1.21493;1;T;True;1
1621241942000;14149403;1.2149;1.21496;1.21493;1;T;True;1
1621241943000;14149408;1.21488;1.21494;1.21491;4;T;True;1
1621241944000;14149409;1.21488;1.21494;1.21491;0;T;True;1
1621241945000;14149412;1.21489;1.21495;1.21492;2;T;True;1
1621241946000;14149416;1.21486;1.21492;1.21489;3;T;True;1
1621241947000;14149417;1.21486;1.21492;1.21489;0;T;True;1
1621241948000;14149419;1.21486;1.21492;1.21489;1;T;True;1
1621241949000;14149424;1.21483;1.21489;1.21486;4;T;True;1
1621241950000;14149428;1.21483;1.21489;1.21486;3;T;True;1
1621241951000;14149429;1.21483;1.21489;1.21486;0;T;True;1
1621241952000;14149431;1.21482;1.21488;1.21485;1;T;True;1
1621241953000;14149434;1.21483;1.21489;1.21486;2;T;True;1
1621241954000;14149435;1.21483;1.21489;1.21486;0;T;True;1
1621241955000;14149440;1.21484;1.2149;1.21487;4;T;True;1
1621241956000;14149442;1.21484;1.2149;1.21487;1;T;True;1
1621241957000;14149443;1.21484;1.2149;1.21487;0;T;True;1
1621241958000;14149444;1.21484;1.2149;1.21487;0;T;True;1
1621241959000;14149445;1.21484;1.2149;1.21487;0;T;True;1
1621241960000;14149448;1.21484;1.2149;1.21487;2;T;True;1
1621241961000;14149453;1.21482;1.21488;1.21485;4;T;True;1
1621241962000;14149457;1.21482;1.21488;1.21485;3;T;True;1
1621241963000;14149458;1.21482;1.21488;1.21485;0;T;True;1
1621241964000;14149461;1.2148;1.21486;1.21483;2;T;True;1
1621241965000;14149463;1.2148;1.21486;1.21483;1;T;True;1
1621241966000;14149464;1.2148;1.21486;1.21483;0;T;True;1
1621241967000;14149465;1.2148;1.21486;1.21483;0;T;True;1
1621241968000;14149466;1.2148;1.21486;1.21483;0;T;True;1
1621241969000;14149469;1.21482;1.21488;1.21485;2;T;True;1
1621241970000;14149470;1.21482;1.21488;1.21485;0;T;True;1
1621241971000;14149473;1.21484;1.2149;1.21487;2;T;True;1
1621241972000;14149480;1.21487;1.21493;1.2149;6;T;True;1
1621241973000;14149481;1.21487;1.21493;1.2149;0;T;True;1
1621241974000;14149482;1.21487;1.21493;1.2149;0;T;True;1
1621241975000;14149486;1.21486;1.21492;1.21489;3;T;True;1
1621241976000;14149488;1.21486;1.21492;1.21489;1;T;True;1
1621241977000;14149489;1.21486;1.21492;1.21489;0;T;True;1
1621241978000;14149490;1.21486;1.21492;1.21489;0;T;True;1
1621241979000;14149492;1.21486;1.21492;1.21489;1;T;True;1
1621241980000;14149493;1.21486;1.21492;1.21489;0;T;True;1
1621241981000;14149495;1.21485;1.21491;1.21488;1;T;True;1
1621241982000;14149496;1.21485;1.21491;1.21488;0;T;True;1
1621241983000;14149500;1.21485;1.21491;1.21488;3;T;True;1
1621241984000;14149504;1.21484;1.2149;1.21487;3;T;True;1
1621241985000;14149509;1.21485;1.21491;1.21488;4;T;True;1
1621241986000;14149515;1.21484;1.2149;1.21487;5;T;True;1
1621241987000;14149517;1.21482;1.21488;1.21485;1;T;True;1
1621241988000;14149518;1.21482;1.21488;1.21485;0;T;True;1
1621241989000;14149520;1.21482;1.21488;1.21485;1;T;True;1
1621241990000;14149521;1.21482;1.21488;1.21485;0;T;True;1
1621241991000;14149522;1.21482;1.21488;1.21485;0;T;True;1
1621241992000;14149525;1.21481;1.21487;1.21484;2;T;True;1
1621241993000;14149528;1.2148;1.21486;1.21483;2;T;True;1
1621241994000;14149532;1.2148;1.21486;1.21483;3;T;True;1
1621241995000;14149533;1.2148;1.21486;1.21483;0;T;True;1
1621241996000;14149537;1.21479;1.21485;1.21482;3;T;True;1
1621241997000;14149538;1.21479;1.21485;1.21482;0;T;True;1
1621241998000;14149540;1.21479;1.21485;1.21482;1;T;True;1
1621241999000;14149543;1.21478;1.21484;1.21481;2;T;True;1
1621242000000;14149545;1.21478;1.21484;1.21481;1;T;True;1
1621242001000;14149552;1.21476;1.21482;1.21479;6;T;True;1
1621242002000;14149559;1.21478;1.21484;1.21481;6;T;True;1
1621242003000;14149560;1.21478;1.21484;1.21481;0;T;True;1
1621242004000;14149562;1.21477;1.21483;1.2148;1;T;True;1
1621242005000;14149564;1.21476;1.21482;1.21479;1;T;True;1
1621242006000;14149566;1.21476;1.21482;1.21479;1;T;True;1
1621242007000;14149568;1.21475;1.21481;1.21478;1;T;True;1
1621242008000;14149569;1.21475;1.21481;1.21478;0;T;True;1
1621242009000;14149572;1.21473;1.21479;1.21476;2;T;True;1
1621242010000;14149575;1.21473;1.21479;1.21476;2;T;True;1
1621242011000;14149583;1.21469;1.21475;1.21472;7;T;True;1
1621242012000;14149584;1.21469;1.21475;1.21472;0;T;True;1
1621242013000;14149586;1.21468;1.21474;1.21471;1;T;True;1
1621242014000;14149587;1.21468;1.21474;1.21471;0;T;True;1
1621242015000;14149588;1.21468;1.21474;1.21471;0;T;True;1
1621242016000;14149589;1.21468;1.21474;1.21471;0;T;True;1
1621242017000;14149590;1.21468;1.21474;1.21471;0;T;True;1
1621242018000;14149593;1.21468;1.21474;1.21471;2;T;True;1
1621242019000;14149598;1.21469;1.21475;1.21472;4;T;True;1
1621242020000;14149599;1.21469;1.21475;1.21472;0;T;True;1
1621242021000;14149600;1.21469;1.21475;1.21472;0;T;True;1
1621242022000;14149601;1.21469;1.21475;1.21472;0;T;True;1
1621242023000;14149602;1.21469;1.21475;1.21472;0;T;True;1
1621242024000;14149611;1.21475;1.21481;1.21478;8;T;True;1
1621242025000;14149615;1.21476;1.21482;1.21479;3;T;True;1
1621242026000;14149616;1.21476;1.21482;1.21479;0;T;True;1
1621242027000;14149619;1.21475;1.21481;1.21478;2;T;True;1
1621242028000;14149624;1.21472;1.21478;1.21475;4;T;True;1
1621242029000;14149625;1.21472;1.21478;1.21475;0;T;True;1
1621242030000;14149626;1.21472;1.21478;1.21475;0;T;True;1
1621242031000;14149627;1.21472;1.21478;1.21475;0;T;True;1
1621242032000;14149633;1.21468;1.21474;1.21471;5;T;True;1
1621242033000;14149634;1.21468;1.21474;1.21471;0;T;True;1
1621242034000;14149640;1.21469;1.21475;1.21472;5;T;True;1
1621242035000;14149642;1.21469;1.21475;1.21472;1;T;True;1
1621242036000;14149645;1.21469;1.21475;1.21472;2;T;True;1
1621242037000;14149647;1.21469;1.21475;1.21472;1;T;True;1
1621242038000;14149648;1.21469;1.21475;1.21472;0;T;True;1
1621242039000;14149651;1.2147;1.21476;1.21473;2;T;True;1
1621242040000;14149654;1.2147;1.21476;1.21473;2;T;True;1
1621242041000;14149657;1.21469;1.21475;1.21472;2;T;True;1
1621242042000;14149659;1.21469;1.21475;1.21472;1;T;True;1
1621242043000;14149660;1.21469;1.21475;1.21472;0;T;True;1
1621242044000;14149661;1.21469;1.21475;1.21472;0;T;True;1
1621242045000;14149665;1.2147;1.21476;1.21473;3;T;True;1
1621242046000;14149670;1.2147;1.21476;1.21473;4;T;True;1
1621242047000;14149671;1.2147;1.21476;1.21473;0;T;True;1
1621242048000;14149672;1.2147;1.21476;1.21473;0;T;True;1
1621242049000;14149673;1.2147;1.21476;1.21473;0;T;True;1
1621242050000;14149681;1.21474;1.2148;1.21477;7;T;True;1
1621242051000;14149683;1.21474;1.2148;1.21477;1;T;True;1
1621242052000;14149685;1.21474;1.2148;1.21477;1;T;True;1
1621242053000;14149686;1.21474;1.2148;1.21477;0;T;True;1
1621242054000;14149688;1.21474;1.2148;1.21477;1;T;True;1
1621242055000;14149689;1.21474;1.2148;1.21477;0;T;True;1
1621242056000;14149690;1.21474;1.2148;1.21477;0;T;True;1
1621242057000;14149691;1.21474;1.2148;1.21477;0;T;True;1
1621242058000;14149694;1.21474;1.2148;1.21477;2;T;True;1
1621242059000;14149695;1.21474;1.2148;1.21477;0;T;True;1
1621242060000;14149696;1.21474;1.2148;1.21477;0;T;True;1
1621242061000;14149697;1.21474;1.2148;1.21477;0;T;True;1
1621242062000;14149700;1.21472;1.21478;1.21475;2;T;True;1
1621242063000;14149701;1.21472;1.21478;1.21475;0;T;True;1
1621242064000;14149702;1.21472;1.21478;1.21475;0;T;True;1
1621242065000;14149703;1.21472;1.21478;1.21475;0;T;True;1
1621242066000;14149704;1.21472;1.21478;1.21475;0;T;True;1
1621242067000;14149706;1.21472;1.21478;1.21475;1;T;True;1
1621242068000;14149709;1.21472;1.21478;1.21475;2;T;True;1
1621242069000;14149710;1.21472;1.21478;1.21475;0;T;True;1
1621242070000;14149712;1.21472;1.21478;1.21475;1;T;True;1
1621242071000;14149714;1.21472;1.21478;1.21475;1;T;True;1
1621242072000;14149715;1.21472;1.21478;1.21475;0;T;True;1
1621242073000;14149716;1.21472;1.21478;1.21475;0;T;True;1
1621242074000;14149727;1.2147;1.21476;1.21473;10;T;True;1
1621242075000;14149732;1.2147;1.21476;1.21473;4;T;True;1
1621242076000;14149734;1.21472;1.21478;1.21475;1;T;True;1
1621242077000;14149737;1.21472;1.21478;1.21475;2;T;True;1
1621242078000;14149741;1.21472;1.21478;1.21475;3;T;True;1
1621242079000;14149742;1.21472;1.21478;1.21475;0;T;True;1
1621242080000;14149743;1.21472;1.21478;1.21475;0;T;True;1
1621242081000;14149745;1.21472;1.21478;1.21475;1;T;True;1
1621242082000;14149746;1.21472;1.21478;1.21475;0;T;True;1
1621242083000;14149749;1.2147;1.21476;1.21473;2;T;True;1
1621242084000;14149751;1.2147;1.21476;1.21473;1;T;True;1
1621242085000;14149756;1.21471;1.21477;1.21474;4;T;True;1
1621242086000;14149757;1.21471;1.21477;1.21474;0;T;True;1
1621242087000;14149758;1.21471;1.21477;1.21474;0;T;True;1
1621242088000;14149760;1.21471;1.21477;1.21474;1;T;True;1
1621242089000;14149761;1.21471;1.21477;1.21474;0;T;True;1
1621242090000;14149764;1.21471;1.21477;1.21474;2;T;True;1
1621242091000;14149766;1.21471;1.21477;1.21474;1;T;True;1
1621242092000;14149767;1.21471;1.21477;1.21474;0;T;True;1
1621242093000;14149769;1.21471;1.21477;1.21474;1;T;True;1
1621242094000;14149771;1.21471;1.21477;1.21474;1;T;True;1
1621242095000;14149773;1.21471;1.21477;1.21474;1;T;True;1
1621242096000;14149780;1.21473;1.21479;1.21476;6;T;True;1
1621242097000;14149781;1.21473;1.21479;1.21476;0;T;True;1
1621242098000;14149787;1.21474;1.2148;1.21477;5;T;True;1
1621242099000;14149789;1.21474;1.2148;1.21477;1;T;True;1
1621242100000;14149791;1.21474;1.2148;1.21477;1;T;True;1
1621242101000;14149793;1.21474;1.2148;1.21477;1;T;True;1
1621242102000;14149794;1.21474;1.2148;1.21477;0;T;True;1
1621242103000;14149795;1.21474;1.2148;1.21477;0;T;True;1
1621242104000;14149797;1.21474;1.2148;1.21477;1;T;True;1
1621242105000;14149798;1.21474;1.2148;1.21477;0;T;True;1
1621242106000;14149800;1.21474;1.2148;1.21477;1;T;True;1
1621242107000;14149801;1.21474;1.2148;1.21477;0;T;True;1
1621242108000;14149803;1.21474;1.2148;1.21477;1;T;True;1
1621242109000;14149804;1.21474;1.2148;1.21477;0;T;True;1
1621242110000;14149805;1.21474;1.2148;1.21477;0;T;True;1
1621242111000;14149809;1.21474;1.2148;1.21477;3;T;True;1
1621242112000;14149810;1.21474;1.2148;1.21477;0;T;True;1
1621242113000;14149813;1.21474;1.2148;1.21477;2;T;True;1
1621242114000;14149816;1.21474;1.2148;1.21477;2;T;True;1
1621242115000;14149817;1.21474;1.2148;1.21477;0;T;True;1
1621242116000;14149822;1.2147;1.21476;1.21473;4;T;True;1
1621242117000;14149823;1.2147;1.21476;1.21473;0;T;True;1
1621242118000;14149824;1.2147;1.21476;1.21473;0;T;True;1
1621242119000;14149825;1.2147;1.21476;1.21473;0;T;True;1
1621242120000;14149830;1.21471;1.21477;1.21474;4;T;True;1
1621242121000;14149834;1.2147;1.21476;1.21473;3;T;True;1
1621242122000;14149835;1.2147;1.21476;1.21473;0;T;True;1
1621242123000;14149836;1.2147;1.21476;1.21473;0;T;True;1
1621242124000;14149837;1.2147;1.21476;1.21473;0;T;True;1
1621242125000;14149839;1.2147;1.21476;1.21473;1;T;True;1
1621242126000;14149841;1.2147;1.21476;1.21473;1;T;True;1
1621242127000;14149842;1.2147;1.21476;1.21473;0;T;True;1
1621242128000;14149843;1.2147;1.21476;1.21473;0;T;True;1
1621242129000;14149844;1.2147;1.21476;1.21473;0;T;True;1
1621242130000;14149845;1.2147;1.21476;1.21473;0;T;True;1
1621242131000;14149846;1.2147;1.21476;1.21473;0;T;True;1
1621242132000;14149853;1.21471;1.21477;1.21474;6;T;True;1
1621242133000;14149855;1.21472;1.21478;1.21475;1;T;True;1
1621242134000;14149860;1.21472;1.21478;1.21475;4;T;True;1
1621242135000;14149866;1.21475;1.21481;1.21478;5;T;True;1
1621242136000;14149867;1.21475;1.21481;1.21478;0;T;True;1
1621242137000;14149869;1.21474;1.2148;1.21477;1;T;True;1
1621242138000;14149875;1.21476;1.21482;1.21479;5;T;True;1
1621242139000;14149877;1.21476;1.21482;1.21479;1;T;True;1
1621242140000;14149878;1.21476;1.21482;1.21479;0;T;True;1
1621242141000;14149880;1.21475;1.21481;1.21478;1;T;True;1
1621242142000;14149883;1.21473;1.21479;1.21476;2;T;True;1
1621242143000;14149884;1.21473;1.21479;1.21476;0;T;True;1
1621242144000;14149885;1.21473;1.21479;1.21476;0;T;True;1
1621242145000;14149886;1.21473;1.21479;1.21476;0;T;True;1
1621242146000;14149887;1.21473;1.21479;1.21476;0;T;True;1
1621242147000;14149888;1.21473;1.21479;1.21476;0;T;True;1
1621242148000;14149889;1.21473;1.21479;1.21476;0;T;True;1
1621242149000;14149890;1.21473;1.21479;1.21476;0;T;True;1
1621242150000;14149891;1.21473;1.21479;1.21476;0;T;True;1
1621242151000;14149892;1.21473;1.21479;1.21476;0;T;True;1
1621242152000;14149893;1.21473;1.21479;1.21476;0;T;True;1
1621242153000;14149894;1.21473;1.21479;1.21476;0;T;True;1
1621242154000;14149896;1.21472;1.21478;1.21475;1;T;True;1
1621242155000;14149906;1.21472;1.21478;1.21475;9;T;True;1
1621242156000;14149908;1.21472;1.21478;1.21475;1;T;True;1
1621242157000;14149914;1.21474;1.2148;1.21477;5;T;True;1
1621242158000;14149917;1.21475;1.21481;1.21478;2;T;True;1
1621242159000;14149919;1.21475;1.21481;1.21478;1;T;True;1
1621242160000;14149922;1.21474;1.2148;1.21477;2;T;True;1
1621242161000;14149923;1.21474;1.2148;1.21477;0;T;True;1
1621242162000;14149924;1.21474;1.2148;1.21477;0;T;True;1
1621242163000;14149930;1.21475;1.21481;1.21478;5;T;True;1
1621242164000;14149932;1.21475;1.21481;1.21478;1;T;True;1
1621242165000;14149933;1.21475;1.21481;1.21478;0;T;True;1
1621242166000;14149935;1.21474;1.2148;1.21477;1;T;True;1
1621242167000;14149937;1.21474;1.2148;1.21477;1;T;True;1
1621242168000;14149938;1.21474;1.2148;1.21477;0;T;True;1
1621242169000;14149940;1.21474;1.2148;1.21477;1;T;True;1
1621242170000;14149941;1.21474;1.2148;1.21477;0;T;True;1
1621242171000;14149942;1.21474;1.2148;1.21477;0;T;True;1
1621242172000;14149945;1.21476;1.21482;1.21479;2;T;True;1
1621242173000;14149948;1.21476;1.21482;1.21479;2;T;True;1
1621242174000;14149950;1.21476;1.21482;1.21479;1;T;True;1
1621242175000;14149957;1.21475;1.21481;1.21478;6;T;True;1
1621242176000;14149958;1.21475;1.21481;1.21478;0;T;True;1
1621242177000;14149969;1.21472;1.21478;1.21475;10;T;True;1
1621242178000;14149973;1.21473;1.21479;1.21476;3;T;True;1
1621242179000;14149974;1.21473;1.21479;1.21476;0;T;True;1
1621242180000;14149975;1.21473;1.21479;1.21476;0;T;True;1
1621242181000;14149976;1.21473;1.21479;1.21476;0;T;True;1
1621242182000;14149986;1.21471;1.21477;1.21474;9;T;True;1
1621242183000;14149989;1.21471;1.21477;1.21474;2;T;True;1
1621242184000;14149993;1.21472;1.21478;1.21475;3;T;True;1
1621242185000;14149995;1.21472;1.21478;1.21475;1;T;True;1
1621242186000;14149996;1.21472;1.21478;1.21475;0;T;True;1
1621242187000;14149997;1.21472;1.21478;1.21475;0;T;True;1
1621242188000;14149998;1.21472;1.21478;1.21475;0;T;True;1
1621242189000;14149999;1.21472;1.21478;1.21475;0;T;True;1
1621242190000;14150000;1.21472;1.21478;1.21475;0;T;True;1
1621242191000;14150002;1.21472;1.21478;1.21475;1;T;True;1
1621242192000;14150006;1.2147;1.21476;1.21473;3;T;True;1
1621242193000;14150007;1.2147;1.21476;1.21473;0;T;True;1
1621242194000;14150008;1.2147;1.21476;1.21473;0;T;True;1
1621242195000;14150009;1.2147;1.21476;1.21473;0;T;True;1
1621242196000;14150010;1.2147;1.21476;1.21473;0;T;True;1
1621242197000;14150011;1.2147;1.21476;1.21473;0;T;True;1
1621242198000;14150012;1.2147;1.21476;1.21473;0;T;True;1
1621242199000;14150013;1.2147;1.21476;1.21473;0;T;True;1
1621242200000;14150014;1.2147;1.21476;1.21473;0;T;True;1
1621242201000;14150015;1.2147;1.21476;1.21473;0;T;True;1
1621242202000;14150016;1.2147;1.21476;1.21473;0;T;True;1
1621242203000;14150017;1.2147;1.21476;1.21473;0;T;True;1
1621242204000;14150018;1.2147;1.21476;1.21473;0;T;True;1
1621242205000;14150021;1.21469;1.21475;1.21472;2;T;True;1
1621242206000;14150025;1.21466;1.21472;1.21469;3;T;True;1
1621242207000;14150026;1.21466;1.21472;1.21469;0;T;True;1
1621242208000;14150028;1.21466;1.21472;1.21469;1;T;True;1
1621242209000;14150032;1.21468;1.21474;1.21471;3;T;True;1
1621242210000;14150033;1.21468;1.21474;1.21471;0;T;True;1
1621242211000;14150035;1.21468;1.21474;1.21471;1;T;True;1
1621242212000;14150036;1.21468;1.21474;1.21471;0;T;True;1
1621242213000;14150037;1.21468;1.21474;1.21471;0;T;True;1
1621242214000;14150039;1.21468;1.21474;1.21471;1;T;True;1
1621242215000;14150040;1.21468;1.21474;1.21471;0;T;True;1
1621242216000;14150045;1.21468;1.21474;1.21471;4;T;True;1
1621242217000;14150047;1.21468;1.21474;1.21471;1;T;True;1
1621242218000;14150051;1.21468;1.21474;1.21471;3;T;True;1
1621242219000;14150052;1.21468;1.21474;1.21471;0;T;True;1
1621242220000;14150054;1.21468;1.21474;1.21471;1;T;True;1
1621242221000;14150056;1.21468;1.21474;1.21471;1;T;True;1
1621242222000;14150057;1.21468;1.21474;1.21471;0;T;True;1
1621242223000;14150058;1.21468;1.21474;1.21471;0;T;True;1
1621242224000;14150060;1.21468;1.21474;1.21471;1;T;True;1
1621242225000;14150068;1.21472;1.21478;1.21475;7;T;True;1
1621242226000;14150078;1.21472;1.21478;1.21475;9;T;True;1
1621242227000;14150079;1.21472;1.21478;1.21475;0;T;True;1
1621242228000;14150081;1.21472;1.21478;1.21475;1;T;True;1
1621242229000;14150087;1.21469;1.21475;1.21472;5;T;True;1
1621242230000;14150089;1.21469;1.21475;1.21472;1;T;True;1
1621242231000;14150094;1.21469;1.21475;1.21472;4;T;True;1
1621242232000;14150098;1.21469;1.21475;1.21472;3;T;True;1
1621242233000;14150099;1.21469;1.21475;1.21472;0;T;True;1
1621242234000;14150101;1.21469;1.21475;1.21472;1;T;True;1
1621242235000;14150102;1.21469;1.21475;1.21472;0;T;True;1
1621242236000;14150108;1.21468;1.21474;1.21471;5;T;True;1
1621242237000;14150115;1.21468;1.21474;1.21471;6;T;True;1
1621242238000;14150128;1.21466;1.21472;1.21469;12;T;True;1
1621242239000;14150131;1.21466;1.21472;1.21469;2;T;True;1
1621242240000;14150135;1.21465;1.21471;1.21468;3;T;True;1
1621242241000;14150138;1.21464;1.2147;1.21467;2;T;True;1
1621242242000;14150139;1.21464;1.2147;1.21467;0;T;True;1
1621242243000;14150140;1.21464;1.2147;1.21467;0;T;True;1
1621242244000;14150147;1.21462;1.21468;1.21465;6;T;True;1
1621242245000;14150150;1.21462;1.21468;1.21465;2;T;True;1
1621242246000;14150158;1.21459;1.21465;1.21462;7;T;True;1
1621242247000;14150160;1.21459;1.21465;1.21462;1;T;True;1
1621242248000;14150162;1.2146;1.21466;1.21463;1;T;True;1
1621242249000;14150167;1.21462;1.21468;1.21465;4;T;True;1
1621242250000;14150170;1.21461;1.21467;1.21464;2;T;True;1
1621242251000;14150172;1.2146;1.21466;1.21463;1;T;True;1
1621242252000;14150179;1.2146;1.21466;1.21463;6;T;True;1
1621242253000;14150180;1.2146;1.21466;1.21463;0;T;True;1
1621242254000;14150183;1.21459;1.21465;1.21462;2;T;True;1
1621242255000;14150186;1.21459;1.21465;1.21462;2;T;True;1
1621242256000;14150187;1.21459;1.21465;1.21462;0;T;True;1
1621242257000;14150188;1.21459;1.21465;1.21462;0;T;True;1
1621242258000;14150194;1.2146;1.21466;1.21463;5;T;True;1
1621242259000;14150195;1.2146;1.21466;1.21463;0;T;True;1
1621242260000;14150198;1.21458;1.21464;1.21461;2;T;True;1
1621242261000;14150199;1.21458;1.21464;1.21461;0;T;True;1
1621242262000;14150200;1.21458;1.21464;1.21461;0;T;True;1
1621242263000;14150201;1.21458;1.21464;1.21461;0;T;True;1
1621242264000;14150214;1.21456;1.21462;1.21459;12;T;True;1
1621242265000;14150215;1.21456;1.21462;1.21459;0;T;True;1
1621242266000;14150220;1.21456;1.21462;1.21459;4;T;True;1
1621242267000;14150225;1.21456;1.21462;1.21459;4;T;True;1
1621242268000;14150232;1.21456;1.21462;1.21459;6;T;True;1
1621242269000;14150236;1.21456;1.21462;1.21459;3;T;True;1
1621242270000;14150237;1.21456;1.21462;1.21459;0;T;True;1
1621242271000;14150241;1.21457;1.21463;1.2146;3;T;True;1
1621242272000;14150248;1.21456;1.21462;1.21459;6;T;True;1
1621242273000;14150249;1.21456;1.21462;1.21459;0;T;True;1
1621242274000;14150251;1.21457;1.21463;1.2146;1;T;True;1
1621242275000;14150252;1.21457;1.21463;1.2146;0;T;True;1
1621242276000;14150255;1.21456;1.21462;1.21459;2;T;True;1
1621242277000;14150259;1.21456;1.21462;1.21459;3;T;True;1
1621242278000;14150260;1.21456;1.21462;1.21459;0;T;True;1
1621242279000;14150264;1.21456;1.21462;1.21459;3;T;True;1
1621242280000;14150266;1.21456;1.21462;1.21459;1;T;True;1
1621242281000;14150269;1.21456;1.21462;1.21459;2;T;True;1
1621242282000;14150270;1.21456;1.21462;1.21459;0;T;True;1
1621242283000;14150272;1.21456;1.21462;1.21459;1;T;True;1
1621242284000;14150275;1.21456;1.21462;1.21459;2;T;True;1
1621242285000;14150282;1.21458;1.21464;1.21461;6;T;True;1
1621242286000;14150283;1.21458;1.21464;1.21461;0;T;True;1
1621242287000;14150284;1.21458;1.21464;1.21461;0;T;True;1
1621242288000;14150286;1.21458;1.21464;1.21461;1;T;True;1
1621242289000;14150287;1.21458;1.21464;1.21461;0;T;True;1
1621242290000;14150288;1.21458;1.21464;1.21461;0;T;True;1
1621242291000;14150289;1.21458;1.21464;1.21461;0;T;True;1
1621242292000;14150290;1.21458;1.21464;1.21461;0;T;True;1
1621242293000;14150291;1.21458;1.21464;1.21461;0;T;True;1
1621242294000;14150292;1.21458;1.21464;1.21461;0;T;True;1
1621242295000;14150293;1.21458;1.21464;1.21461;0;T;True;1
1621242296000;14150296;1.21458;1.21464;1.21461;2;T;True;1
1621242297000;14150297;1.21458;1.21464;1.21461;0;T;True;1
1621242298000;14150298;1.21458;1.21464;1.21461;0;T;True;1
1621242299000;14150299;1.21458;1.21464;1.21461;0;T;True;1
1621242300000;14150301;1.21458;1.21464;1.21461;1;T;True;1
1621242301000;14150304;1.21458;1.21464;1.21461;2;T;True;1
1621242302000;14150307;1.2146;1.21466;1.21463;2;T;True;1
1621242303000;14150308;1.2146;1.21466;1.21463;0;T;True;1
1621242304000;14150312;1.21458;1.21464;1.21461;3;T;True;1
1621242305000;14150314;1.21458;1.21464;1.21461;1;T;True;1
1621242306000;14150316;1.21458;1.21464;1.21461;1;T;True;1
1621242307000;14150317;1.21458;1.21464;1.21461;0;T;True;1
1621242308000;14150318;1.21458;1.21464;1.21461;0;T;True;1
1621242309000;14150319;1.21458;1.21464;1.21461;0;T;True;1
1621242310000;14150320;1.21458;1.21464;1.21461;0;T;True;1
1621242311000;14150323;1.21459;1.21465;1.21462;2;T;True;1
1621242312000;14150326;1.21459;1.21465;1.21462;2;T;True;1
1621242313000;14150328;1.21458;1.21464;1.21461;1;T;True;1
1621242314000;14150331;1.21457;1.21463;1.2146;2;T;True;1
1621242315000;14150332;1.21457;1.21463;1.2146;0;T;True;1
1621242316000;14150334;1.21458;1.21464;1.21461;1;T;True;1
1621242317000;14150335;1.21458;1.21464;1.21461;0;T;True;1
1621242318000;14150336;1.21458;1.21464;1.21461;0;T;True;1
1621242319000;14150339;1.21456;1.21462;1.21459;2;T;True;1
1621242320000;14150340;1.21456;1.21462;1.21459;0;T;True;1
1621242321000;14150341;1.21456;1.21462;1.21459;0;T;True;1
1621242322000;14150343;1.21454;1.2146;1.21457;1;T;True;1
1621242323000;14150345;1.21455;1.21461;1.21458;1;T;True;1
1621242324000;14150347;1.21455;1.21461;1.21458;1;T;True;1
1621242325000;14150348;1.21455;1.21461;1.21458;0;T;True;1
1621242326000;14150349;1.21455;1.21461;1.21458;0;T;True;1
1621242327000;14150353;1.21456;1.21462;1.21459;3;T;True;1
1621242328000;14150356;1.21458;1.21464;1.21461;2;T;True;1
1621242329000;14150357;1.21458;1.21464;1.21461;0;T;True;1
1621242330000;14150364;1.21456;1.21462;1.21459;6;T;True;1
1621242331000;14150369;1.21457;1.21463;1.2146;4;T;True;1
1621242332000;14150370;1.21457;1.21463;1.2146;0;T;True;1
1621242333000;14150371;1.21457;1.21463;1.2146;0;T;True;1
1621242334000;14150374;1.21457;1.21463;1.2146;2;T;True;1
1621242335000;14150375;1.21457;1.21463;1.2146;0;T;True;1
1621242336000;14150376;1.21457;1.21463;1.2146;0;T;True;1
1621242337000;14150380;1.21456;1.21462;1.21459;3;T;True;1
1621242338000;14150381;1.21456;1.21462;1.21459;0;T;True;1
1621242339000;14150382;1.21456;1.21462;1.21459;0;T;True;1
1621242340000;14150385;1.21456;1.21462;1.21459;2;T;True;1
1621242341000;14150388;1.21458;1.21464;1.21461;2;T;True;1
1621242342000;14150389;1.21458;1.21464;1.21461;0;T;True;1
1621242343000;14150391;1.21458;1.21464;1.21461;1;T;True;1
1621242344000;14150395;1.21457;1.21463;1.2146;3;T;True;1
1621242345000;14150397;1.21457;1.21463;1.2146;1;T;True;1
1621242346000;14150400;1.21457;1.21463;1.2146;2;T;True;1
1621242347000;14150401;1.21457;1.21463;1.2146;0;T;True;1
1621242348000;14150402;1.21457;1.21463;1.2146;0;T;True;1
1621242349000;14150403;1.21457;1.21463;1.2146;0;T;True;1
1621242350000;14150404;1.21457;1.21463;1.2146;0;T;True;1
1621242351000;14150405;1.21457;1.21463;1.2146;0;T;True;1
1621242352000;14150406;1.21457;1.21463;1.2146;0;T;True;1
1621242353000;14150408;1.21457;1.21463;1.2146;1;T;True;1
1621242354000;14150411;1.21456;1.21462;1.21459;2;T;True;1
1621242355000;14150412;1.21456;1.21462;1.21459;0;T;True;1
1621242356000;14150413;1.21456;1.21462;1.21459;0;T;True;1
1621242357000;14150414;1.21456;1.21462;1.21459;0;T;True;1
1621242358000;14150416;1.21456;1.21462;1.21459;1;T;True;1
1621242359000;14150417;1.21456;1.21462;1.21459;0;T;True;1
1621242360000;14150418;1.21456;1.21462;1.21459;0;T;True;1
1621242361000;14150419;1.21456;1.21462;1.21459;0;T;True;1
1621242362000;14150420;1.21456;1.21462;1.21459;0;T;True;1
1621242363000;14150423;1.21456;1.21462;1.21459;2;T;True;1
1621242364000;14150424;1.21456;1.21462;1.21459;0;T;True;1
1621242365000;14150427;1.21456;1.21462;1.21459;2;T;True;1
1621242366000;14150428;1.21456;1.21462;1.21459;0;T;True;1
1621242367000;14150429;1.21456;1.21462;1.21459;0;T;True;1
1621242368000;14150431;1.21456;1.21462;1.21459;1;T;True;1
1621242369000;14150435;1.21455;1.21461;1.21458;3;T;True;1
1621242370000;14150439;1.21454;1.2146;1.21457;3;T;True;1
1621242371000;14150440;1.21454;1.2146;1.21457;0;T;True;1
1621242372000;14150442;1.21454;1.2146;1.21457;1;T;True;1
1621242373000;14150443;1.21454;1.2146;1.21457;0;T;True;1
1621242374000;14150444;1.21454;1.2146;1.21457;0;T;True;1
1621242375000;14150451;1.21454;1.2146;1.21457;6;T;True;1
1621242376000;14150452;1.21454;1.2146;1.21457;0;T;True;1
1621242377000;14150458;1.21454;1.2146;1.21457;5;T;True;1
1621242378000;14150459;1.21454;1.2146;1.21457;0;T;True;1
1621242379000;14150460;1.21454;1.2146;1.21457;0;T;True;1
1621242380000;14150465;1.21454;1.2146;1.21457;4;T;True;1
1621242381000;14150467;1.21453;1.21459;1.21456;1;T;True;1
1621242382000;14150470;1.21453;1.21459;1.21456;2;T;True;1
1621242383000;14150471;1.21453;1.21459;1.21456;0;T;True;1
1621242384000;14150476;1.21451;1.21457;1.21454;4;T;True;1
1621242385000;14150479;1.21452;1.21458;1.21455;2;T;True;1
1621242386000;14150480;1.21452;1.21458;1.21455;0;T;True;1
1621242387000;14150482;1.21452;1.21458;1.21455;1;T;True;1
1621242388000;14150483;1.21452;1.21458;1.21455;0;T;True;1
1621242389000;14150484;1.21452;1.21458;1.21455;0;T;True;1
1621242390000;14150485;1.21452;1.21458;1.21455;0;T;True;1
1621242391000;14150487;1.21452;1.21458;1.21455;1;T;True;1
1621242392000;14150489;1.21452;1.21458;1.21455;1;T;True;1
1621242393000;14150492;1.21452;1.21458;1.21455;2;T;True;1
1621242394000;14150498;1.21447;1.21453;1.2145;5;T;True;1
1621242395000;14150500;1.21448;1.21454;1.21451;1;T;True;1
1621242396000;14150501;1.21448;1.21454;1.21451;0;T;True;1
1621242397000;14150502;1.21448;1.21454;1.21451;0;T;True;1
1621242398000;14150503;1.21448;1.21454;1.21451;0;T;True;1
1621242399000;14150504;1.21448;1.21454;1.21451;0;T;True;1
1621242400000;14150507;1.21446;1.21452;1.21449;2;T;True;1
1621242401000;14150509;1.21446;1.21452;1.21449;1;T;True;1
1621242402000;14150510;1.21446;1.21452;1.21449;0;T;True;1
1621242403000;14150511;1.21446;1.21452;1.21449;0;T;True;1
1621242404000;14150513;1.21446;1.21452;1.21449;1;T;True;1
1621242405000;14150515;1.21446;1.21452;1.21449;1;T;True;1
1621242406000;14150526;1.21442;1.21448;1.21445;10;T;True;1
1621242407000;14150527;1.21442;1.21448;1.21445;0;T;True;1
1621242408000;14150529;1.21441;1.21447;1.21444;1;T;True;1
1621242409000;14150536;1.21444;1.2145;1.21447;6;T;True;1
1621242410000;14150538;1.21445;1.21451;1.21448;1;T;True;1
1621242411000;14150544;1.21445;1.21451;1.21448;5;T;True;1
1621242412000;14150554;1.21451;1.21457;1.21454;9;T;True;1
1621242413000;14150558;1.2145;1.21456;1.21453;3;T;True;1
1621242414000;14150563;1.2145;1.21456;1.21453;4;T;True;1
1621242415000;14150570;1.21452;1.21458;1.21455;6;T;True;1
1621242416000;14150572;1.21452;1.21458;1.21455;1;T;True;1
1621242417000;14150573;1.21452;1.21458;1.21455;0;T;True;1
1621242418000;14150574;1.21452;1.21458;1.21455;0;T;True;1
1621242419000;14150585;1.21457;1.21463;1.2146;10;T;True;1
1621242420000;14150586;1.21457;1.21463;1.2146;0;T;True;1
1621242421000;14150587;1.21457;1.21463;1.2146;0;T;True;1
1621242422000;14150588;1.21457;1.21463;1.2146;0;T;True;1
1621242423000;14150592;1.21458;1.21464;1.21461;3;T;True;1
1621242424000;14150594;1.21458;1.21464;1.21461;1;T;True;1
1621242425000;14150595;1.21458;1.21464;1.21461;0;T;True;1
1621242426000;14150596;1.21458;1.21464;1.21461;0;T;True;1
1621242427000;14150599;1.21458;1.21464;1.21461;2;T;True;1
1621242428000;14150602;1.21458;1.21464;1.21461;2;T;True;1
1621242429000;14150603;1.21458;1.21464;1.21461;0;T;True;1
1621242430000;14150606;1.21458;1.21464;1.21461;2;T;True;1
1621242431000;14150607;1.21458;1.21464;1.21461;0;T;True;1
1621242432000;14150608;1.21458;1.21464;1.21461;0;T;True;1
1621242433000;14150609;1.21458;1.21464;1.21461;0;T;True;1
1621242434000;14150610;1.21458;1.21464;1.21461;0;T;True;1
1621242435000;14150611;1.21458;1.21464;1.21461;0;T;True;1
1621242436000;14150612;1.21458;1.21464;1.21461;0;T;True;1
1621242437000;14150613;1.21458;1.21464;1.21461;0;T;True;1
1621242438000;14150614;1.21458;1.21464;1.21461;0;T;True;1
1621242439000;14150615;1.21458;1.21464;1.21461;0;T;True;1
1621242440000;14150616;1.21458;1.21464;1.21461;0;T;True;1
1621242441000;14150617;1.21458;1.21464;1.21461;0;T;True;1
1621242442000;14150618;1.21458;1.21464;1.21461;0;T;True;1
1621242443000;14150619;1.21458;1.21464;1.21461;0;T;True;1
1621242444000;14150622;1.21456;1.21462;1.21459;2;T;True;1
1621242445000;14150625;1.21457;1.21463;1.2146;2;T;True;1
1621242446000;14150627;1.21458;1.21464;1.21461;1;T;True;1
1621242447000;14150629;1.21456;1.21462;1.21459;1;T;True;1
1621242448000;14150630;1.21456;1.21462;1.21459;0;T;True;1
1621242449000;14150631;1.21456;1.21462;1.21459;0;T;True;1
1621242450000;14150632;1.21456;1.21462;1.21459;0;T;True;1
1621242451000;14150634;1.21456;1.21462;1.21459;1;T;True;1
1621242452000;14150635;1.21456;1.21462;1.21459;0;T;True;1
1621242453000;14150636;1.21456;1.21462;1.21459;0;T;True;1
1621242454000;14150640;1.21455;1.21461;1.21458;3;T;True;1
1621242455000;14150649;1.21457;1.21463;1.2146;8;T;True;1
1621242456000;14150650;1.21457;1.21463;1.2146;0;T;True;1
1621242457000;14150652;1.21456;1.21462;1.21459;1;T;True;1
1621242458000;14150653;1.21456;1.21462;1.21459;0;T;True;1
1621242459000;14150654;1.21456;1.21462;1.21459;0;T;True;1
1621242460000;14150655;1.21456;1.21462;1.21459;0;T;True;1
1621242461000;14150656;1.21456;1.21462;1.21459;0;T;True;1
1621242462000;14150657;1.21456;1.21462;1.21459;0;T;True;1
1621242463000;14150658;1.21456;1.21462;1.21459;0;T;True;1
1621242464000;14150659;1.21456;1.21462;1.21459;0;T;True;1
1621242465000;14150660;1.21456;1.21462;1.21459;0;T;True;1
1621242466000;14150661;1.21456;1.21462;1.21459;0;T;True;1
1621242467000;14150662;1.21456;1.21462;1.21459;0;T;True;1
1621242468000;14150663;1.21456;1.21462;1.21459;0;T;True;1
1621242469000;14150664;1.21456;1.21462;1.21459;0;T;True;1
1621242470000;14150669;1.21452;1.21458;1.21455;4;T;True;1
1621242471000;14150671;1.21451;1.21457;1.21454;1;T;True;1
1621242472000;14150673;1.21452;1.21458;1.21455;1;T;True;1
1621242473000;14150677;1.21452;1.21458;1.21455;3;T;True;1
1621242474000;14150678;1.21452;1.21458;1.21455;0;T;True;1
1621242475000;14150680;1.21451;1.21457;1.21454;1;T;True;1
1621242476000;14150692;1.21442;1.21448;1.21445;11;T;True;1
1621242477000;14150694;1.21443;1.21449;1.21446;1;T;True;1
1621242478000;14150702;1.21443;1.21449;1.21446;7;T;True;1
1621242479000;14150707;1.21442;1.21448;1.21445;4;T;True;1
1621242480000;14150713;1.21441;1.21447;1.21444;5;T;True;1
1621242481000;14150715;1.21439;1.21445;1.21442;1;T;True;1
1621242482000;14150720;1.21441;1.21447;1.21444;4;T;True;1
1621242483000;14150725;1.2144;1.21446;1.21443;4;T;True;1
1621242484000;14150727;1.2144;1.21446;1.21443;1;T;True;1
1621242485000;14150730;1.21442;1.21448;1.21445;2;T;True;1
1621242486000;14150735;1.2144;1.21446;1.21443;4;T;True;1
1621242487000;14150744;1.21434;1.2144;1.21437;8;T;True;1
1621242488000;14150745;1.21434;1.2144;1.21437;0;T;True;1
1621242489000;14150746;1.21434;1.2144;1.21437;0;T;True;1
1621242490000;14150750;1.21434;1.2144;1.21437;3;T;True;1
1621242491000;14150751;1.21434;1.2144;1.21437;0;T;True;1
1621242492000;14150753;1.21433;1.21439;1.21436;1;T;True;1
1621242493000;14150754;1.21433;1.21439;1.21436;0;T;True;1
1621242494000;14150755;1.21433;1.21439;1.21436;0;T;True;1
1621242495000;14150757;1.21434;1.2144;1.21437;1;T;True;1
1621242496000;14150758;1.21434;1.2144;1.21437;0;T;True;1
1621242497000;14150759;1.21434;1.2144;1.21437;0;T;True;1
1621242498000;14150763;1.21432;1.21438;1.21435;3;T;True;1
1621242499000;14150764;1.21432;1.21438;1.21435;0;T;True;1
1621242500000;14150766;1.21432;1.21438;1.21435;1;T;True;1
1621242501000;14150772;1.21432;1.21438;1.21435;5;T;True;1
1621242502000;14150778;1.21431;1.21437;1.21434;5;T;True;1
1621242503000;14150780;1.21432;1.21438;1.21435;1;T;True;1
1621242504000;14150781;1.21432;1.21438;1.21435;0;T;True;1
1621242505000;14150782;1.21432;1.21438;1.21435;0;T;True;1
1621242506000;14150783;1.21432;1.21438;1.21435;0;T;True;1
1621242507000;14150784;1.21432;1.21438;1.21435;0;T;True;1
1621242508000;14150785;1.21432;1.21438;1.21435;0;T;True;1
1621242509000;14150786;1.21432;1.21438;1.21435;0;T;True;1
1621242510000;14150787;1.21432;1.21438;1.21435;0;T;True;1
1621242511000;14150792;1.21432;1.21438;1.21435;4;T;True;1
1621242512000;14150793;1.21432;1.21438;1.21435;0;T;True;1
1621242513000;14150794;1.21432;1.21438;1.21435;0;T;True;1
1621242514000;14150795;1.21432;1.21438;1.21435;0;T;True;1
1621242515000;14150796;1.21432;1.21438;1.21435;0;T;True;1
1621242516000;14150797;1.21432;1.21438;1.21435;0;T;True;1
1621242517000;14150798;1.21432;1.21438;1.21435;0;T;True;1
1621242518000;14150799;1.21432;1.21438;1.21435;0;T;True;1
1621242519000;14150800;1.21432;1.21438;1.21435;0;T;True;1
1621242520000;14150801;1.21432;1.21438;1.21435;0;T;True;1
1621242521000;14150803;1.21432;1.21438;1.21435;1;T;True;1
1621242522000;14150804;1.21432;1.21438;1.21435;0;T;True;1
1621242523000;14150805;1.21432;1.21438;1.21435;0;T;True;1
1621242524000;14150807;1.21432;1.21438;1.21435;1;T;True;1
1621242525000;14150808;1.21432;1.21438;1.21435;0;T;True;1
1621242526000;14150809;1.21432;1.21438;1.21435;0;T;True;1
1621242527000;14150815;1.21436;1.21442;1.21439;5;T;True;1
1621242528000;14150816;1.21436;1.21442;1.21439;0;T;True;1
1621242529000;14150817;1.21436;1.21442;1.21439;0;T;True;1
1621242530000;14150818;1.21436;1.21442;1.21439;0;T;True;1
1621242531000;14150819;1.21436;1.21442;1.21439;0;T;True;1
1621242532000;14150824;1.21432;1.21438;1.21435;4;T;True;1
1621242533000;14150827;1.21432;1.21438;1.21435;2;T;True;1
1621242534000;14150829;1.21432;1.21438;1.21435;1;T;True;1
1621242535000;14150830;1.21432;1.21438;1.21435;0;T;True;1
1621242536000;14150832;1.21432;1.21438;1.21435;1;T;True;1
1621242537000;14150836;1.21432;1.21438;1.21435;3;T;True;1
1621242538000;14150841;1.21432;1.21438;1.21435;4;T;True;1
1621242539000;14150843;1.21432;1.21438;1.21435;1;T;True;1
1621242540000;14150845;1.21432;1.21438;1.21435;1;T;True;1
1621242541000;14150847;1.21432;1.21438;1.21435;1;T;True;1
1621242542000;14150848;1.21432;1.21438;1.21435;0;T;True;1
1621242543000;14150849;1.21432;1.21438;1.21435;0;T;True;1
1621242544000;14150850;1.21432;1.21438;1.21435;0;T;True;1
1621242545000;14150851;1.21432;1.21438;1.21435;0;T;True;1
1621242546000;14150852;1.21432;1.21438;1.21435;0;T;True;1
1621242547000;14150853;1.21432;1.21438;1.21435;0;T;True;1
1621242548000;14150854;1.21432;1.21438;1.21435;0;T;True;1
1621242549000;14150855;1.21432;1.21438;1.21435;0;T;True;1
1621242550000;14150857;1.21432;1.21438;1.21435;1;T;True;1
1621242551000;14150866;1.21429;1.21435;1.21432;8;T;True;1
1621242552000;14150867;1.21429;1.21435;1.21432;0;T;True;1
1621242553000;14150868;1.21429;1.21435;1.21432;0;T;True;1
1621242554000;14150870;1.21428;1.21434;1.21431;1;T;True;1
1621242555000;14150871;1.21428;1.21434;1.21431;0;T;True;1
1621242556000;14150875;1.21428;1.21434;1.21431;3;T;True;1
1621242557000;14150882;1.21423;1.21429;1.21426;6;T;True;1
1621242558000;14150883;1.21423;1.21429;1.21426;0;T;True;1
1621242559000;14150884;1.21423;1.21429;1.21426;0;T;True;1
1621242560000;14150885;1.21423;1.21429;1.21426;0;T;True;1
1621242561000;14150888;1.21422;1.21428;1.21425;2;T;True;1
1621242562000;14150890;1.21422;1.21428;1.21425;1;T;True;1
1621242563000;14150891;1.21422;1.21428;1.21425;0;T;True;1
1621242564000;14150892;1.21422;1.21428;1.21425;0;T;True;1
1621242565000;14150893;1.21422;1.21428;1.21425;0;T;True;1
1621242566000;14150894;1.21422;1.21428;1.21425;0;T;True;1
1621242567000;14150896;1.21422;1.21428;1.21425;1;T;True;1
1621242568000;14150899;1.2142;1.21426;1.21423;2;T;True;1
1621242569000;14150900;1.2142;1.21426;1.21423;0;T;True;1
1621242570000;14150901;1.2142;1.21426;1.21423;0;T;True;1
1621242571000;14150903;1.2142;1.21426;1.21423;1;T;True;1
1621242572000;14150905;1.21421;1.21427;1.21424;1;T;True;1
1621242573000;14150907;1.21421;1.21427;1.21424;1;T;True;1
1621242574000;14150911;1.21421;1.21427;1.21424;3;T;True;1
1621242575000;14150912;1.21421;1.21427;1.21424;0;T;True;1
1621242576000;14150915;1.21421;1.21427;1.21424;2;T;True;1
1621242577000;14150917;1.21421;1.21427;1.21424;1;T;True;1
1621242578000;14150918;1.21421;1.21427;1.21424;0;T;True;1
1621242579000;14150921;1.21421;1.21427;1.21424;2;T;True;1
1621242580000;14150924;1.21421;1.21427;1.21424;2;T;True;1
1621242581000;14150926;1.21422;1.21428;1.21425;1;T;True;1
1621242582000;14150927;1.21422;1.21428;1.21425;0;T;True;1
1621242583000;14150930;1.2142;1.21426;1.21423;2;T;True;1
1621242584000;14150933;1.21419;1.21425;1.21422;2;T;True;1
1621242585000;14150934;1.21419;1.21425;1.21422;0;T;True;1
1621242586000;14150941;1.21416;1.21422;1.21419;6;T;True;1
1621242587000;14150943;1.21416;1.21422;1.21419;1;T;True;1
1621242588000;14150944;1.21416;1.21422;1.21419;0;T;True;1
1621242589000;14150945;1.21416;1.21422;1.21419;0;T;True;1
1621242590000;14150946;1.21416;1.21422;1.21419;0;T;True;1
1621242591000;14150953;1.21414;1.2142;1.21417;6;T;True;1
1621242592000;14150955;1.21414;1.2142;1.21417;1;T;True;1
1621242593000;14150956;1.21414;1.2142;1.21417;0;T;True;1
1621242594000;14150958;1.21414;1.2142;1.21417;1;T;True;1
1621242595000;14150959;1.21414;1.2142;1.21417;0;T;True;1
1621242596000;14150960;1.21414;1.2142;1.21417;0;T;True;1
1621242597000;14150964;1.21413;1.21419;1.21416;3;T;True;1
1621242598000;14150965;1.21413;1.21419;1.21416;0;T;True;1
1621242599000;14150966;1.21413;1.21419;1.21416;0;T;True;1
1621242600000;14150968;1.21412;1.21418;1.21415;1;T;True;1
1621242601000;14150974;1.21417;1.21423;1.2142;5;T;True;1
1621242602000;14150981;1.21418;1.21424;1.21421;6;T;True;1
1621242603000;14150982;1.21418;1.21424;1.21421;0;T;True;1
1621242604000;14150984;1.21418;1.21424;1.21421;1;T;True;1
1621242605000;14150988;1.21418;1.21424;1.21421;3;T;True;1
1621242606000;14150991;1.21417;1.21423;1.2142;2;T;True;1
1621242607000;14150993;1.21418;1.21424;1.21421;1;T;True;1
1621242608000;14150994;1.21418;1.21424;1.21421;0;T;True;1
1621242609000;14151000;1.21418;1.21424;1.21421;5;T;True;1
1621242610000;14151002;1.21418;1.21424;1.21421;1;T;True;1
1621242611000;14151004;1.21418;1.21424;1.21421;1;T;True;1
1621242612000;14151005;1.21418;1.21424;1.21421;0;T;True;1
1621242613000;14151007;1.21418;1.21424;1.21421;1;T;True;1
1621242614000;14151017;1.21422;1.21428;1.21425;9;T;True;1
1621242615000;14151022;1.21424;1.2143;1.21427;4;T;True;1
1621242616000;14151023;1.21424;1.2143;1.21427;0;T;True;1
1621242617000;14151024;1.21424;1.2143;1.21427;0;T;True;1
1621242618000;14151025;1.21424;1.2143;1.21427;0;T;True;1
1621242619000;14151026;1.21424;1.2143;1.21427;0;T;True;1
1621242620000;14151027;1.21424;1.2143;1.21427;0;T;True;1
1621242621000;14151028;1.21424;1.2143;1.21427;0;T;True;1
1621242622000;14151029;1.21424;1.2143;1.21427;0;T;True;1
1621242623000;14151030;1.21424;1.2143;1.21427;0;T;True;1
1621242624000;14151031;1.21424;1.2143;1.21427;0;T;True;1
1621242625000;14151033;1.21423;1.21429;1.21426;1;T;True;1
1621242626000;14151034;1.21423;1.21429;1.21426;0;T;True;1
1621242627000;14151035;1.21423;1.21429;1.21426;0;T;True;1
1621242628000;14151036;1.21423;1.21429;1.21426;0;T;True;1
1621242629000;14151037;1.21423;1.21429;1.21426;0;T;True;1
1621242630000;14151041;1.21424;1.2143;1.21427;3;T;True;1
1621242631000;14151042;1.21424;1.2143;1.21427;0;T;True;1
1621242632000;14151043;1.21424;1.2143;1.21427;0;T;True;1
1621242633000;14151044;1.21424;1.2143;1.21427;0;T;True;1
1621242634000;14151050;1.21425;1.21431;1.21428;5;T;True;1
1621242635000;14151051;1.21425;1.21431;1.21428;0;T;True;1
1621242636000;14151052;1.21425;1.21431;1.21428;0;T;True;1
1621242637000;14151053;1.21425;1.21431;1.21428;0;T;True;1
1621242638000;14151058;1.21428;1.21434;1.21431;4;T;True;1
1621242639000;14151061;1.21428;1.21434;1.21431;2;T;True;1
1621242640000;14151063;1.21428;1.21434;1.21431;1;T;True;1
1621242641000;14151064;1.21428;1.21434;1.21431;0;T;True;1
1621242642000;14151065;1.21428;1.21434;1.21431;0;T;True;1
1621242643000;14151066;1.21428;1.21434;1.21431;0;T;True;1
1621242644000;14151067;1.21428;1.21434;1.21431;0;T;True;1
1621242645000;14151068;1.21428;1.21434;1.21431;0;T;True;1
1621242646000;14151069;1.21428;1.21434;1.21431;0;T;True;1
1621242647000;14151070;1.21428;1.21434;1.21431;0;T;True;1
1621242648000;14151071;1.21428;1.21434;1.21431;0;T;True;1
1621242649000;14151072;1.21428;1.21434;1.21431;0;T;True;1
1621242650000;14151073;1.21428;1.21434;1.21431;0;T;True;1
1621242651000;14151074;1.21428;1.21434;1.21431;0;T;True;1
1621242652000;14151075;1.21428;1.21434;1.21431;0;T;True;1
1621242653000;14151077;1.21428;1.21434;1.21431;1;T;True;1
1621242654000;14151079;1.21428;1.21434;1.21431;1;T;True;1
1621242655000;14151081;1.21429;1.21435;1.21432;1;T;True;1
1621242656000;14151084;1.21428;1.21434;1.21431;2;T;True;1
1621242657000;14151086;1.21429;1.21435;1.21432;1;T;True;1
1621242658000;14151089;1.21428;1.21434;1.21431;2;T;True;1
1621242659000;14151091;1.21428;1.21434;1.21431;1;T;True;1
1621242660000;14151093;1.21428;1.21434;1.21431;1;T;True;1
1621242661000;14151094;1.21428;1.21434;1.21431;0;T;True;1
1621242662000;14151102;1.21432;1.21438;1.21435;7;T;True;1
1621242663000;14151104;1.21432;1.21438;1.21435;1;T;True;1
1621242664000;14151105;1.21432;1.21438;1.21435;0;T;True;1
1621242665000;14151106;1.21432;1.21438;1.21435;0;T;True;1
1621242666000;14151108;1.21432;1.21438;1.21435;1;T;True;1
1621242667000;14151111;1.21432;1.21438;1.21435;2;T;True;1
1621242668000;14151113;1.21432;1.21438;1.21435;1;T;True;1
1621242669000;14151116;1.21433;1.21439;1.21436;2;T;True;1
1621242670000;14151117;1.21433;1.21439;1.21436;0;T;True;1
1621242671000;14151118;1.21433;1.21439;1.21436;0;T;True;1
1621242672000;14151119;1.21433;1.21439;1.21436;0;T;True;1
1621242673000;14151120;1.21433;1.21439;1.21436;0;T;True;1
1621242674000;14151123;1.21434;1.2144;1.21437;2;T;True;1
1621242675000;14151134;1.21445;1.21451;1.21448;10;T;True;1
1621242676000;14151144;1.2144;1.21446;1.21443;9;T;True;1
1621242677000;14151153;1.2144;1.21446;1.21443;8;T;True;1
1621242678000;14151156;1.2144;1.21446;1.21443;2;T;True;1
1621242679000;14151157;1.2144;1.21446;1.21443;0;T;True;1
1621242680000;14151160;1.2144;1.21446;1.21443;2;T;True;1
1621242681000;14151166;1.21439;1.21445;1.21442;5;T;True;1
1621242682000;14151169;1.2144;1.21446;1.21443;2;T;True;1
1621242683000;14151170;1.2144;1.21446;1.21443;0;T;True;1
1621242684000;14151171;1.2144;1.21446;1.21443;0;T;True;1
1621242685000;14151172;1.2144;1.21446;1.21443;0;T;True;1
1621242686000;14151173;1.2144;1.21446;1.21443;0;T;True;1
1621242687000;14151174;1.2144;1.21446;1.21443;0;T;True;1
1621242688000;14151175;1.2144;1.21446;1.21443;0;T;True;1
1621242689000;14151176;1.2144;1.21446;1.21443;0;T;True;1
1621242690000;14151177;1.2144;1.21446;1.21443;0;T;True;1
1621242691000;14151179;1.21439;1.21445;1.21442;1;T;True;1
1621242692000;14151180;1.21439;1.21445;1.21442;0;T;True;1
1621242693000;14151181;1.21439;1.21445;1.21442;0;T;True;1
1621242694000;14151182;1.21439;1.21445;1.21442;0;T;True;1
1621242695000;14151185;1.21438;1.21444;1.21441;2;T;True;1
1621242696000;14151186;1.21438;1.21444;1.21441;0;T;True;1
1621242697000;14151187;1.21438;1.21444;1.21441;0;T;True;1
1621242698000;14151190;1.21438;1.21444;1.21441;2;T;True;1
1621242699000;14151192;1.21438;1.21444;1.21441;1;T;True;1
1621242700000;14151193;1.21438;1.21444;1.21441;0;T;True;1
1621242701000;14151194;1.21438;1.21444;1.21441;0;T;True;1
1621242702000;14151195;1.21438;1.21444;1.21441;0;T;True;1
1621242703000;14151196;1.21438;1.21444;1.21441;0;T;True;1
1621242704000;14151197;1.21438;1.21444;1.21441;0;T;True;1
1621242705000;14151198;1.21438;1.21444;1.21441;0;T;True;1
1621242706000;14151201;1.21438;1.21444;1.21441;2;T;True;1
1621242707000;14151202;1.21438;1.21444;1.21441;0;T;True;1
1621242708000;14151210;1.21434;1.2144;1.21437;7;T;True;1
1621242709000;14151211;1.21434;1.2144;1.21437;0;T;True;1
1621242710000;14151212;1.21434;1.2144;1.21437;0;T;True;1
1621242711000;14151214;1.21434;1.2144;1.21437;1;T;True;1
1621242712000;14151215;1.21434;1.2144;1.21437;0;T;True;1
1621242713000;14151218;1.21432;1.21438;1.21435;2;T;True;1
1621242714000;14151219;1.21432;1.21438;1.21435;0;T;True;1
1621242715000;14151220;1.21432;1.21438;1.21435;0;T;True;1
1621242716000;14151221;1.21432;1.21438;1.21435;0;T;True;1
1621242717000;14151222;1.21432;1.21438;1.21435;0;T;True;1
1621242718000;14151223;1.21432;1.21438;1.21435;0;T;True;1
1621242719000;14151224;1.21432;1.21438;1.21435;0;T;True;1
1621242720000;14151225;1.21432;1.21438;1.21435;0;T;True;1
1621242721000;14151226;1.21432;1.21438;1.21435;0;T;True;1
1621242722000;14151229;1.21432;1.21438;1.21435;2;T;True;1
1621242723000;14151234;1.21434;1.2144;1.21437;4;T;True;1
1621242724000;14151237;1.21433;1.21439;1.21436;2;T;True;1
1621242725000;14151238;1.21433;1.21439;1.21436;0;T;True;1
1621242726000;14151239;1.21433;1.21439;1.21436;0;T;True;1
1621242727000;14151240;1.21433;1.21439;1.21436;0;T;True;1
1621242728000;14151241;1.21433;1.21439;1.21436;0;T;True;1
1621242729000;14151242;1.21433;1.21439;1.21436;0;T;True;1
1621242730000;14151243;1.21433;1.21439;1.21436;0;T;True;1
1621242731000;14151244;1.21433;1.21439;1.21436;0;T;True;1
1621242732000;14151245;1.21433;1.21439;1.21436;0;T;True;1
1621242733000;14151246;1.21433;1.21439;1.21436;0;T;True;1
1621242734000;14151247;1.21433;1.21439;1.21436;0;T;True;1
1621242735000;14151248;1.21433;1.21439;1.21436;0;T;True;1
1621242736000;14151249;1.21433;1.21439;1.21436;0;T;True;1
1621242737000;14151250;1.21433;1.21439;1.21436;0;T;True;1
1621242738000;14151251;1.21433;1.21439;1.21436;0;T;True;1
1621242739000;14151252;1.21433;1.21439;1.21436;0;T;True;1
1621242740000;14151253;1.21433;1.21439;1.21436;0;T;True;1
1621242741000;14151254;1.21433;1.21439;1.21436;0;T;True;1
1621242742000;14151255;1.21433;1.21439;1.21436;0;T;True;1
1621242743000;14151256;1.21433;1.21439;1.21436;0;T;True;1
1621242744000;14151257;1.21433;1.21439;1.21436;0;T;True;1
1621242745000;14151259;1.21434;1.2144;1.21437;1;T;True;1
1621242746000;14151264;1.21437;1.21443;1.2144;4;T;True;1
1621242747000;14151266;1.21438;1.21444;1.21441;1;T;True;1
1621242748000;14151268;1.21437;1.21443;1.2144;1;T;True;1
1621242749000;14151269;1.21437;1.21443;1.2144;0;T;True;1
1621242750000;14151271;1.21436;1.21442;1.21439;1;T;True;1
1621242751000;14151272;1.21436;1.21442;1.21439;0;T;True;1
1621242752000;14151273;1.21436;1.21442;1.21439;0;T;True;1
1621242753000;14151275;1.21436;1.21442;1.21439;1;T;True;1
1621242754000;14151280;1.21434;1.2144;1.21437;4;T;True;1
1621242755000;14151283;1.21433;1.21439;1.21436;2;T;True;1
1621242756000;14151284;1.21433;1.21439;1.21436;0;T;True;1
1621242757000;14151286;1.21433;1.21439;1.21436;1;T;True;1
1621242758000;14151288;1.21433;1.21439;1.21436;1;T;True;1
1621242759000;14151289;1.21433;1.21439;1.21436;0;T;True;1
1621242760000;14151290;1.21433;1.21439;1.21436;0;T;True;1
1621242761000;14151291;1.21433;1.21439;1.21436;0;T;True;1
1621242762000;14151293;1.21433;1.21439;1.21436;1;T;True;1
1621242763000;14151294;1.21433;1.21439;1.21436;0;T;True;1
1621242764000;14151295;1.21433;1.21439;1.21436;0;T;True;1
1621242765000;14151296;1.21433;1.21439;1.21436;0;T;True;1
1621242766000;14151297;1.21433;1.21439;1.21436;0;T;True;1
1621242767000;14151298;1.21433;1.21439;1.21436;0;T;True;1
1621242768000;14151299;1.21433;1.21439;1.21436;0;T;True;1
1621242769000;14151300;1.21433;1.21439;1.21436;0;T;True;1
1621242770000;14151301;1.21433;1.21439;1.21436;0;T;True;1
1621242771000;14151308;1.21436;1.21442;1.21439;6;T;True;1
1621242772000;14151314;1.21437;1.21443;1.2144;5;T;True;1
1621242773000;14151316;1.21436;1.21442;1.21439;1;T;True;1
1621242774000;14151318;1.21436;1.21442;1.21439;1;T;True;1
1621242775000;14151319;1.21436;1.21442;1.21439;0;T;True;1
1621242776000;14151320;1.21436;1.21442;1.21439;0;T;True;1
1621242777000;14151324;1.21436;1.21442;1.21439;3;T;True;1
1621242778000;14151326;1.21436;1.21442;1.21439;1;T;True;1
1621242779000;14151329;1.21436;1.21442;1.21439;2;T;True;1
1621242780000;14151336;1.21434;1.2144;1.21437;6;T;True;1
1621242781000;14151338;1.21434;1.2144;1.21437;1;T;True;1
1621242782000;14151339;1.21434;1.2144;1.21437;0;T;True;1
1621242783000;14151342;1.21433;1.21439;1.21436;2;T;True;1
1621242784000;14151343;1.21433;1.21439;1.21436;0;T;True;1
1621242785000;14151344;1.21433;1.21439;1.21436;0;T;True;1
1621242786000;14151345;1.21433;1.21439;1.21436;0;T;True;1
1621242787000;14151346;1.21433;1.21439;1.21436;0;T;True;1
1621242788000;14151347;1.21433;1.21439;1.21436;0;T;True;1
1621242789000;14151348;1.21433;1.21439;1.21436;0;T;True;1
1621242790000;14151349;1.21433;1.21439;1.21436;0;T;True;1
1621242791000;14151350;1.21433;1.21439;1.21436;0;T;True;1
1621242792000;14151352;1.21434;1.2144;1.21437;1;T;True;1
1621242793000;14151353;1.21434;1.2144;1.21437;0;T;True;1
1621242794000;14151354;1.21434;1.2144;1.21437;0;T;True;1
1621242795000;14151355;1.21434;1.2144;1.21437;0;T;True;1
1621242796000;14151356;1.21434;1.2144;1.21437;0;T;True;1
1621242797000;14151357;1.21434;1.2144;1.21437;0;T;True;1
1621242798000;14151358;1.21434;1.2144;1.21437;0;T;True;1
1621242799000;14151359;1.21434;1.2144;1.21437;0;T;True;1
1621242800000;14151360;1.21434;1.2144;1.21437;0;T;True;1
1621242801000;14151361;1.21434;1.2144;1.21437;0;T;True;1
1621242802000;14151368;1.2144;1.21446;1.21443;6;T;True;1
1621242803000;14151369;1.2144;1.21446;1.21443;0;T;True;1
1621242804000;14151370;1.2144;1.21446;1.21443;0;T;True;1
1621242805000;14151371;1.2144;1.21446;1.21443;0;T;True;1
1621242806000;14151374;1.2144;1.21446;1.21443;2;T;True;1
1621242807000;14151375;1.2144;1.21446;1.21443;0;T;True;1
1621242808000;14151376;1.2144;1.21446;1.21443;0;T;True;1
1621242809000;14151381;1.21441;1.21447;1.21444;4;T;True;1
1621242810000;14151383;1.21442;1.21448;1.21445;1;T;True;1
1621242811000;14151384;1.21442;1.21448;1.21445;0;T;True;1
1621242812000;14151385;1.21442;1.21448;1.21445;0;T;True;1
1621242813000;14151388;1.21442;1.21448;1.21445;2;T;True;1
1621242814000;14151394;1.21444;1.2145;1.21447;5;T;True;1
1621242815000;14151395;1.21444;1.2145;1.21447;0;T;True;1
1621242816000;14151396;1.21444;1.2145;1.21447;0;T;True;1
1621242817000;14151397;1.21444;1.2145;1.21447;0;T;True;1
1621242818000;14151398;1.21444;1.2145;1.21447;0;T;True;1
1621242819000;14151399;1.21444;1.2145;1.21447;0;T;True;1
1621242820000;14151402;1.21444;1.2145;1.21447;2;T;True;1
1621242821000;14151406;1.21446;1.21452;1.21449;3;T;True;1
1621242822000;14151410;1.21448;1.21454;1.21451;3;T;True;1
1621242823000;14151412;1.21448;1.21454;1.21451;1;T;True;1
1621242824000;14151413;1.21448;1.21454;1.21451;0;T;True;1
1621242825000;14151417;1.21448;1.21454;1.21451;3;T;True;1
1621242826000;14151418;1.21448;1.21454;1.21451;0;T;True;1
1621242827000;14151419;1.21448;1.21454;1.21451;0;T;True;1
1621242828000;14151420;1.21448;1.21454;1.21451;0;T;True;1
1621242829000;14151421;1.21448;1.21454;1.21451;0;T;True;1
1621242830000;14151423;1.21448;1.21454;1.21451;1;T;True;1
1621242831000;14151424;1.21448;1.21454;1.21451;0;T;True;1
1621242832000;14151425;1.21448;1.21454;1.21451;0;T;True;1
1621242833000;14151426;1.21448;1.21454;1.21451;0;T;True;1
1621242834000;14151427;1.21448;1.21454;1.21451;0;T;True;1
1621242835000;14151428;1.21448;1.21454;1.21451;0;T;True;1
1621242836000;14151429;1.21448;1.21454;1.21451;0;T;True;1
1621242837000;14151430;1.21448;1.21454;1.21451;0;T;True;1
1621242838000;14151431;1.21448;1.21454;1.21451;0;T;True;1
1621242839000;14151435;1.2145;1.21456;1.21453;3;T;True;1
1621242840000;14151438;1.21449;1.21455;1.21452;2;T;True;1
1621242841000;14151441;1.21448;1.21454;1.21451;2;T;True;1
1621242842000;14151445;1.21448;1.21454;1.21451;3;T;True;1
1621242843000;14151450;1.21449;1.21455;1.21452;4;T;True;1
1621242844000;14151455;1.21452;1.21458;1.21455;4;T;True;1
1621242845000;14151458;1.21454;1.2146;1.21457;2;T;True;1
1621242846000;14151460;1.21452;1.21458;1.21455;1;T;True;1
1621242847000;14151462;1.21453;1.21459;1.21456;1;T;True;1
1621242848000;14151466;1.21454;1.2146;1.21457;3;T;True;1
1621242849000;14151468;1.21454;1.2146;1.21457;1;T;True;1
1621242850000;14151469;1.21454;1.2146;1.21457;0;T;True;1
1621242851000;14151470;1.21454;1.2146;1.21457;0;T;True;1
1621242852000;14151471;1.21454;1.2146;1.21457;0;T;True;1
1621242853000;14151473;1.21454;1.2146;1.21457;1;T;True;1
1621242854000;14151474;1.21454;1.2146;1.21457;0;T;True;1
1621242855000;14151475;1.21454;1.2146;1.21457;0;T;True;1
1621242856000;14151477;1.21454;1.2146;1.21457;1;T;True;1
1621242857000;14151481;1.21452;1.21458;1.21455;3;T;True;1
1621242858000;14151484;1.21452;1.21458;1.21455;2;T;True;1
1621242859000;14151485;1.21452;1.21458;1.21455;0;T;True;1
1621242860000;14151487;1.21452;1.21458;1.21455;1;T;True;1
1621242861000;14151489;1.21452;1.21458;1.21455;1;T;True;1
1621242862000;14151493;1.21452;1.21458;1.21455;3;T;True;1
1621242863000;14151494;1.21452;1.21458;1.21455;0;T;True;1
1621242864000;14151496;1.21452;1.21458;1.21455;1;T;True;1
1621242865000;14151497;1.21452;1.21458;1.21455;0;T;True;1
1621242866000;14151498;1.21452;1.21458;1.21455;0;T;True;1
1621242867000;14151502;1.21452;1.21458;1.21455;3;T;True;1
1621242868000;14151503;1.21452;1.21458;1.21455;0;T;True;1
1621242869000;14151504;1.21452;1.21458;1.21455;0;T;True;1
1621242870000;14151505;1.21452;1.21458;1.21455;0;T;True;1
1621242871000;14151506;1.21452;1.21458;1.21455;0;T;True;1
1621242872000;14151507;1.21452;1.21458;1.21455;0;T;True;1
1621242873000;14151508;1.21452;1.21458;1.21455;0;T;True;1
1621242874000;14151509;1.21452;1.21458;1.21455;0;T;True;1
1621242875000;14151511;1.21452;1.21458;1.21455;1;T;True;1
1621242876000;14151515;1.21451;1.21457;1.21454;3;T;True;1
1621242877000;14151518;1.2145;1.21456;1.21453;2;T;True;1
1621242878000;14151520;1.2145;1.21456;1.21453;1;T;True;1
1621242879000;14151522;1.2145;1.21456;1.21453;1;T;True;1
1621242880000;14151523;1.2145;1.21456;1.21453;0;T;True;1
1621242881000;14151524;1.2145;1.21456;1.21453;0;T;True;1
1621242882000;14151526;1.2145;1.21456;1.21453;1;T;True;1
1621242883000;14151528;1.2145;1.21456;1.21453;1;T;True;1
1621242884000;14151529;1.2145;1.21456;1.21453;0;T;True;1
1621242885000;14151530;1.2145;1.21456;1.21453;0;T;True;1
1621242886000;14151532;1.2145;1.21456;1.21453;1;T;True;1
1621242887000;14151533;1.2145;1.21456;1.21453;0;T;True;1
1621242888000;14151534;1.2145;1.21456;1.21453;0;T;True;1
1621242889000;14151536;1.2145;1.21456;1.21453;1;T;True;1
1621242890000;14151537;1.2145;1.21456;1.21453;0;T;True;1
1621242891000;14151538;1.2145;1.21456;1.21453;0;T;True;1
1621242892000;14151539;1.2145;1.21456;1.21453;0;T;True;1
1621242893000;14151540;1.2145;1.21456;1.21453;0;T;True;1
1621242894000;14151541;1.2145;1.21456;1.21453;0;T;True;1
1621242895000;14151542;1.2145;1.21456;1.21453;0;T;True;1
1621242896000;14151543;1.2145;1.21456;1.21453;0;T;True;1
1621242897000;14151544;1.2145;1.21456;1.21453;0;T;True;1
1621242898000;14151552;1.21458;1.21464;1.21461;7;T;True;1
1621242899000;14151556;1.21456;1.21462;1.21459;3;T;True;1
1621242900000;14151558;1.21458;1.21464;1.21461;1;T;True;1
1621242901000;14151560;1.21458;1.21464;1.21461;1;T;True;1
1621242902000;14151562;1.21458;1.21464;1.21461;1;T;True;1
1621242903000;14151563;1.21458;1.21464;1.21461;0;T;True;1
1621242904000;14151568;1.2146;1.21466;1.21463;4;T;True;1
1621242905000;14151570;1.2146;1.21466;1.21463;1;T;True;1
1621242906000;14151571;1.2146;1.21466;1.21463;0;T;True;1
1621242907000;14151572;1.2146;1.21466;1.21463;0;T;True;1
1621242908000;14151573;1.2146;1.21466;1.21463;0;T;True;1
1621242909000;14151576;1.21459;1.21465;1.21462;2;T;True;1
1621242910000;14151577;1.21459;1.21465;1.21462;0;T;True;1
1621242911000;14151580;1.21458;1.21464;1.21461;2;T;True;1
1621242912000;14151581;1.21458;1.21464;1.21461;0;T;True;1
1621242913000;14151584;1.21456;1.21462;1.21459;2;T;True;1
1621242914000;14151585;1.21456;1.21462;1.21459;0;T;True;1
1621242915000;14151586;1.21456;1.21462;1.21459;0;T;True;1
1621242916000;14151590;1.21458;1.21464;1.21461;3;T;True;1
1621242917000;14151591;1.21458;1.21464;1.21461;0;T;True;1
1621242918000;14151592;1.21458;1.21464;1.21461;0;T;True;1
1621242919000;14151595;1.21458;1.21464;1.21461;2;T;True;1
1621242920000;14151596;1.21458;1.21464;1.21461;0;T;True;1
1621242921000;14151598;1.21458;1.21464;1.21461;1;T;True;1
1621242922000;14151606;1.21459;1.21465;1.21462;7;T;True;1
1621242923000;14151608;1.21459;1.21465;1.21462;1;T;True;1
1621242924000;14151610;1.2146;1.21466;1.21463;1;T;True;1
1621242925000;14151616;1.21454;1.2146;1.21457;5;T;True;1
1621242926000;14151618;1.21454;1.2146;1.21457;1;T;True;1
1621242927000;14151619;1.21454;1.2146;1.21457;0;T;True;1
1621242928000;14151621;1.21454;1.2146;1.21457;1;T;True;1
1621242929000;14151623;1.21454;1.2146;1.21457;1;T;True;1
1621242930000;14151626;1.21453;1.21459;1.21456;2;T;True;1
1621242931000;14151627;1.21453;1.21459;1.21456;0;T;True;1
1621242932000;14151629;1.21453;1.21459;1.21456;1;T;True;1
1621242933000;14151633;1.2145;1.21456;1.21453;3;T;True;1
1621242934000;14151634;1.2145;1.21456;1.21453;0;T;True;1
1621242935000;14151635;1.2145;1.21456;1.21453;0;T;True;1
1621242936000;14151636;1.2145;1.21456;1.21453;0;T;True;1
1621242937000;14151637;1.2145;1.21456;1.21453;0;T;True;1
1621242938000;14151638;1.2145;1.21456;1.21453;0;T;True;1
1621242939000;14151641;1.21449;1.21455;1.21452;2;T;True;1
1621242940000;14151642;1.21449;1.21455;1.21452;0;T;True;1
1621242941000;14151643;1.21449;1.21455;1.21452;0;T;True;1
1621242942000;14151647;1.21448;1.21454;1.21451;3;T;True;1
1621242943000;14151651;1.21448;1.21454;1.21451;3;T;True;1
1621242944000;14151653;1.21449;1.21455;1.21452;1;T;True;1
1621242945000;14151657;1.21449;1.21455;1.21452;3;T;True;1
1621242946000;14151659;1.21448;1.21454;1.21451;1;T;True;1
1621242947000;14151660;1.21448;1.21454;1.21451;0;T;True;1
1621242948000;14151663;1.21448;1.21454;1.21451;2;T;True;1
1621242949000;14151664;1.21448;1.21454;1.21451;0;T;True;1
1621242950000;14151665;1.21448;1.21454;1.21451;0;T;True;1
1621242951000;14151667;1.21448;1.21454;1.21451;1;T;True;1
1621242952000;14151670;1.21448;1.21454;1.21451;2;T;True;1
1621242953000;14151674;1.2145;1.21456;1.21453;3;T;True;1
1621242954000;14151675;1.2145;1.21456;1.21453;0;T;True;1
1621242955000;14151676;1.2145;1.21456;1.21453;0;T;True;1
1621242956000;14151677;1.2145;1.21456;1.21453;0;T;True;1
1621242957000;14151679;1.21449;1.21455;1.21452;1;T;True;1
1621242958000;14151680;1.21449;1.21455;1.21452;0;T;True;1
1621242959000;14151681;1.21449;1.21455;1.21452;0;T;True;1
1621242960000;14151683;1.2145;1.21456;1.21453;1;T;True;1
1621242961000;14151685;1.21449;1.21455;1.21452;1;T;True;1
1621242962000;14151687;1.21449;1.21455;1.21452;1;T;True;1
1621242963000;14151689;1.21449;1.21455;1.21452;1;T;True;1
1621242964000;14151691;1.21449;1.21455;1.21452;1;T;True;1
1621242965000;14151692;1.21449;1.21455;1.21452;0;T;True;1
1621242966000;14151693;1.21449;1.21455;1.21452;0;T;True;1
1621242967000;14151694;1.21449;1.21455;1.21452;0;T;True;1
1621242968000;14151695;1.21449;1.21455;1.21452;0;T;True;1
1621242969000;14151697;1.21449;1.21455;1.21452;1;T;True;1
1621242970000;14151698;1.21449;1.21455;1.21452;0;T;True;1
1621242971000;14151699;1.21449;1.21455;1.21452;0;T;True;1
1621242972000;14151702;1.21448;1.21454;1.21451;2;T;True;1
1621242973000;14151703;1.21448;1.21454;1.21451;0;T;True;1
1621242974000;14151704;1.21448;1.21454;1.21451;0;T;True;1
1621242975000;14151705;1.21448;1.21454;1.21451;0;T;True;1
1621242976000;14151712;1.21444;1.2145;1.21447;6;T;True;1
1621242977000;14151713;1.21444;1.2145;1.21447;0;T;True;1
1621242978000;14151714;1.21444;1.2145;1.21447;0;T;True;1
1621242979000;14151715;1.21444;1.2145;1.21447;0;T;True;1
1621242980000;14151716;1.21444;1.2145;1.21447;0;T;True;1
1621242981000;14151720;1.21444;1.2145;1.21447;3;T;True;1
1621242982000;14151724;1.21442;1.21448;1.21445;3;T;True;1
1621242983000;14151725;1.21442;1.21448;1.21445;0;T;True;1
1621242984000;14151726;1.21442;1.21448;1.21445;0;T;True;1
1621242985000;14151727;1.21442;1.21448;1.21445;0;T;True;1
1621242986000;14151728;1.21442;1.21448;1.21445;0;T;True;1
1621242987000;14151729;1.21442;1.21448;1.21445;0;T;True;1
1621242988000;14151731;1.21443;1.21449;1.21446;1;T;True;1
1621242989000;14151734;1.21443;1.21449;1.21446;2;T;True;1
1621242990000;14151736;1.21443;1.21449;1.21446;1;T;True;1
1621242991000;14151738;1.21442;1.21448;1.21445;1;T;True;1
1621242992000;14151739;1.21442;1.21448;1.21445;0;T;True;1
1621242993000;14151746;1.2144;1.21446;1.21443;6;T;True;1
1621242994000;14151747;1.2144;1.21446;1.21443;0;T;True;1
1621242995000;14151749;1.2144;1.21446;1.21443;1;T;True;1
1621242996000;14151751;1.21441;1.21447;1.21444;1;T;True;1
1621242997000;14151752;1.21441;1.21447;1.21444;0;T;True;1
1621242998000;14151753;1.21441;1.21447;1.21444;0;T;True;1
1621242999000;14151758;1.21442;1.21448;1.21445;4;T;True;1
1621243000000;14151759;1.21442;1.21448;1.21445;0;T;True;1
1621243001000;14151761;1.21442;1.21448;1.21445;1;T;True;1
1621243002000;14151763;1.21442;1.21448;1.21445;1;T;True;1
1621243003000;14151769;1.21438;1.21444;1.21441;5;T;True;1
1621243004000;14151771;1.21438;1.21444;1.21441;1;T;True;1
1621243005000;14151772;1.21438;1.21444;1.21441;0;T;True;1
1621243006000;14151773;1.21438;1.21444;1.21441;0;T;True;1
1621243007000;14151774;1.21438;1.21444;1.21441;0;T;True;1
1621243008000;14151775;1.21438;1.21444;1.21441;0;T;True;1
1621243009000;14151779;1.21438;1.21444;1.21441;3;T;True;1
1621243010000;14151781;1.21438;1.21444;1.21441;1;T;True;1
1621243011000;14151784;1.21438;1.21444;1.21441;2;T;True;1
1621243012000;14151789;1.21438;1.21444;1.21441;4;T;True;1
1621243013000;14151790;1.21438;1.21444;1.21441;0;T;True;1
1621243014000;14151791;1.21438;1.21444;1.21441;0;T;True;1
1621243015000;14151792;1.21438;1.21444;1.21441;0;T;True;1
1621243016000;14151795;1.21438;1.21444;1.21441;2;T;True;1
1621243017000;14151796;1.21438;1.21444;1.21441;0;T;True;1
1621243018000;14151798;1.21438;1.21444;1.21441;1;T;True;1
1621243019000;14151799;1.21438;1.21444;1.21441;0;T;True;1
1621243020000;14151800;1.21438;1.21444;1.21441;0;T;True;1
1621243021000;14151801;1.21438;1.21444;1.21441;0;T;True;1
1621243022000;14151804;1.2144;1.21446;1.21443;2;T;True;1
1621243023000;14151805;1.2144;1.21446;1.21443;0;T;True;1
1621243024000;14151809;1.21441;1.21447;1.21444;3;T;True;1
1621243025000;14151810;1.21441;1.21447;1.21444;0;T;True;1
1621243026000;14151816;1.2144;1.21446;1.21443;5;T;True;1
1621243027000;14151818;1.2144;1.21446;1.21443;1;T;True;1
1621243028000;14151819;1.2144;1.21446;1.21443;0;T;True;1
1621243029000;14151820;1.2144;1.21446;1.21443;0;T;True;1
1621243030000;14151821;1.2144;1.21446;1.21443;0;T;True;1
1621243031000;14151822;1.2144;1.21446;1.21443;0;T;True;1
1621243032000;14151829;1.21443;1.21449;1.21446;6;T;True;1
1621243033000;14151832;1.21443;1.21449;1.21446;2;T;True;1
1621243034000;14151834;1.21443;1.21449;1.21446;1;T;True;1
1621243035000;14151837;1.21443;1.21449;1.21446;2;T;True;1
1621243036000;14151838;1.21443;1.21449;1.21446;0;T;True;1
1621243037000;14151840;1.21443;1.21449;1.21446;1;T;True;1
1621243038000;14151843;1.21444;1.2145;1.21447;2;T;True;1
1621243039000;14151849;1.21448;1.21454;1.21451;5;T;True;1
1621243040000;14151851;1.21448;1.21454;1.21451;1;T;True;1
1621243041000;14151852;1.21448;1.21454;1.21451;0;T;True;1
1621243042000;14151854;1.21448;1.21454;1.21451;1;T;True;1
1621243043000;14151856;1.21448;1.21454;1.21451;1;T;True;1
1621243044000;14151859;1.21448;1.21454;1.21451;2;T;True;1
1621243045000;14151861;1.21447;1.21453;1.2145;1;T;True;1
1621243046000;14151862;1.21447;1.21453;1.2145;0;T;True;1
1621243047000;14151864;1.21447;1.21453;1.2145;1;T;True;1
1621243048000;14151865;1.21447;1.21453;1.2145;0;T;True;1
1621243049000;14151867;1.21447;1.21453;1.2145;1;T;True;1
1621243050000;14151868;1.21447;1.21453;1.2145;0;T;True;1
1621243051000;14151869;1.21447;1.21453;1.2145;0;T;True;1
1621243052000;14151870;1.21447;1.21453;1.2145;0;T;True;1
1621243053000;14151873;1.21448;1.21454;1.21451;2;T;True;1
1621243054000;14151875;1.21448;1.21454;1.21451;1;T;True;1
1621243055000;14151876;1.21448;1.21454;1.21451;0;T;True;1
1621243056000;14151882;1.21444;1.2145;1.21447;5;T;True;1
1621243057000;14151884;1.21444;1.2145;1.21447;1;T;True;1
1621243058000;14151885;1.21444;1.2145;1.21447;0;T;True;1
1621243059000;14151886;1.21444;1.2145;1.21447;0;T;True;1
1621243060000;14151887;1.21444;1.2145;1.21447;0;T;True;1
1621243061000;14151888;1.21444;1.2145;1.21447;0;T;True;1
1621243062000;14151889;1.21444;1.2145;1.21447;0;T;True;1
1621243063000;14151890;1.21444;1.2145;1.21447;0;T;True;1
1621243064000;14151892;1.21444;1.2145;1.21447;1;T;True;1
1621243065000;14151896;1.21444;1.2145;1.21447;3;T;True;1
1621243066000;14151897;1.21444;1.2145;1.21447;0;T;True;1
1621243067000;14151898;1.21444;1.2145;1.21447;0;T;True;1
1621243068000;14151900;1.21445;1.21451;1.21448;1;T;True;1
1621243069000;14151901;1.21445;1.21451;1.21448;0;T;True;1
1621243070000;14151902;1.21445;1.21451;1.21448;0;T;True;1
1621243071000;14151903;1.21445;1.21451;1.21448;0;T;True;1
1621243072000;14151904;1.21445;1.21451;1.21448;0;T;True;1
1621243073000;14151907;1.21445;1.21451;1.21448;2;T;True;1
1621243074000;14151909;1.21446;1.21452;1.21449;1;T;True;1
1621243075000;14151910;1.21446;1.21452;1.21449;0;T;True;1
1621243076000;14151912;1.21445;1.21451;1.21448;1;T;True;1
1621243077000;14151913;1.21445;1.21451;1.21448;0;T;True;1
1621243078000;14151916;1.21444;1.2145;1.21447;2;T;True;1
1621243079000;14151917;1.21444;1.2145;1.21447;0;T;True;1
1621243080000;14151918;1.21444;1.2145;1.21447;0;T;True;1
1621243081000;14151919;1.21444;1.2145;1.21447;0;T;True;1
1621243082000;14151920;1.21444;1.2145;1.21447;0;T;True;1
1621243083000;14151924;1.21445;1.21451;1.21448;3;T;True;1
1621243084000;14151925;1.21445;1.21451;1.21448;0;T;True;1
1621243085000;14151926;1.21445;1.21451;1.21448;0;T;True;1
1621243086000;14151928;1.21444;1.2145;1.21447;1;T;True;1
1621243087000;14151930;1.21445;1.21451;1.21448;1;T;True;1
1621243088000;14151931;1.21445;1.21451;1.21448;0;T;True;1
1621243089000;14151933;1.21444;1.2145;1.21447;1;T;True;1
1621243090000;14151934;1.21444;1.2145;1.21447;0;T;True;1
1621243091000;14151935;1.21444;1.2145;1.21447;0;T;True;1
1621243092000;14151936;1.21444;1.2145;1.21447;0;T;True;1
1621243093000;14151938;1.21444;1.2145;1.21447;1;T;True;1
1621243094000;14151944;1.21447;1.21453;1.2145;5;T;True;1
1621243095000;14151947;1.21447;1.21453;1.2145;2;T;True;1
1621243096000;14151948;1.21447;1.21453;1.2145;0;T;True;1
1621243097000;14151950;1.21448;1.21454;1.21451;1;T;True;1
1621243098000;14151954;1.21448;1.21454;1.21451;3;T;True;1
1621243099000;14151955;1.21448;1.21454;1.21451;0;T;True;1
1621243100000;14151958;1.21447;1.21453;1.2145;2;T;True;1
1621243101000;14151960;1.21447;1.21453;1.2145;1;T;True;1
1621243102000;14151962;1.21447;1.21453;1.2145;1;T;True;1
1621243103000;14151963;1.21447;1.21453;1.2145;0;T;True;1
1621243104000;14151964;1.21447;1.21453;1.2145;0;T;True;1
1621243105000;14151965;1.21447;1.21453;1.2145;0;T;True;1
1621243106000;14151967;1.21447;1.21453;1.2145;1;T;True;1
1621243107000;14151968;1.21447;1.21453;1.2145;0;T;True;1
1621243108000;14151969;1.21447;1.21453;1.2145;0;T;True;1
1621243109000;14151970;1.21447;1.21453;1.2145;0;T;True;1
1621243110000;14151971;1.21447;1.21453;1.2145;0;T;True;1
1621243111000;14151972;1.21447;1.21453;1.2145;0;T;True;1
1621243112000;14151973;1.21447;1.21453;1.2145;0;T;True;1
1621243113000;14151974;1.21447;1.21453;1.2145;0;T;True;1
1621243114000;14151975;1.21447;1.21453;1.2145;0;T;True;1
1621243115000;14151976;1.21447;1.21453;1.2145;0;T;True;1
1621243116000;14151977;1.21447;1.21453;1.2145;0;T;True;1
1621243117000;14151978;1.21447;1.21453;1.2145;0;T;True;1
1621243118000;14151979;1.21447;1.21453;1.2145;0;T;True;1
1621243119000;14151980;1.21447;1.21453;1.2145;0;T;True;1
1621243120000;14151981;1.21447;1.21453;1.2145;0;T;True;1
1621243121000;14151982;1.21447;1.21453;1.2145;0;T;True;1
1621243122000;14151983;1.21447;1.21453;1.2145;0;T;True;1
1621243123000;14151984;1.21447;1.21453;1.2145;0;T;True;1
1621243124000;14151985;1.21447;1.21453;1.2145;0;T;True;1
1621243125000;14151986;1.21447;1.21453;1.2145;0;T;True;1
1621243126000;14151987;1.21447;1.21453;1.2145;0;T;True;1
1621243127000;14151988;1.21447;1.21453;1.2145;0;T;True;1
1621243128000;14151989;1.21447;1.21453;1.2145;0;T;True;1
1621243129000;14151990;1.21447;1.21453;1.2145;0;T;True;1
1621243130000;14151991;1.21447;1.21453;1.2145;0;T;True;1
1621243131000;14151992;1.21447;1.21453;1.2145;0;T;True;1
1621243132000;14151993;1.21447;1.21453;1.2145;0;T;True;1
1621243133000;14151994;1.21447;1.21453;1.2145;0;T;True;1
1621243134000;14151995;1.21447;1.21453;1.2145;0;T;True;1
1621243135000;14151996;1.21447;1.21453;1.2145;0;T;True;1
1621243136000;14151997;1.21447;1.21453;1.2145;0;T;True;1
1621243137000;14151998;1.21447;1.21453;1.2145;0;T;True;1
1621243138000;14151999;1.21447;1.21453;1.2145;0;T;True;1
1621243139000;14152000;1.21447;1.21453;1.2145;0;T;True;1
1621243140000;14152001;1.21447;1.21453;1.2145;0;T;True;1
1621243141000;14152002;1.21447;1.21453;1.2145;0;T;True;1
1621243142000;14152003;1.21447;1.21453;1.2145;0;T;True;1
1621243143000;14152004;1.21447;1.21453;1.2145;0;T;True;1
1621243144000;14152005;1.21447;1.21453;1.2145;0;T;True;1
1621243145000;14152006;1.21447;1.21453;1.2145;0;T;True;1
1621243146000;14152007;1.21447;1.21453;1.2145;0;T;True;1
1621243147000;14152008;1.21447;1.21453;1.2145;0;T;True;1
1621243148000;14152009;1.21447;1.21453;1.2145;0;T;True;1
1621243149000;14152010;1.21447;1.21453;1.2145;0;T;True;1
1621243150000;14152011;1.21447;1.21453;1.2145;0;T;True;1
1621243151000;14152012;1.21447;1.21453;1.2145;0;T;True;1
1621243152000;14152013;1.21447;1.21453;1.2145;0;T;True;1
1621243153000;14152014;1.21447;1.21453;1.2145;0;T;True;1
1621243154000;14152016;1.21447;1.21453;1.2145;1;T;True;1
1621243155000;14152017;1.21447;1.21453;1.2145;0;T;True;1
1621243156000;14152018;1.21447;1.21453;1.2145;0;T;True;1
1621243157000;14152019;1.21447;1.21453;1.2145;0;T;True;1
1621243158000;14152020;1.21447;1.21453;1.2145;0;T;True;1
1621243159000;14152021;1.21447;1.21453;1.2145;0;T;True;1
1621243160000;14152023;1.21448;1.21454;1.21451;1;T;True;1
1621243161000;14152024;1.21448;1.21454;1.21451;0;T;True;1
1621243162000;14152025;1.21448;1.21454;1.21451;0;T;True;1
1621243163000;14152026;1.21448;1.21454;1.21451;0;T;True;1
1621243164000;14152035;1.21447;1.21453;1.2145;8;T;True;1
1621243165000;14152041;1.21446;1.21452;1.21449;5;T;True;1
1621243166000;14152043;1.21446;1.21452;1.21449;1;T;True;1
1621243167000;14152044;1.21446;1.21452;1.21449;0;T;True;1
1621243168000;14152045;1.21446;1.21452;1.21449;0;T;True;1
1621243169000;14152046;1.21446;1.21452;1.21449;0;T;True;1
1621243170000;14152048;1.21447;1.21453;1.2145;1;T;True;1
1621243171000;14152049;1.21447;1.21453;1.2145;0;T;True;1
1621243172000;14152050;1.21447;1.21453;1.2145;0;T;True;1
1621243173000;14152052;1.21448;1.21454;1.21451;1;T;True;1
1621243174000;14152053;1.21448;1.21454;1.21451;0;T;True;1
1621243175000;14152054;1.21448;1.21454;1.21451;0;T;True;1
1621243176000;14152055;1.21448;1.21454;1.21451;0;T;True;1
1621243177000;14152056;1.21448;1.21454;1.21451;0;T;True;1
1621243178000;14152057;1.21448;1.21454;1.21451;0;T;True;1
1621243179000;14152058;1.21448;1.21454;1.21451;0;T;True;1
1621243180000;14152059;1.21448;1.21454;1.21451;0;T;True;1
1621243181000;14152060;1.21448;1.21454;1.21451;0;T;True;1
1621243182000;14152061;1.21448;1.21454;1.21451;0;T;True;1
1621243183000;14152062;1.21448;1.21454;1.21451;0;T;True;1
1621243184000;14152063;1.21448;1.21454;1.21451;0;T;True;1
1621243185000;14152064;1.21448;1.21454;1.21451;0;T;True;1
1621243186000;14152067;1.21447;1.21453;1.2145;2;T;True;1
1621243187000;14152070;1.21448;1.21454;1.21451;2;T;True;1
1621243188000;14152071;1.21448;1.21454;1.21451;0;T;True;1
1621243189000;14152072;1.21448;1.21454;1.21451;0;T;True;1
1621243190000;14152073;1.21448;1.21454;1.21451;0;T;True;1
1621243191000;14152075;1.21448;1.21454;1.21451;1;T;True;1
1621243192000;14152076;1.21448;1.21454;1.21451;0;T;True;1
1621243193000;14152077;1.21448;1.21454;1.21451;0;T;True;1
1621243194000;14152078;1.21448;1.21454;1.21451;0;T;True;1
1621243195000;14152079;1.21448;1.21454;1.21451;0;T;True;1
1621243196000;14152080;1.21448;1.21454;1.21451;0;T;True;1
1621243197000;14152081;1.21448;1.21454;1.21451;0;T;True;1
1621243198000;14152082;1.21448;1.21454;1.21451;0;T;True;1
1621243199000;14152083;1.21448;1.21454;1.21451;0;T;True;1
1621243200000;14152084;1.21448;1.21454;1.21451;0;T;True;1
1621243201000;14152085;1.21448;1.21454;1.21451;0;T;True;1
1621243202000;14152086;1.21448;1.21454;1.21451;0;T;True;1
1621243203000;14152087;1.21448;1.21454;1.21451;0;T;True;1
1621243204000;14152088;1.21448;1.21454;1.21451;0;T;True;1
1621243205000;14152089;1.21448;1.21454;1.21451;0;T;True;1
1621243206000;14152090;1.21448;1.21454;1.21451;0;T;True;1
1621243207000;14152091;1.21448;1.21454;1.21451;0;T;True;1
1621243208000;14152093;1.21449;1.21455;1.21452;1;T;True;1
1621243209000;14152094;1.21449;1.21455;1.21452;0;T;True;1
1621243210000;14152095;1.21449;1.21455;1.21452;0;T;True;1
1621243211000;14152096;1.21449;1.21455;1.21452;0;T;True;1
1621243212000;14152097;1.21449;1.21455;1.21452;0;T;True;1
1621243213000;14152098;1.21449;1.21455;1.21452;0;T;True;1
1621243214000;14152099;1.21449;1.21455;1.21452;0;T;True;1
1621243215000;14152100;1.21449;1.21455;1.21452;0;T;True;1
1621243216000;14152101;1.21449;1.21455;1.21452;0;T;True;1
1621243217000;14152102;1.21449;1.21455;1.21452;0;T;True;1
1621243218000;14152103;1.21449;1.21455;1.21452;0;T;True;1
1621243219000;14152104;1.21449;1.21455;1.21452;0;T;True;1
1621243220000;14152106;1.21449;1.21455;1.21452;1;T;True;1
1621243221000;14152109;1.21452;1.21458;1.21455;2;T;True;1
1621243222000;14152110;1.21452;1.21458;1.21455;0;T;True;1
1621243223000;14152111;1.21452;1.21458;1.21455;0;T;True;1
1621243224000;14152112;1.21452;1.21458;1.21455;0;T;True;1
1621243225000;14152113;1.21452;1.21458;1.21455;0;T;True;1
1621243226000;14152114;1.21452;1.21458;1.21455;0;T;True;1
1621243227000;14152115;1.21452;1.21458;1.21455;0;T;True;1
1621243228000;14152119;1.2145;1.21456;1.21453;3;T;True;1
1621243229000;14152121;1.2145;1.21456;1.21453;1;T;True;1
1621243230000;14152124;1.21452;1.21458;1.21455;2;T;True;1
1621243231000;14152128;1.21454;1.2146;1.21457;3;T;True;1
1621243232000;14152129;1.21454;1.2146;1.21457;0;T;True;1
1621243233000;14152130;1.21454;1.2146;1.21457;0;T;True;1
1621243234000;14152131;1.21454;1.2146;1.21457;0;T;True;1
1621243235000;14152132;1.21454;1.2146;1.21457;0;T;True;1
1621243236000;14152134;1.21454;1.2146;1.21457;1;T;True;1
1621243237000;14152135;1.21454;1.2146;1.21457;0;T;True;1
1621243238000;14152136;1.21454;1.2146;1.21457;0;T;True;1
1621243239000;14152137;1.21454;1.2146;1.21457;0;T;True;1
1621243240000;14152138;1.21454;1.2146;1.21457;0;T;True;1
1621243241000;14152139;1.21454;1.2146;1.21457;0;T;True;1
1621243242000;14152140;1.21454;1.2146;1.21457;0;T;True;1
1621243243000;14152141;1.21454;1.2146;1.21457;0;T;True;1
1621243244000;14152142;1.21454;1.2146;1.21457;0;T;True;1
1621243245000;14152143;1.21454;1.2146;1.21457;0;T;True;1
1621243246000;14152144;1.21454;1.2146;1.21457;0;T;True;1
1621243247000;14152145;1.21454;1.2146;1.21457;0;T;True;1
1621243248000;14152147;1.21454;1.2146;1.21457;1;T;True;1
1621243249000;14152148;1.21454;1.2146;1.21457;0;T;True;1
1621243250000;14152149;1.21454;1.2146;1.21457;0;T;True;1
1621243251000;14152150;1.21454;1.2146;1.21457;0;T;True;1
1621243252000;14152151;1.21454;1.2146;1.21457;0;T;True;1
1621243253000;14152152;1.21454;1.2146;1.21457;0;T;True;1
1621243254000;14152153;1.21454;1.2146;1.21457;0;T;True;1
1621243255000;14152154;1.21454;1.2146;1.21457;0;T;True;1
1621243256000;14152156;1.21454;1.2146;1.21457;1;T;True;1
1621243257000;14152157;1.21454;1.2146;1.21457;0;T;True;1
1621243258000;14152158;1.21454;1.2146;1.21457;0;T;True;1
1621243259000;14152160;1.21455;1.21461;1.21458;1;T;True;1
1621243260000;14152161;1.21455;1.21461;1.21458;0;T;True;1
1621243261000;14152162;1.21455;1.21461;1.21458;0;T;True;1
1621243262000;14152163;1.21455;1.21461;1.21458;0;T;True;1
1621243263000;14152164;1.21455;1.21461;1.21458;0;T;True;1
1621243264000;14152165;1.21455;1.21461;1.21458;0;T;True;1
1621243265000;14152166;1.21455;1.21461;1.21458;0;T;True;1
1621243266000;14152167;1.21455;1.21461;1.21458;0;T;True;1
1621243267000;14152168;1.21455;1.21461;1.21458;0;T;True;1
1621243268000;14152169;1.21455;1.21461;1.21458;0;T;True;1
1621243269000;14152170;1.21455;1.21461;1.21458;0;T;True;1
1621243270000;14152171;1.21455;1.21461;1.21458;0;T;True;1
1621243271000;14152172;1.21455;1.21461;1.21458;0;T;True;1
1621243272000;14152175;1.21455;1.21461;1.21458;2;T;True;1
1621243273000;14152176;1.21455;1.21461;1.21458;0;T;True;1
1621243274000;14152177;1.21455;1.21461;1.21458;0;T;True;1
1621243275000;14152181;1.21458;1.21464;1.21461;3;T;True;1
1621243276000;14152184;1.2146;1.21466;1.21463;2;T;True;1
1621243277000;14152185;1.2146;1.21466;1.21463;0;T;True;1
1621243278000;14152193;1.21465;1.21471;1.21468;7;T;True;1
1621243279000;14152199;1.21468;1.21474;1.21471;5;T;True;1
1621243280000;14152202;1.2147;1.21476;1.21473;2;T;True;1
1621243281000;14152206;1.21474;1.2148;1.21477;3;T;True;1
1621243282000;14152207;1.21474;1.2148;1.21477;0;T;True;1
1621243283000;14152209;1.21474;1.2148;1.21477;1;T;True;1
1621243284000;14152211;1.21474;1.2148;1.21477;1;T;True;1
1621243285000;14152212;1.21474;1.2148;1.21477;0;T;True;1
1621243286000;14152215;1.21474;1.2148;1.21477;2;T;True;1
1621243287000;14152216;1.21474;1.2148;1.21477;0;T;True;1
1621243288000;14152217;1.21474;1.2148;1.21477;0;T;True;1
1621243289000;14152218;1.21474;1.2148;1.21477;0;T;True;1
1621243290000;14152219;1.21474;1.2148;1.21477;0;T;True;1
1621243291000;14152220;1.21474;1.2148;1.21477;0;T;True;1
1621243292000;14152221;1.21474;1.2148;1.21477;0;T;True;1
1621243293000;14152224;1.21474;1.2148;1.21477;2;T;True;1
1621243294000;14152225;1.21474;1.2148;1.21477;0;T;True;1
1621243295000;14152226;1.21474;1.2148;1.21477;0;T;True;1
1621243296000;14152227;1.21474;1.2148;1.21477;0;T;True;1
1621243297000;14152229;1.21474;1.2148;1.21477;1;T;True;1
1621243298000;14152230;1.21474;1.2148;1.21477;0;T;True;1
1621243299000;14152231;1.21474;1.2148;1.21477;0;T;True;1
1621243300000;14152233;1.21475;1.21481;1.21478;1;T;True;1
1621243301000;14152235;1.21474;1.2148;1.21477;1;T;True;1
1621243302000;14152241;1.21476;1.21482;1.21479;5;T;True;1
1621243303000;14152246;1.21472;1.21478;1.21475;4;T;True;1
1621243304000;14152247;1.21472;1.21478;1.21475;0;T;True;1
1621243305000;14152248;1.21472;1.21478;1.21475;0;T;True;1
1621243306000;14152249;1.21472;1.21478;1.21475;0;T;True;1
1621243307000;14152250;1.21472;1.21478;1.21475;0;T;True;1
1621243308000;14152254;1.21472;1.21478;1.21475;3;T;True;1
1621243309000;14152256;1.21473;1.21479;1.21476;1;T;True;1
1621243310000;14152257;1.21473;1.21479;1.21476;0;T;True;1
1621243311000;14152258;1.21473;1.21479;1.21476;0;T;True;1
1621243312000;14152259;1.21473;1.21479;1.21476;0;T;True;1
1621243313000;14152260;1.21473;1.21479;1.21476;0;T;True;1
1621243314000;14152261;1.21473;1.21479;1.21476;0;T;True;1
1621243315000;14152262;1.21473;1.21479;1.21476;0;T;True;1
1621243316000;14152270;1.21474;1.2148;1.21477;7;T;True;1
1621243317000;14152272;1.21474;1.2148;1.21477;1;T;True;1
1621243318000;14152275;1.21474;1.2148;1.21477;2;T;True;1
1621243319000;14152276;1.21474;1.2148;1.21477;0;T;True;1
1621243320000;14152277;1.21474;1.2148;1.21477;0;T;True;1
1621243321000;14152278;1.21474;1.2148;1.21477;0;T;True;1
1621243322000;14152279;1.21474;1.2148;1.21477;0;T;True;1
1621243323000;14152281;1.21475;1.21481;1.21478;1;T;True;1
1621243324000;14152282;1.21475;1.21481;1.21478;0;T;True;1
1621243325000;14152283;1.21475;1.21481;1.21478;0;T;True;1
1621243326000;14152284;1.21475;1.21481;1.21478;0;T;True;1
1621243327000;14152285;1.21475;1.21481;1.21478;0;T;True;1
1621243328000;14152286;1.21475;1.21481;1.21478;0;T;True;1
1621243329000;14152287;1.21475;1.21481;1.21478;0;T;True;1
1621243330000;14152288;1.21475;1.21481;1.21478;0;T;True;1
1621243331000;14152289;1.21475;1.21481;1.21478;0;T;True;1
1621243332000;14152290;1.21475;1.21481;1.21478;0;T;True;1
1621243333000;14152291;1.21475;1.21481;1.21478;0;T;True;1
1621243334000;14152292;1.21475;1.21481;1.21478;0;T;True;1
1621243335000;14152293;1.21475;1.21481;1.21478;0;T;True;1
1621243336000;14152294;1.21475;1.21481;1.21478;0;T;True;1
1621243337000;14152295;1.21475;1.21481;1.21478;0;T;True;1
1621243338000;14152297;1.21474;1.2148;1.21477;1;T;True;1
1621243339000;14152300;1.21472;1.21478;1.21475;2;T;True;1
1621243340000;14152301;1.21472;1.21478;1.21475;0;T;True;1
1621243341000;14152302;1.21472;1.21478;1.21475;0;T;True;1
1621243342000;14152305;1.21473;1.21479;1.21476;2;T;True;1
1621243343000;14152306;1.21473;1.21479;1.21476;0;T;True;1
1621243344000;14152307;1.21473;1.21479;1.21476;0;T;True;1
1621243345000;14152308;1.21473;1.21479;1.21476;0;T;True;1
1621243346000;14152311;1.2147;1.21476;1.21473;2;T;True;1
1621243347000;14152313;1.21471;1.21477;1.21474;1;T;True;1
1621243348000;14152318;1.21468;1.21474;1.21471;4;T;True;1
1621243349000;14152322;1.21471;1.21477;1.21474;3;T;True;1
1621243350000;14152325;1.2147;1.21476;1.21473;2;T;True;1
1621243351000;14152326;1.2147;1.21476;1.21473;0;T;True;1
1621243352000;14152328;1.2147;1.21476;1.21473;1;T;True;1
1621243353000;14152330;1.2147;1.21476;1.21473;1;T;True;1
1621243354000;14152332;1.21471;1.21477;1.21474;1;T;True;1
1621243355000;14152333;1.21471;1.21477;1.21474;0;T;True;1
1621243356000;14152334;1.21471;1.21477;1.21474;0;T;True;1
1621243357000;14152335;1.21471;1.21477;1.21474;0;T;True;1
1621243358000;14152336;1.21471;1.21477;1.21474;0;T;True;1
1621243359000;14152337;1.21471;1.21477;1.21474;0;T;True;1
1621243360000;14152338;1.21471;1.21477;1.21474;0;T;True;1
1621243361000;14152339;1.21471;1.21477;1.21474;0;T;True;1
1621243362000;14152340;1.21471;1.21477;1.21474;0;T;True;1
1621243363000;14152341;1.21471;1.21477;1.21474;0;T;True;1
1621243364000;14152343;1.2147;1.21476;1.21473;1;T;True;1
1621243365000;14152344;1.2147;1.21476;1.21473;0;T;True;1
1621243366000;14152345;1.2147;1.21476;1.21473;0;T;True;1
1621243367000;14152347;1.2147;1.21476;1.21473;1;T;True;1
1621243368000;14152348;1.2147;1.21476;1.21473;0;T;True;1
1621243369000;14152349;1.2147;1.21476;1.21473;0;T;True;1
1621243370000;14152351;1.2147;1.21476;1.21473;1;T;True;1
1621243371000;14152352;1.2147;1.21476;1.21473;0;T;True;1
1621243372000;14152353;1.2147;1.21476;1.21473;0;T;True;1
1621243373000;14152354;1.2147;1.21476;1.21473;0;T;True;1
1621243374000;14152356;1.21471;1.21477;1.21474;1;T;True;1
1621243375000;14152361;1.21474;1.2148;1.21477;4;T;True;1
1621243376000;14152362;1.21474;1.2148;1.21477;0;T;True;1
1621243377000;14152363;1.21474;1.2148;1.21477;0;T;True;1
1621243378000;14152364;1.21474;1.2148;1.21477;0;T;True;1
1621243379000;14152365;1.21474;1.2148;1.21477;0;T;True;1
1621243380000;14152366;1.21474;1.2148;1.21477;0;T;True;1
1621243381000;14152367;1.21474;1.2148;1.21477;0;T;True;1
1621243382000;14152368;1.21474;1.2148;1.21477;0;T;True;1
1621243383000;14152369;1.21474;1.2148;1.21477;0;T;True;1
1621243384000;14152370;1.21474;1.2148;1.21477;0;T;True;1
1621243385000;14152371;1.21474;1.2148;1.21477;0;T;True;1
1621243386000;14152372;1.21474;1.2148;1.21477;0;T;True;1
1621243387000;14152373;1.21474;1.2148;1.21477;0;T;True;1
1621243388000;14152374;1.21474;1.2148;1.21477;0;T;True;1
1621243389000;14152375;1.21474;1.2148;1.21477;0;T;True;1
1621243390000;14152376;1.21474;1.2148;1.21477;0;T;True;1
1621243391000;14152377;1.21474;1.2148;1.21477;0;T;True;1
1621243392000;14152379;1.21472;1.21478;1.21475;1;T;True;1
1621243393000;14152380;1.21472;1.21478;1.21475;0;T;True;1
1621243394000;14152381;1.21472;1.21478;1.21475;0;T;True;1
1621243395000;14152383;1.21472;1.21478;1.21475;1;T;True;1
1621243396000;14152385;1.21472;1.21478;1.21475;1;T;True;1
1621243397000;14152387;1.21471;1.21477;1.21474;1;T;True;1
1621243398000;14152388;1.21471;1.21477;1.21474;0;T;True;1
1621243399000;14152389;1.21471;1.21477;1.21474;0;T;True;1
1621243400000;14152390;1.21471;1.21477;1.21474;0;T;True;1
1621243401000;14152391;1.21471;1.21477;1.21474;0;T;True;1
1621243402000;14152392;1.21471;1.21477;1.21474;0;T;True;1
1621243403000;14152393;1.21471;1.21477;1.21474;0;T;True;1
1621243404000;14152394;1.21471;1.21477;1.21474;0;T;True;1
1621243405000;14152398;1.21475;1.21481;1.21478;3;T;True;1
1621243406000;14152399;1.21475;1.21481;1.21478;0;T;True;1
1621243407000;14152401;1.21476;1.21482;1.21479;1;T;True;1
1621243408000;14152402;1.21476;1.21482;1.21479;0;T;True;1
1621243409000;14152403;1.21476;1.21482;1.21479;0;T;True;1
1621243410000;14152404;1.21476;1.21482;1.21479;0;T;True;1
1621243411000;14152405;1.21476;1.21482;1.21479;0;T;True;1
1621243412000;14152406;1.21476;1.21482;1.21479;0;T;True;1
1621243413000;14152407;1.21476;1.21482;1.21479;0;T;True;1
1621243414000;14152408;1.21476;1.21482;1.21479;0;T;True;1
1621243415000;14152409;1.21476;1.21482;1.21479;0;T;True;1
1621243416000;14152410;1.21476;1.21482;1.21479;0;T;True;1
1621243417000;14152411;1.21476;1.21482;1.21479;0;T;True;1
1621243418000;14152412;1.21476;1.21482;1.21479;0;T;True;1
1621243419000;14152413;1.21476;1.21482;1.21479;0;T;True;1
1621243420000;14152415;1.21475;1.21481;1.21478;1;T;True;1
1621243421000;14152416;1.21475;1.21481;1.21478;0;T;True;1
1621243422000;14152421;1.21471;1.21477;1.21474;4;T;True;1
1621243423000;14152424;1.2147;1.21476;1.21473;2;T;True;1
1621243424000;14152425;1.2147;1.21476;1.21473;0;T;True;1
1621243425000;14152426;1.2147;1.21476;1.21473;0;T;True;1
1621243426000;14152427;1.2147;1.21476;1.21473;0;T;True;1
1621243427000;14152428;1.2147;1.21476;1.21473;0;T;True;1
1621243428000;14152429;1.2147;1.21476;1.21473;0;T;True;1
1621243429000;14152433;1.21473;1.21479;1.21476;3;T;True;1
1621243430000;14152435;1.21474;1.2148;1.21477;1;T;True;1
1621243431000;14152436;1.21474;1.2148;1.21477;0;T;True;1
1621243432000;14152437;1.21474;1.2148;1.21477;0;T;True;1
1621243433000;14152438;1.21474;1.2148;1.21477;0;T;True;1
1621243434000;14152439;1.21474;1.2148;1.21477;0;T;True;1
1621243435000;14152440;1.21474;1.2148;1.21477;0;T;True;1
1621243436000;14152442;1.21474;1.2148;1.21477;1;T;True;1
1621243437000;14152443;1.21474;1.2148;1.21477;0;T;True;1
1621243438000;14152445;1.21475;1.21481;1.21478;1;T;True;1
1621243439000;14152446;1.21475;1.21481;1.21478;0;T;True;1
1621243440000;14152447;1.21475;1.21481;1.21478;0;T;True;1
1621243441000;14152448;1.21475;1.21481;1.21478;0;T;True;1
1621243442000;14152449;1.21475;1.21481;1.21478;0;T;True;1
1621243443000;14152453;1.21476;1.21482;1.21479;3;T;True;1
1621243444000;14152455;1.21476;1.21482;1.21479;1;T;True;1
1621243445000;14152456;1.21476;1.21482;1.21479;0;T;True;1
1621243446000;14152460;1.21475;1.21481;1.21478;3;T;True;1
1621243447000;14152467;1.21478;1.21484;1.21481;6;T;True;1
1621243448000;14152470;1.21478;1.21484;1.21481;2;T;True;1
1621243449000;14152476;1.21478;1.21484;1.21481;5;T;True;1
1621243450000;14152477;1.21478;1.21484;1.21481;0;T;True;1
1621243451000;14152478;1.21478;1.21484;1.21481;0;T;True;1
1621243452000;14152480;1.21479;1.21485;1.21482;1;T;True;1
1621243453000;14152481;1.21479;1.21485;1.21482;0;T;True;1
1621243454000;14152482;1.21479;1.21485;1.21482;0;T;True;1
1621243455000;14152483;1.21479;1.21485;1.21482;0;T;True;1
1621243456000;14152486;1.2148;1.21486;1.21483;2;T;True;1
1621243457000;14152487;1.2148;1.21486;1.21483;0;T;True;1
1621243458000;14152492;1.21484;1.2149;1.21487;4;T;True;1
1621243459000;14152502;1.21488;1.21494;1.21491;9;T;True;1
1621243460000;14152504;1.21487;1.21493;1.2149;1;T;True;1
1621243461000;14152505;1.21487;1.21493;1.2149;0;T;True;1
1621243462000;14152507;1.21487;1.21493;1.2149;1;T;True;1
1621243463000;14152509;1.21486;1.21492;1.21489;1;T;True;1
1621243464000;14152510;1.21486;1.21492;1.21489;0;T;True;1
1621243465000;14152511;1.21486;1.21492;1.21489;0;T;True;1
1621243466000;14152512;1.21486;1.21492;1.21489;0;T;True;1
1621243467000;14152514;1.21486;1.21492;1.21489;1;T;True;1
1621243468000;14152515;1.21486;1.21492;1.21489;0;T;True;1
1621243469000;14152516;1.21486;1.21492;1.21489;0;T;True;1
1621243470000;14152518;1.21485;1.21491;1.21488;1;T;True;1
1621243471000;14152519;1.21485;1.21491;1.21488;0;T;True;1
1621243472000;14152520;1.21485;1.21491;1.21488;0;T;True;1
1621243473000;14152523;1.21487;1.21493;1.2149;2;T;True;1
1621243474000;14152526;1.21486;1.21492;1.21489;2;T;True;1
1621243475000;14152528;1.21486;1.21492;1.21489;1;T;True;1
1621243476000;14152529;1.21486;1.21492;1.21489;0;T;True;1
1621243477000;14152530;1.21486;1.21492;1.21489;0;T;True;1
1621243478000;14152531;1.21486;1.21492;1.21489;0;T;True;1
1621243479000;14152532;1.21486;1.21492;1.21489;0;T;True;1
1621243480000;14152535;1.21486;1.21492;1.21489;2;T;True;1
1621243481000;14152536;1.21486;1.21492;1.21489;0;T;True;1
1621243482000;14152538;1.21486;1.21492;1.21489;1;T;True;1
1621243483000;14152541;1.21485;1.21491;1.21488;2;T;True;1
1621243484000;14152542;1.21485;1.21491;1.21488;0;T;True;1
1621243485000;14152543;1.21485;1.21491;1.21488;0;T;True;1
1621243486000;14152545;1.21485;1.21491;1.21488;1;T;True;1
1621243487000;14152546;1.21485;1.21491;1.21488;0;T;True;1
1621243488000;14152549;1.21486;1.21492;1.21489;2;T;True;1
1621243489000;14152552;1.21488;1.21494;1.21491;2;T;True;1
1621243490000;14152553;1.21488;1.21494;1.21491;0;T;True;1
1621243491000;14152554;1.21488;1.21494;1.21491;0;T;True;1
1621243492000;14152555;1.21488;1.21494;1.21491;0;T;True;1
1621243493000;14152556;1.21488;1.21494;1.21491;0;T;True;1
1621243494000;14152560;1.21485;1.21491;1.21488;3;T;True;1
1621243495000;14152562;1.21486;1.21492;1.21489;1;T;True;1
1621243496000;14152563;1.21486;1.21492;1.21489;0;T;True;1
1621243497000;14152564;1.21486;1.21492;1.21489;0;T;True;1
1621243498000;14152565;1.21486;1.21492;1.21489;0;T;True;1
1621243499000;14152567;1.21486;1.21492;1.21489;1;T;True;1
1621243500000;14152569;1.21485;1.21491;1.21488;1;T;True;1
1621243501000;14152572;1.21485;1.21491;1.21488;2;T;True;1
1621243502000;14152575;1.21484;1.2149;1.21487;2;T;True;1
1621243503000;14152579;1.21479;1.21485;1.21482;3;T;True;1
1621243504000;14152582;1.21478;1.21484;1.21481;2;T;True;1
1621243505000;14152589;1.21482;1.21488;1.21485;6;T;True;1
1621243506000;14152591;1.21482;1.21488;1.21485;1;T;True;1
1621243507000;14152595;1.2148;1.21486;1.21483;3;T;True;1
1621243508000;14152597;1.2148;1.21486;1.21483;1;T;True;1
1621243509000;14152599;1.21481;1.21487;1.21484;1;T;True;1
1621243510000;14152603;1.21483;1.21489;1.21486;3;T;True;1
1621243511000;14152607;1.21484;1.2149;1.21487;3;T;True;1
1621243512000;14152609;1.21484;1.2149;1.21487;1;T;True;1
1621243513000;14152611;1.21484;1.2149;1.21487;1;T;True;1
1621243514000;14152614;1.21482;1.21488;1.21485;2;T;True;1
1621243515000;14152615;1.21482;1.21488;1.21485;0;T;True;1
1621243516000;14152616;1.21482;1.21488;1.21485;0;T;True;1
1621243517000;14152617;1.21482;1.21488;1.21485;0;T;True;1
1621243518000;14152618;1.21482;1.21488;1.21485;0;T;True;1
1621243519000;14152619;1.21482;1.21488;1.21485;0;T;True;1
1621243520000;14152620;1.21482;1.21488;1.21485;0;T;True;1
1621243521000;14152621;1.21482;1.21488;1.21485;0;T;True;1
1621243522000;14152622;1.21482;1.21488;1.21485;0;T;True;1
1621243523000;14152623;1.21482;1.21488;1.21485;0;T;True;1
1621243524000;14152624;1.21482;1.21488;1.21485;0;T;True;1
1621243525000;14152625;1.21482;1.21488;1.21485;0;T;True;1
1621243526000;14152628;1.2148;1.21486;1.21483;2;T;True;1
1621243527000;14152631;1.21478;1.21484;1.21481;2;T;True;1
1621243528000;14152633;1.21478;1.21484;1.21481;1;T;True;1
1621243529000;14152634;1.21478;1.21484;1.21481;0;T;True;1
1621243530000;14152635;1.21478;1.21484;1.21481;0;T;True;1
1621243531000;14152636;1.21478;1.21484;1.21481;0;T;True;1
1621243532000;14152638;1.2148;1.21486;1.21483;1;T;True;1
1621243533000;14152645;1.21482;1.21488;1.21485;6;T;True;1
1621243534000;14152648;1.21482;1.21488;1.21485;2;T;True;1
1621243535000;14152649;1.21482;1.21488;1.21485;0;T;True;1
1621243536000;14152650;1.21482;1.21488;1.21485;0;T;True;1
1621243537000;14152652;1.21482;1.21488;1.21485;1;T;True;1
1621243538000;14152654;1.21482;1.21488;1.21485;1;T;True;1
1621243539000;14152655;1.21482;1.21488;1.21485;0;T;True;1
1621243540000;14152656;1.21482;1.21488;1.21485;0;T;True;1
1621243541000;14152659;1.21482;1.21488;1.21485;2;T;True;1
1621243542000;14152660;1.21482;1.21488;1.21485;0;T;True;1
1621243543000;14152661;1.21482;1.21488;1.21485;0;T;True;1
1621243544000;14152664;1.21482;1.21488;1.21485;2;T;True;1
1621243545000;14152665;1.21482;1.21488;1.21485;0;T;True;1
1621243546000;14152666;1.21482;1.21488;1.21485;0;T;True;1
1621243547000;14152669;1.21484;1.2149;1.21487;2;T;True;1
1621243548000;14152670;1.21484;1.2149;1.21487;0;T;True;1
1621243549000;14152671;1.21484;1.2149;1.21487;0;T;True;1
1621243550000;14152672;1.21484;1.2149;1.21487;0;T;True;1
1621243551000;14152674;1.21485;1.21491;1.21488;1;T;True;1
1621243552000;14152676;1.21484;1.2149;1.21487;1;T;True;1
1621243553000;14152677;1.21484;1.2149;1.21487;0;T;True;1
1621243554000;14152678;1.21484;1.2149;1.21487;0;T;True;1
1621243555000;14152680;1.21484;1.2149;1.21487;1;T;True;1
1621243556000;14152684;1.21481;1.21487;1.21484;3;T;True;1
1621243557000;14152687;1.21482;1.21488;1.21485;2;T;True;1
1621243558000;14152688;1.21482;1.21488;1.21485;0;T;True;1
1621243559000;14152689;1.21482;1.21488;1.21485;0;T;True;1
1621243560000;14152691;1.21482;1.21488;1.21485;1;T;True;1
1621243561000;14152692;1.21482;1.21488;1.21485;0;T;True;1
1621243562000;14152693;1.21482;1.21488;1.21485;0;T;True;1
1621243563000;14152696;1.21482;1.21488;1.21485;2;T;True;1
1621243564000;14152697;1.21482;1.21488;1.21485;0;T;True;1
1621243565000;14152698;1.21482;1.21488;1.21485;0;T;True;1
1621243566000;14152699;1.21482;1.21488;1.21485;0;T;True;1
1621243567000;14152700;1.21482;1.21488;1.21485;0;T;True;1
1621243568000;14152701;1.21482;1.21488;1.21485;0;T;True;1
1621243569000;14152704;1.21482;1.21488;1.21485;2;T;True;1
1621243570000;14152705;1.21482;1.21488;1.21485;0;T;True;1
1621243571000;14152706;1.21482;1.21488;1.21485;0;T;True;1
1621243572000;14152710;1.21484;1.2149;1.21487;3;T;True;1
1621243573000;14152711;1.21484;1.2149;1.21487;0;T;True;1
1621243574000;14152713;1.21483;1.21489;1.21486;1;T;True;1
1621243575000;14152714;1.21483;1.21489;1.21486;0;T;True;1
1621243576000;14152715;1.21483;1.21489;1.21486;0;T;True;1
1621243577000;14152716;1.21483;1.21489;1.21486;0;T;True;1
1621243578000;14152717;1.21483;1.21489;1.21486;0;T;True;1
1621243579000;14152720;1.21481;1.21487;1.21484;2;T;True;1
1621243580000;14152721;1.21481;1.21487;1.21484;0;T;True;1
1621243581000;14152723;1.2148;1.21486;1.21483;1;T;True;1
1621243582000;14152725;1.2148;1.21486;1.21483;1;T;True;1
1621243583000;14152726;1.2148;1.21486;1.21483;0;T;True;1
1621243584000;14152727;1.2148;1.21486;1.21483;0;T;True;1
1621243585000;14152728;1.2148;1.21486;1.21483;0;T;True;1
1621243586000;14152729;1.2148;1.21486;1.21483;0;T;True;1
1621243587000;14152733;1.21478;1.21484;1.21481;3;T;True;1
1621243588000;14152737;1.21479;1.21485;1.21482;3;T;True;1
1621243589000;14152738;1.21479;1.21485;1.21482;0;T;True;1
1621243590000;14152739;1.21479;1.21485;1.21482;0;T;True;1
1621243591000;14152740;1.21479;1.21485;1.21482;0;T;True;1
1621243592000;14152747;1.21478;1.21484;1.21481;6;T;True;1
1621243593000;14152748;1.21478;1.21484;1.21481;0;T;True;1
