ts;n;bid;ask;value;volume;phase;round;active_id
1621229262000;14117571;1.21272;1.21278;1.21275;0;T;True;1
1621229263000;14117572;1.21272;1.21278;1.21275;0;T;True;1
1621229264000;14117573;1.21272;1.21278;1.21275;0;T;True;1
1621229265000;14117574;1.21272;1.21278;1.21275;0;T;True;1
1621229266000;14117575;1.21272;1.21278;1.21275;0;T;True;1
1621229267000;14117576;1.21272;1.21278;1.21275;0;T;True;1
1621229268000;14117577;1.21272;1.21278;1.21275;0;T;True;1
1621229269000;14117578;1.21272;1.21278;1.21275;0;T;True;1
1621229270000;14117579;1.21272;1.21278;1.21275;0;T;True;1
1621229271000;14117580;1.21272;1.21278;1.21275;0;T;True;1
1621229272000;14117581;1.21272;1.21278;1.21275;0;T;True;1
1621229273000;14117582;1.21272;1.21278;1.21275;0;T;True;1
1621229274000;14117583;1.21272;1.21278;1.21275;0;T;True;1
1621229275000;14117584;1.21272;1.21278;1.21275;0;T;True;1
1621229276000;14117585;1.21272;1.21278;1.21275;0;T;True;1
1621229277000;14117586;1.21272;1.21278;1.21275;0;T;True;1
1621229278000;14117587;1.21272;1.21278;1.21275;0;T;True;1
1621229279000;14117588;1.21272;1.21278;1.21275;0;T;True;1
1621229280000;14117589;1.21272;1.21278;1.21275;0;T;True;1
1621229281000;14117590;1.21272;1.21278;1.21275;0;T;True;1
1621229282000;14117591;1.21272;1.21278;1.21275;0;T;True;1
1621229283000;14117593;1.21272;1.21278;1.21275;1;T;True;1
1621229284000;14117599;1.21275;1.21281;1.21278;5;T;True;1
1621229285000;14117603;1.21275;1.21281;1.21278;3;T;True;1
1621229286000;14117605;1.21275;1.21281;1.21278;1;T;True;1
1621229287000;14117606;1.21275;1.21281;1.21278;0;T;True;1
1621229288000;14117607;1.21275;1.21281;1.21278;0;T;True;1
1621229289000;14117609;1.21275;1.21281;1.21278;1;T;True;1
1621229290000;14117612;1.21276;1.21282;1.21279;2;T;True;1
1621229291000;14117613;1.21276;1.21282;1.21279;0;T;True;1
1621229292000;14117614;1.21276;1.21282;1.21279;0;T;True;1
1621229293000;14117616;1.21275;1.21281;1.21278;1;T;True;1
1621229294000;14117619;1.21275;1.21281;1.21278;2;T;True;1
1621229295000;14117623;1.21274;1.2128;1.21277;3;T;True;1
1621229296000;14117624;1.21274;1.2128;1.21277;0;T;True;1
1621229297000;14117625;1.21274;1.2128;1.21277;0;T;True;1
1621229298000;14117626;1.21274;1.2128;1.21277;0;T;True;1
1621229299000;14117627;1.21274;1.2128;1.21277;0;T;True;1
1621229300000;14117628;1.21274;1.2128;1.21277;0;T;True;1
1621229301000;14117629;1.21274;1.2128;1.21277;0;T;True;1
1621229302000;14117630;1.21274;1.2128;1.21277;0;T;True;1
1621229303000;14117633;1.21274;1.2128;1.21277;2;T;True;1
1621229304000;14117634;1.21274;1.2128;1.21277;0;T;True;1
1621229305000;14117635;1.21274;1.2128;1.21277;0;T;True;1
1621229306000;14117636;1.21274;1.2128;1.21277;0;T;True;1
1621229307000;14117637;1.21274;1.2128;1.21277;0;T;True;1
1621229308000;14117638;1.21274;1.2128;1.21277;0;T;True;1
1621229309000;14117639;1.21274;1.2128;1.21277;0;T;True;1
1621229310000;14117640;1.21274;1.2128;1.21277;0;T;True;1
1621229311000;14117641;1.21274;1.2128;1.21277;0;T;True;1
1621229312000;14117642;1.21274;1.2128;1.21277;0;T;True;1
1621229313000;14117643;1.21274;1.2128;1.21277;0;T;True;1
1621229314000;14117645;1.21274;1.2128;1.21277;1;T;True;1
1621229315000;14117647;1.21274;1.2128;1.21277;1;T;True;1
1621229316000;14117648;1.21274;1.2128;1.21277;0;T;True;1
1621229317000;14117649;1.21274;1.2128;1.21277;0;T;True;1
1621229318000;14117650;1.21274;1.2128;1.21277;0;T;True;1
1621229319000;14117651;1.21274;1.2128;1.21277;0;T;True;1
1621229320000;14117652;1.21274;1.2128;1.21277;0;T;True;1
1621229321000;14117653;1.21274;1.2128;1.21277;0;T;True;1
1621229322000;14117654;1.21274;1.2128;1.21277;0;T;True;1
1621229323000;14117655;1.21274;1.2128;1.21277;0;T;True;1
1621229324000;14117656;1.21274;1.2128;1.21277;0;T;True;1
1621229325000;14117657;1.21274;1.2128;1.21277;0;T;True;1
1621229326000;14117658;1.21274;1.2128;1.21277;0;T;True;1
1621229327000;14117659;1.21274;1.2128;1.21277;0;T;True;1
1621229328000;14117660;1.21274;1.2128;1.21277;0;T;True;1
1621229329000;14117661;1.21274;1.2128;1.21277;0;T;True;1
1621229330000;14117662;1.21274;1.2128;1.21277;0;T;True;1
1621229331000;14117663;1.21274;1.2128;1.21277;0;T;True;1
1621229332000;14117664;1.21274;1.2128;1.21277;0;T;True;1
1621229333000;14117665;1.21274;1.2128;1.21277;0;T;True;1
1621229334000;14117666;1.21274;1.2128;1.21277;0;T;True;1
1621229335000;14117668;1.21274;1.2128;1.21277;1;T;True;1
1621229336000;14117669;1.21274;1.2128;1.21277;0;T;True;1
1621229337000;14117670;1.21274;1.2128;1.21277;0;T;True;1
1621229338000;14117671;1.21274;1.2128;1.21277;0;T;True;1
1621229339000;14117672;1.21274;1.2128;1.21277;0;T;True;1
1621229340000;14117673;1.21274;1.2128;1.21277;0;T;True;1
1621229341000;14117674;1.21274;1.2128;1.21277;0;T;True;1
1621229342000;14117675;1.21274;1.2128;1.21277;0;T;True;1
1621229343000;14117676;1.21274;1.2128;1.21277;0;T;True;1
1621229344000;14117682;1.21274;1.2128;1.21277;5;T;True;1
1621229345000;14117685;1.21274;1.2128;1.21277;2;T;True;1
1621229346000;14117686;1.21274;1.2128;1.21277;0;T;True;1
1621229347000;14117690;1.21274;1.2128;1.21277;3;T;True;1
1621229348000;14117691;1.21274;1.2128;1.21277;0;T;True;1
1621229349000;14117692;1.21274;1.2128;1.21277;0;T;True;1
1621229350000;14117693;1.21274;1.2128;1.21277;0;T;True;1
1621229351000;14117694;1.21274;1.2128;1.21277;0;T;True;1
1621229352000;14117695;1.21274;1.2128;1.21277;0;T;True;1
1621229353000;14117696;1.21274;1.2128;1.21277;0;T;True;1
1621229354000;14117697;1.21274;1.2128;1.21277;0;T;True;1
1621229355000;14117698;1.21274;1.2128;1.21277;0;T;True;1
1621229356000;14117699;1.21274;1.2128;1.21277;0;T;True;1
1621229357000;14117703;1.21275;1.21281;1.21278;3;T;True;1
1621229358000;14117704;1.21275;1.21281;1.21278;0;T;True;1
1621229359000;14117705;1.21275;1.21281;1.21278;0;T;True;1
1621229360000;14117706;1.21275;1.21281;1.21278;0;T;True;1
1621229361000;14117710;1.21274;1.2128;1.21277;3;T;True;1
1621229362000;14117711;1.21274;1.2128;1.21277;0;T;True;1
1621229363000;14117712;1.21274;1.2128;1.21277;0;T;True;1
1621229364000;14117713;1.21274;1.2128;1.21277;0;T;True;1
1621229365000;14117715;1.21274;1.2128;1.21277;1;T;True;1
1621229366000;14117716;1.21274;1.2128;1.21277;0;T;True;1
1621229367000;14117717;1.21274;1.2128;1.21277;0;T;True;1
1621229368000;14117718;1.21274;1.2128;1.21277;0;T;True;1
1621229369000;14117719;1.21274;1.2128;1.21277;0;T;True;1
1621229370000;14117720;1.21274;1.2128;1.21277;0;T;True;1
1621229371000;14117721;1.21274;1.2128;1.21277;0;T;True;1
1621229372000;14117722;1.21274;1.2128;1.21277;0;T;True;1
1621229373000;14117723;1.21274;1.2128;1.21277;0;T;True;1
1621229374000;14117724;1.21274;1.2128;1.21277;0;T;True;1
1621229375000;14117725;1.21274;1.2128;1.21277;0;T;True;1
1621229376000;14117726;1.21274;1.2128;1.21277;0;T;True;1
1621229377000;14117727;1.21274;1.2128;1.21277;0;T;True;1
1621229378000;14117728;1.21274;1.2128;1.21277;0;T;True;1
1621229379000;14117729;1.21274;1.2128;1.21277;0;T;True;1
1621229380000;14117730;1.21274;1.2128;1.21277;0;T;True;1
1621229381000;14117731;1.21274;1.2128;1.21277;0;T;True;1
1621229382000;14117732;1.21274;1.2128;1.21277;0;T;True;1
1621229383000;14117733;1.21274;1.2128;1.21277;0;T;True;1
1621229384000;14117734;1.21274;1.2128;1.21277;0;T;True;1
1621229385000;14117735;1.21274;1.2128;1.21277;0;T;True;1
1621229386000;14117738;1.21272;1.21278;1.21275;2;T;True;1
1621229387000;14117740;1.21272;1.21278;1.21275;1;T;True;1
1621229388000;14117741;1.21272;1.21278;1.21275;0;T;True;1
1621229389000;14117742;1.21272;1.21278;1.21275;0;T;True;1
1621229390000;14117743;1.21272;1.21278;1.21275;0;T;True;1
1621229391000;14117744;1.21272;1.21278;1.21275;0;T;True;1
1621229392000;14117745;1.21272;1.21278;1.21275;0;T;True;1
1621229393000;14117746;1.21272;1.21278;1.21275;0;T;True;1
1621229394000;14117747;1.21272;1.21278;1.21275;0;T;True;1
1621229395000;14117748;1.21272;1.21278;1.21275;0;T;True;1
1621229396000;14117749;1.21272;1.21278;1.21275;0;T;True;1
1621229397000;14117750;1.21272;1.21278;1.21275;0;T;True;1
1621229398000;14117751;1.21272;1.21278;1.21275;0;T;True;1
1621229399000;14117754;1.21271;1.21277;1.21274;2;T;True;1
1621229400000;14117755;1.21271;1.21277;1.21274;0;T;True;1
1621229401000;14117758;1.21269;1.21275;1.21272;2;T;True;1
1621229402000;14117763;1.21271;1.21277;1.21274;4;T;True;1
1621229403000;14117765;1.2127;1.21276;1.21273;1;T;True;1
1621229404000;14117766;1.2127;1.21276;1.21273;0;T;True;1
1621229405000;14117767;1.2127;1.21276;1.21273;0;T;True;1
1621229406000;14117768;1.2127;1.21276;1.21273;0;T;True;1
1621229407000;14117773;1.2127;1.21276;1.21273;4;T;True;1
1621229408000;14117777;1.21271;1.21277;1.21274;3;T;True;1
1621229409000;14117782;1.21272;1.21278;1.21275;4;T;True;1
1621229410000;14117783;1.21272;1.21278;1.21275;0;T;True;1
1621229411000;14117784;1.21272;1.21278;1.21275;0;T;True;1
1621229412000;14117785;1.21272;1.21278;1.21275;0;T;True;1
1621229413000;14117786;1.21272;1.21278;1.21275;0;T;True;1
1621229414000;14117790;1.21273;1.21279;1.21276;3;T;True;1
1621229415000;14117792;1.21273;1.21279;1.21276;1;T;True;1
1621229416000;14117793;1.21273;1.21279;1.21276;0;T;True;1
1621229417000;14117796;1.21273;1.21279;1.21276;2;T;True;1
1621229418000;14117797;1.21273;1.21279;1.21276;0;T;True;1
1621229419000;14117800;1.21272;1.21278;1.21275;2;T;True;1
1621229420000;14117801;1.21272;1.21278;1.21275;0;T;True;1
1621229421000;14117802;1.21272;1.21278;1.21275;0;T;True;1
1621229422000;14117803;1.21272;1.21278;1.21275;0;T;True;1
1621229423000;14117806;1.21272;1.21278;1.21275;2;T;True;1
1621229424000;14117807;1.21272;1.21278;1.21275;0;T;True;1
1621229425000;14117808;1.21272;1.21278;1.21275;0;T;True;1
1621229426000;14117812;1.21271;1.21277;1.21274;3;T;True;1
1621229427000;14117813;1.21271;1.21277;1.21274;0;T;True;1
1621229428000;14117814;1.21271;1.21277;1.21274;0;T;True;1
1621229429000;14117815;1.21271;1.21277;1.21274;0;T;True;1
1621229430000;14117817;1.21271;1.21277;1.21274;1;T;True;1
1621229431000;14117820;1.2127;1.21276;1.21273;2;T;True;1
1621229432000;14117824;1.21271;1.21277;1.21274;3;T;True;1
1621229433000;14117825;1.21271;1.21277;1.21274;0;T;True;1
1621229434000;14117826;1.21271;1.21277;1.21274;0;T;True;1
1621229435000;14117827;1.21271;1.21277;1.21274;0;T;True;1
1621229436000;14117828;1.21271;1.21277;1.21274;0;T;True;1
1621229437000;14117829;1.21271;1.21277;1.21274;0;T;True;1
1621229438000;14117830;1.21271;1.21277;1.21274;0;T;True;1
1621229439000;14117831;1.21271;1.21277;1.21274;0;T;True;1
1621229440000;14117832;1.21271;1.21277;1.21274;0;T;True;1
1621229441000;14117833;1.21271;1.21277;1.21274;0;T;True;1
1621229442000;14117834;1.21271;1.21277;1.21274;0;T;True;1
1621229443000;14117835;1.21271;1.21277;1.21274;0;T;True;1
1621229444000;14117838;1.21271;1.21277;1.21274;2;T;True;1
1621229445000;14117839;1.21271;1.21277;1.21274;0;T;True;1
1621229446000;14117844;1.21271;1.21277;1.21274;4;T;True;1
1621229447000;14117846;1.21271;1.21277;1.21274;1;T;True;1
1621229448000;14117851;1.2127;1.21276;1.21273;4;T;True;1
1621229449000;14117852;1.2127;1.21276;1.21273;0;T;True;1
1621229450000;14117856;1.21271;1.21277;1.21274;3;T;True;1
1621229451000;14117863;1.21272;1.21278;1.21275;6;T;True;1
1621229452000;14117872;1.21272;1.21278;1.21275;8;T;True;1
1621229453000;14117880;1.21272;1.21278;1.21275;7;T;True;1
1621229454000;14117881;1.21272;1.21278;1.21275;0;T;True;1
1621229455000;14117882;1.21272;1.21278;1.21275;0;T;True;1
1621229456000;14117883;1.21272;1.21278;1.21275;0;T;True;1
1621229457000;14117884;1.21272;1.21278;1.21275;0;T;True;1
1621229458000;14117885;1.21272;1.21278;1.21275;0;T;True;1
1621229459000;14117887;1.21272;1.21278;1.21275;1;T;True;1
1621229460000;14117889;1.21272;1.21278;1.21275;1;T;True;1
1621229461000;14117890;1.21272;1.21278;1.21275;0;T;True;1
1621229462000;14117892;1.21272;1.21278;1.21275;1;T;True;1
1621229463000;14117893;1.21272;1.21278;1.21275;0;T;True;1
1621229464000;14117894;1.21272;1.21278;1.21275;0;T;True;1
1621229465000;14117895;1.21272;1.21278;1.21275;0;T;True;1
1621229466000;14117896;1.21272;1.21278;1.21275;0;T;True;1
1621229467000;14117897;1.21272;1.21278;1.21275;0;T;True;1
1621229468000;14117898;1.21272;1.21278;1.21275;0;T;True;1
1621229469000;14117903;1.21272;1.21278;1.21275;4;T;True;1
1621229470000;14117905;1.21272;1.21278;1.21275;1;T;True;1
1621229471000;14117906;1.21272;1.21278;1.21275;0;T;True;1
1621229472000;14117907;1.21272;1.21278;1.21275;0;T;True;1
1621229473000;14117908;1.21272;1.21278;1.21275;0;T;True;1
1621229474000;14117910;1.21272;1.21278;1.21275;1;T;True;1
1621229475000;14117911;1.21272;1.21278;1.21275;0;T;True;1
1621229476000;14117912;1.21272;1.21278;1.21275;0;T;True;1
1621229477000;14117913;1.21272;1.21278;1.21275;0;T;True;1
1621229478000;14117914;1.21272;1.21278;1.21275;0;T;True;1
1621229479000;14117915;1.21272;1.21278;1.21275;0;T;True;1
1621229480000;14117916;1.21272;1.21278;1.21275;0;T;True;1
1621229481000;14117917;1.21272;1.21278;1.21275;0;T;True;1
1621229482000;14117918;1.21272;1.21278;1.21275;0;T;True;1
1621229483000;14117919;1.21272;1.21278;1.21275;0;T;True;1
1621229484000;14117920;1.21272;1.21278;1.21275;0;T;True;1
1621229485000;14117921;1.21272;1.21278;1.21275;0;T;True;1
1621229486000;14117922;1.21272;1.21278;1.21275;0;T;True;1
1621229487000;14117923;1.21272;1.21278;1.21275;0;T;True;1
1621229488000;14117924;1.21272;1.21278;1.21275;0;T;True;1
1621229489000;14117929;1.21274;1.2128;1.21277;4;T;True;1
1621229490000;14117930;1.21274;1.2128;1.21277;0;T;True;1
1621229491000;14117932;1.21275;1.21281;1.21278;1;T;True;1
1621229492000;14117933;1.21275;1.21281;1.21278;0;T;True;1
1621229493000;14117934;1.21275;1.21281;1.21278;0;T;True;1
1621229494000;14117936;1.21275;1.21281;1.21278;1;T;True;1
1621229495000;14117938;1.21275;1.21281;1.21278;1;T;True;1
1621229496000;14117940;1.21275;1.21281;1.21278;1;T;True;1
1621229497000;14117941;1.21275;1.21281;1.21278;0;T;True;1
1621229498000;14117942;1.21275;1.21281;1.21278;0;T;True;1
1621229499000;14117943;1.21275;1.21281;1.21278;0;T;True;1
1621229500000;14117944;1.21275;1.21281;1.21278;0;T;True;1
1621229501000;14117945;1.21275;1.21281;1.21278;0;T;True;1
1621229502000;14117946;1.21275;1.21281;1.21278;0;T;True;1
1621229503000;14117948;1.21275;1.21281;1.21278;1;T;True;1
1621229504000;14117950;1.21275;1.21281;1.21278;1;T;True;1
1621229505000;14117951;1.21275;1.21281;1.21278;0;T;True;1
1621229506000;14117956;1.21282;1.21288;1.21285;4;T;True;1
1621229507000;14117957;1.21282;1.21288;1.21285;0;T;True;1
1621229508000;14117958;1.21282;1.21288;1.21285;0;T;True;1
1621229509000;14117959;1.21282;1.21288;1.21285;0;T;True;1
1621229510000;14117961;1.21282;1.21288;1.21285;1;T;True;1
1621229511000;14117962;1.21282;1.21288;1.21285;0;T;True;1
1621229512000;14117963;1.21282;1.21288;1.21285;0;T;True;1
1621229513000;14117970;1.21286;1.21292;1.21289;6;T;True;1
1621229514000;14117971;1.21286;1.21292;1.21289;0;T;True;1
1621229515000;14117972;1.21286;1.21292;1.21289;0;T;True;1
1621229516000;14117973;1.21286;1.21292;1.21289;0;T;True;1
1621229517000;14117974;1.21286;1.21292;1.21289;0;T;True;1
1621229518000;14117975;1.21286;1.21292;1.21289;0;T;True;1
1621229519000;14117976;1.21286;1.21292;1.21289;0;T;True;1
1621229520000;14117977;1.21286;1.21292;1.21289;0;T;True;1
1621229521000;14117980;1.21287;1.21293;1.2129;2;T;True;1
1621229522000;14117981;1.21287;1.21293;1.2129;0;T;True;1
1621229523000;14117982;1.21287;1.21293;1.2129;0;T;True;1
1621229524000;14117983;1.21287;1.21293;1.2129;0;T;True;1
1621229525000;14117984;1.21287;1.21293;1.2129;0;T;True;1
1621229526000;14117985;1.21287;1.21293;1.2129;0;T;True;1
1621229527000;14117986;1.21287;1.21293;1.2129;0;T;True;1
1621229528000;14117987;1.21287;1.21293;1.2129;0;T;True;1
1621229529000;14117988;1.21287;1.21293;1.2129;0;T;True;1
1621229530000;14117989;1.21287;1.21293;1.2129;0;T;True;1
1621229531000;14117990;1.21287;1.21293;1.2129;0;T;True;1
1621229532000;14117991;1.21287;1.21293;1.2129;0;T;True;1
1621229533000;14117992;1.21287;1.21293;1.2129;0;T;True;1
1621229534000;14117993;1.21287;1.21293;1.2129;0;T;True;1
1621229535000;14117994;1.21287;1.21293;1.2129;0;T;True;1
1621229536000;14117995;1.21287;1.21293;1.2129;0;T;True;1
1621229537000;14117996;1.21287;1.21293;1.2129;0;T;True;1
1621229538000;14117997;1.21287;1.21293;1.2129;0;T;True;1
1621229539000;14117998;1.21287;1.21293;1.2129;0;T;True;1
1621229540000;14117999;1.21287;1.21293;1.2129;0;T;True;1
1621229541000;14118000;1.21287;1.21293;1.2129;0;T;True;1
1621229542000;14118001;1.21287;1.21293;1.2129;0;T;True;1
1621229543000;14118002;1.21287;1.21293;1.2129;0;T;True;1
1621229544000;14118003;1.21287;1.21293;1.2129;0;T;True;1
1621229545000;14118005;1.21287;1.21293;1.2129;1;T;True;1
1621229546000;14118006;1.21287;1.21293;1.2129;0;T;True;1
1621229547000;14118007;1.21287;1.21293;1.2129;0;T;True;1
1621229548000;14118008;1.21287;1.21293;1.2129;0;T;True;1
1621229549000;14118009;1.21287;1.21293;1.2129;0;T;True;1
1621229550000;14118014;1.21282;1.21288;1.21285;4;T;True;1
1621229551000;14118015;1.21282;1.21288;1.21285;0;T;True;1
1621229552000;14118016;1.21282;1.21288;1.21285;0;T;True;1
1621229553000;14118017;1.21282;1.21288;1.21285;0;T;True;1
1621229554000;14118018;1.21282;1.21288;1.21285;0;T;True;1
1621229555000;14118019;1.21282;1.21288;1.21285;0;T;True;1
1621229556000;14118020;1.21282;1.21288;1.21285;0;T;True;1
1621229557000;14118021;1.21282;1.21288;1.21285;0;T;True;1
1621229558000;14118022;1.21282;1.21288;1.21285;0;T;True;1
1621229559000;14118023;1.21282;1.21288;1.21285;0;T;True;1
1621229560000;14118024;1.21282;1.21288;1.21285;0;T;True;1
1621229561000;14118025;1.21282;1.21288;1.21285;0;T;True;1
1621229562000;14118026;1.21282;1.21288;1.21285;0;T;True;1
1621229563000;14118027;1.21282;1.21288;1.21285;0;T;True;1
1621229564000;14118028;1.21282;1.21288;1.21285;0;T;True;1
1621229565000;14118029;1.21282;1.21288;1.21285;0;T;True;1
1621229566000;14118030;1.21282;1.21288;1.21285;0;T;True;1
1621229567000;14118031;1.21282;1.21288;1.21285;0;T;True;1
1621229568000;14118033;1.21281;1.21287;1.21284;1;T;True;1
1621229569000;14118036;1.21279;1.21285;1.21282;2;T;True;1
1621229570000;14118037;1.21279;1.21285;1.21282;0;T;True;1
1621229571000;14118038;1.21279;1.21285;1.21282;0;T;True;1
1621229572000;14118039;1.21279;1.21285;1.21282;0;T;True;1
1621229573000;14118040;1.21279;1.21285;1.21282;0;T;True;1
1621229574000;14118042;1.21279;1.21285;1.21282;1;T;True;1
1621229575000;14118043;1.21279;1.21285;1.21282;0;T;True;1
1621229576000;14118044;1.21279;1.21285;1.21282;0;T;True;1
1621229577000;14118045;1.21279;1.21285;1.21282;0;T;True;1
1621229578000;14118050;1.2128;1.21286;1.21283;4;T;True;1
1621229579000;14118054;1.2128;1.21286;1.21283;3;T;True;1
1621229580000;14118057;1.2128;1.21286;1.21283;2;T;True;1
1621229581000;14118059;1.21281;1.21287;1.21284;1;T;True;1
1621229582000;14118060;1.21281;1.21287;1.21284;0;T;True;1
1621229583000;14118061;1.21281;1.21287;1.21284;0;T;True;1
1621229584000;14118062;1.21281;1.21287;1.21284;0;T;True;1
1621229585000;14118064;1.21282;1.21288;1.21285;1;T;True;1
1621229586000;14118065;1.21282;1.21288;1.21285;0;T;True;1
1621229587000;14118066;1.21282;1.21288;1.21285;0;T;True;1
1621229588000;14118067;1.21282;1.21288;1.21285;0;T;True;1
1621229589000;14118068;1.21282;1.21288;1.21285;0;T;True;1
1621229590000;14118069;1.21282;1.21288;1.21285;0;T;True;1
1621229591000;14118075;1.21288;1.21294;1.21291;5;T;True;1
1621229592000;14118077;1.21288;1.21294;1.21291;1;T;True;1
1621229593000;14118078;1.21288;1.21294;1.21291;0;T;True;1
1621229594000;14118079;1.21288;1.21294;1.21291;0;T;True;1
1621229595000;14118088;1.21284;1.2129;1.21287;8;T;True;1
1621229596000;14118091;1.21284;1.2129;1.21287;2;T;True;1
1621229597000;14118096;1.21283;1.21289;1.21286;4;T;True;1
1621229598000;14118099;1.21283;1.21289;1.21286;2;T;True;1
1621229599000;14118101;1.21282;1.21288;1.21285;1;T;True;1
1621229600000;14118102;1.21282;1.21288;1.21285;0;T;True;1
1621229601000;14118103;1.21282;1.21288;1.21285;0;T;True;1
1621229602000;14118107;1.2128;1.21286;1.21283;3;T;True;1
1621229603000;14118108;1.2128;1.21286;1.21283;0;T;True;1
1621229604000;14118109;1.2128;1.21286;1.21283;0;T;True;1
1621229605000;14118110;1.2128;1.21286;1.21283;0;T;True;1
1621229606000;14118112;1.2128;1.21286;1.21283;1;T;True;1
1621229607000;14118113;1.2128;1.21286;1.21283;0;T;True;1
1621229608000;14118114;1.2128;1.21286;1.21283;0;T;True;1
1621229609000;14118116;1.2128;1.21286;1.21283;1;T;True;1
1621229610000;14118118;1.2128;1.21286;1.21283;1;T;True;1
1621229611000;14118122;1.21278;1.21284;1.21281;3;T;True;1
1621229612000;14118123;1.21278;1.21284;1.21281;0;T;True;1
1621229613000;14118124;1.21278;1.21284;1.21281;0;T;True;1
1621229614000;14118125;1.21278;1.21284;1.21281;0;T;True;1
1621229615000;14118126;1.21278;1.21284;1.21281;0;T;True;1
1621229616000;14118128;1.21278;1.21284;1.21281;1;T;True;1
1621229617000;14118129;1.21278;1.21284;1.21281;0;T;True;1
1621229618000;14118130;1.21278;1.21284;1.21281;0;T;True;1
1621229619000;14118131;1.21278;1.21284;1.21281;0;T;True;1
1621229620000;14118132;1.21278;1.21284;1.21281;0;T;True;1
1621229621000;14118133;1.21278;1.21284;1.21281;0;T;True;1
1621229622000;14118134;1.21278;1.21284;1.21281;0;T;True;1
1621229623000;14118138;1.21279;1.21285;1.21282;3;T;True;1
1621229624000;14118141;1.21279;1.21285;1.21282;2;T;True;1
1621229625000;14118143;1.21279;1.21285;1.21282;1;T;True;1
1621229626000;14118144;1.21279;1.21285;1.21282;0;T;True;1
1621229627000;14118145;1.21279;1.21285;1.21282;0;T;True;1
1621229628000;14118146;1.21279;1.21285;1.21282;0;T;True;1
1621229629000;14118147;1.21279;1.21285;1.21282;0;T;True;1
1621229630000;14118150;1.21278;1.21284;1.21281;2;T;True;1
1621229631000;14118152;1.21278;1.21284;1.21281;1;T;True;1
1621229632000;14118153;1.21278;1.21284;1.21281;0;T;True;1
1621229633000;14118154;1.21278;1.21284;1.21281;0;T;True;1
1621229634000;14118155;1.21278;1.21284;1.21281;0;T;True;1
1621229635000;14118159;1.21276;1.21282;1.21279;3;T;True;1
1621229636000;14118160;1.21276;1.21282;1.21279;0;T;True;1
1621229637000;14118161;1.21276;1.21282;1.21279;0;T;True;1
1621229638000;14118162;1.21276;1.21282;1.21279;0;T;True;1
1621229639000;14118167;1.21275;1.21281;1.21278;4;T;True;1
1621229640000;14118169;1.21275;1.21281;1.21278;1;T;True;1
1621229641000;14118170;1.21275;1.21281;1.21278;0;T;True;1
1621229642000;14118171;1.21275;1.21281;1.21278;0;T;True;1
1621229643000;14118172;1.21275;1.21281;1.21278;0;T;True;1
1621229644000;14118173;1.21275;1.21281;1.21278;0;T;True;1
1621229645000;14118175;1.21275;1.21281;1.21278;1;T;True;1
1621229646000;14118176;1.21275;1.21281;1.21278;0;T;True;1
1621229647000;14118177;1.21275;1.21281;1.21278;0;T;True;1
1621229648000;14118178;1.21275;1.21281;1.21278;0;T;True;1
1621229649000;14118181;1.21276;1.21282;1.21279;2;T;True;1
1621229650000;14118183;1.21276;1.21282;1.21279;1;T;True;1
1621229651000;14118184;1.21276;1.21282;1.21279;0;T;True;1
1621229652000;14118185;1.21276;1.21282;1.21279;0;T;True;1
1621229653000;14118186;1.21276;1.21282;1.21279;0;T;True;1
1621229654000;14118187;1.21276;1.21282;1.21279;0;T;True;1
1621229655000;14118188;1.21276;1.21282;1.21279;0;T;True;1
1621229656000;14118189;1.21276;1.21282;1.21279;0;T;True;1
1621229657000;14118190;1.21276;1.21282;1.21279;0;T;True;1
1621229658000;14118191;1.21276;1.21282;1.21279;0;T;True;1
1621229659000;14118192;1.21276;1.21282;1.21279;0;T;True;1
1621229660000;14118193;1.21276;1.21282;1.21279;0;T;True;1
1621229661000;14118194;1.21276;1.21282;1.21279;0;T;True;1
1621229662000;14118195;1.21276;1.21282;1.21279;0;T;True;1
1621229663000;14118196;1.21276;1.21282;1.21279;0;T;True;1
1621229664000;14118200;1.21277;1.21283;1.2128;3;T;True;1
1621229665000;14118202;1.21276;1.21282;1.21279;1;T;True;1
1621229666000;14118204;1.21276;1.21282;1.21279;1;T;True;1
1621229667000;14118205;1.21276;1.21282;1.21279;0;T;True;1
1621229668000;14118206;1.21276;1.21282;1.21279;0;T;True;1
1621229669000;14118207;1.21276;1.21282;1.21279;0;T;True;1
1621229670000;14118208;1.21276;1.21282;1.21279;0;T;True;1
1621229671000;14118209;1.21276;1.21282;1.21279;0;T;True;1
1621229672000;14118210;1.21276;1.21282;1.21279;0;T;True;1
1621229673000;14118211;1.21276;1.21282;1.21279;0;T;True;1
1621229674000;14118212;1.21276;1.21282;1.21279;0;T;True;1
1621229675000;14118213;1.21276;1.21282;1.21279;0;T;True;1
1621229676000;14118214;1.21276;1.21282;1.21279;0;T;True;1
1621229677000;14118221;1.21275;1.21281;1.21278;6;T;True;1
1621229678000;14118222;1.21275;1.21281;1.21278;0;T;True;1
1621229679000;14118223;1.21275;1.21281;1.21278;0;T;True;1
1621229680000;14118224;1.21275;1.21281;1.21278;0;T;True;1
1621229681000;14118225;1.21275;1.21281;1.21278;0;T;True;1
1621229682000;14118226;1.21275;1.21281;1.21278;0;T;True;1
1621229683000;14118227;1.21275;1.21281;1.21278;0;T;True;1
1621229684000;14118228;1.21275;1.21281;1.21278;0;T;True;1
1621229685000;14118229;1.21275;1.21281;1.21278;0;T;True;1
1621229686000;14118230;1.21275;1.21281;1.21278;0;T;True;1
1621229687000;14118231;1.21275;1.21281;1.21278;0;T;True;1
1621229688000;14118232;1.21275;1.21281;1.21278;0;T;True;1
1621229689000;14118233;1.21275;1.21281;1.21278;0;T;True;1
1621229690000;14118234;1.21275;1.21281;1.21278;0;T;True;1
1621229691000;14118235;1.21275;1.21281;1.21278;0;T;True;1
1621229692000;14118236;1.21275;1.21281;1.21278;0;T;True;1
1621229693000;14118237;1.21275;1.21281;1.21278;0;T;True;1
1621229694000;14118238;1.21275;1.21281;1.21278;0;T;True;1
1621229695000;14118240;1.21276;1.21282;1.21279;1;T;True;1
1621229696000;14118242;1.21275;1.21281;1.21278;1;T;True;1
1621229697000;14118244;1.21276;1.21282;1.21279;1;T;True;1
1621229698000;14118245;1.21276;1.21282;1.21279;0;T;True;1
1621229699000;14118246;1.21276;1.21282;1.21279;0;T;True;1
1621229700000;14118247;1.21276;1.21282;1.21279;0;T;True;1
1621229701000;14118248;1.21276;1.21282;1.21279;0;T;True;1
1621229702000;14118249;1.21276;1.21282;1.21279;0;T;True;1
1621229703000;14118250;1.21276;1.21282;1.21279;0;T;True;1
1621229704000;14118251;1.21276;1.21282;1.21279;0;T;True;1
1621229705000;14118252;1.21276;1.21282;1.21279;0;T;True;1
1621229706000;14118253;1.21276;1.21282;1.21279;0;T;True;1
1621229707000;14118254;1.21276;1.21282;1.21279;0;T;True;1
1621229708000;14118255;1.21276;1.21282;1.21279;0;T;True;1
1621229709000;14118256;1.21276;1.21282;1.21279;0;T;True;1
1621229710000;14118258;1.21276;1.21282;1.21279;1;T;True;1
1621229711000;14118259;1.21276;1.21282;1.21279;0;T;True;1
1621229712000;14118260;1.21276;1.21282;1.21279;0;T;True;1
1621229713000;14118262;1.21276;1.21282;1.21279;1;T;True;1
1621229714000;14118264;1.21277;1.21283;1.2128;1;T;True;1
1621229715000;14118266;1.21278;1.21284;1.21281;1;T;True;1
1621229716000;14118268;1.2128;1.21286;1.21283;1;T;True;1
1621229717000;14118275;1.2128;1.21286;1.21283;6;T;True;1
1621229718000;14118276;1.2128;1.21286;1.21283;0;T;True;1
1621229719000;14118277;1.2128;1.21286;1.21283;0;T;True;1
1621229720000;14118278;1.2128;1.21286;1.21283;0;T;True;1
1621229721000;14118279;1.2128;1.21286;1.21283;0;T;True;1
1621229722000;14118280;1.2128;1.21286;1.21283;0;T;True;1
1621229723000;14118281;1.2128;1.21286;1.21283;0;T;True;1
1621229724000;14118282;1.2128;1.21286;1.21283;0;T;True;1
1621229725000;14118283;1.2128;1.21286;1.21283;0;T;True;1
1621229726000;14118286;1.2128;1.21286;1.21283;2;T;True;1
1621229727000;14118287;1.2128;1.21286;1.21283;0;T;True;1
1621229728000;14118288;1.2128;1.21286;1.21283;0;T;True;1
1621229729000;14118291;1.2128;1.21286;1.21283;2;T;True;1
1621229730000;14118294;1.2128;1.21286;1.21283;2;T;True;1
1621229731000;14118295;1.2128;1.21286;1.21283;0;T;True;1
1621229732000;14118298;1.21282;1.21288;1.21285;2;T;True;1
1621229733000;14118299;1.21282;1.21288;1.21285;0;T;True;1
1621229734000;14118300;1.21282;1.21288;1.21285;0;T;True;1
1621229735000;14118301;1.21282;1.21288;1.21285;0;T;True;1
1621229736000;14118302;1.21282;1.21288;1.21285;0;T;True;1
1621229737000;14118303;1.21282;1.21288;1.21285;0;T;True;1
1621229738000;14118304;1.21282;1.21288;1.21285;0;T;True;1
1621229739000;14118305;1.21282;1.21288;1.21285;0;T;True;1
1621229740000;14118306;1.21282;1.21288;1.21285;0;T;True;1
1621229741000;14118307;1.21282;1.21288;1.21285;0;T;True;1
1621229742000;14118308;1.21282;1.21288;1.21285;0;T;True;1
1621229743000;14118309;1.21282;1.21288;1.21285;0;T;True;1
1621229744000;14118310;1.21282;1.21288;1.21285;0;T;True;1
1621229745000;14118311;1.21282;1.21288;1.21285;0;T;True;1
1621229746000;14118315;1.2128;1.21286;1.21283;3;T;True;1
1621229747000;14118316;1.2128;1.21286;1.21283;0;T;True;1
1621229748000;14118317;1.2128;1.21286;1.21283;0;T;True;1
1621229749000;14118318;1.2128;1.21286;1.21283;0;T;True;1
1621229750000;14118319;1.2128;1.21286;1.21283;0;T;True;1
1621229751000;14118320;1.2128;1.21286;1.21283;0;T;True;1
1621229752000;14118321;1.2128;1.21286;1.21283;0;T;True;1
1621229753000;14118322;1.2128;1.21286;1.21283;0;T;True;1
1621229754000;14118323;1.2128;1.21286;1.21283;0;T;True;1
1621229755000;14118324;1.2128;1.21286;1.21283;0;T;True;1
1621229756000;14118325;1.2128;1.21286;1.21283;0;T;True;1
1621229757000;14118326;1.2128;1.21286;1.21283;0;T;True;1
1621229758000;14118327;1.2128;1.21286;1.21283;0;T;True;1
1621229759000;14118328;1.2128;1.21286;1.21283;0;T;True;1
1621229760000;14118329;1.2128;1.21286;1.21283;0;T;True;1
1621229761000;14118330;1.2128;1.21286;1.21283;0;T;True;1
1621229762000;14118331;1.2128;1.21286;1.21283;0;T;True;1
1621229763000;14118332;1.2128;1.21286;1.21283;0;T;True;1
1621229764000;14118333;1.2128;1.21286;1.21283;0;T;True;1
1621229765000;14118336;1.21282;1.21288;1.21285;2;T;True;1
1621229766000;14118337;1.21282;1.21288;1.21285;0;T;True;1
1621229767000;14118338;1.21282;1.21288;1.21285;0;T;True;1
1621229768000;14118339;1.21282;1.21288;1.21285;0;T;True;1
1621229769000;14118341;1.21282;1.21288;1.21285;1;T;True;1
1621229770000;14118345;1.21282;1.21288;1.21285;3;T;True;1
1621229771000;14118346;1.21282;1.21288;1.21285;0;T;True;1
1621229772000;14118348;1.21282;1.21288;1.21285;1;T;True;1
1621229773000;14118350;1.21283;1.21289;1.21286;1;T;True;1
1621229774000;14118352;1.21284;1.2129;1.21287;1;T;True;1
1621229775000;14118353;1.21284;1.2129;1.21287;0;T;True;1
1621229776000;14118355;1.21282;1.21288;1.21285;1;T;True;1
1621229777000;14118356;1.21282;1.21288;1.21285;0;T;True;1
1621229778000;14118357;1.21282;1.21288;1.21285;0;T;True;1
1621229779000;14118358;1.21282;1.21288;1.21285;0;T;True;1
1621229780000;14118359;1.21282;1.21288;1.21285;0;T;True;1
1621229781000;14118360;1.21282;1.21288;1.21285;0;T;True;1
1621229782000;14118361;1.21282;1.21288;1.21285;0;T;True;1
1621229783000;14118362;1.21282;1.21288;1.21285;0;T;True;1
1621229784000;14118363;1.21282;1.21288;1.21285;0;T;True;1
1621229785000;14118368;1.21287;1.21293;1.2129;4;T;True;1
1621229786000;14118370;1.21288;1.21294;1.21291;1;T;True;1
1621229787000;14118371;1.21288;1.21294;1.21291;0;T;True;1
1621229788000;14118372;1.21288;1.21294;1.21291;0;T;True;1
1621229789000;14118373;1.21288;1.21294;1.21291;0;T;True;1
1621229790000;14118374;1.21288;1.21294;1.21291;0;T;True;1
1621229791000;14118375;1.21288;1.21294;1.21291;0;T;True;1
1621229792000;14118378;1.2129;1.21296;1.21293;2;T;True;1
1621229793000;14118379;1.2129;1.21296;1.21293;0;T;True;1
1621229794000;14118380;1.2129;1.21296;1.21293;0;T;True;1
1621229795000;14118382;1.21289;1.21295;1.21292;1;T;True;1
1621229796000;14118383;1.21289;1.21295;1.21292;0;T;True;1
1621229797000;14118384;1.21289;1.21295;1.21292;0;T;True;1
1621229798000;14118388;1.21286;1.21292;1.21289;3;T;True;1
1621229799000;14118389;1.21286;1.21292;1.21289;0;T;True;1
1621229800000;14118391;1.21286;1.21292;1.21289;1;T;True;1
1621229801000;14118393;1.21289;1.21295;1.21292;1;T;True;1
1621229802000;14118400;1.21292;1.21298;1.21295;6;T;True;1
1621229803000;14118401;1.21292;1.21298;1.21295;0;T;True;1
1621229804000;14118402;1.21292;1.21298;1.21295;0;T;True;1
1621229805000;14118403;1.21292;1.21298;1.21295;0;T;True;1
1621229806000;14118404;1.21292;1.21298;1.21295;0;T;True;1
1621229807000;14118408;1.21296;1.21302;1.21299;3;T;True;1
1621229808000;14118409;1.21296;1.21302;1.21299;0;T;True;1
1621229809000;14118410;1.21296;1.21302;1.21299;0;T;True;1
1621229810000;14118411;1.21296;1.21302;1.21299;0;T;True;1
1621229811000;14118413;1.21296;1.21302;1.21299;1;T;True;1
1621229812000;14118417;1.21293;1.21299;1.21296;3;T;True;1
1621229813000;14118423;1.21291;1.21297;1.21294;5;T;True;1
1621229814000;14118425;1.21292;1.21298;1.21295;1;T;True;1
1621229815000;14118426;1.21292;1.21298;1.21295;0;T;True;1
1621229816000;14118427;1.21292;1.21298;1.21295;0;T;True;1
1621229817000;14118428;1.21292;1.21298;1.21295;0;T;True;1
1621229818000;14118429;1.21292;1.21298;1.21295;0;T;True;1
1621229819000;14118430;1.21292;1.21298;1.21295;0;T;True;1
1621229820000;14118434;1.2129;1.21296;1.21293;3;T;True;1
1621229821000;14118437;1.21292;1.21298;1.21295;2;T;True;1
1621229822000;14118439;1.21292;1.21298;1.21295;1;T;True;1
1621229823000;14118440;1.21292;1.21298;1.21295;0;T;True;1
1621229824000;14118445;1.21293;1.21299;1.21296;4;T;True;1
1621229825000;14118446;1.21293;1.21299;1.21296;0;T;True;1
1621229826000;14118448;1.21292;1.21298;1.21295;1;T;True;1
1621229827000;14118449;1.21292;1.21298;1.21295;0;T;True;1
1621229828000;14118450;1.21292;1.21298;1.21295;0;T;True;1
1621229829000;14118451;1.21292;1.21298;1.21295;0;T;True;1
1621229830000;14118452;1.21292;1.21298;1.21295;0;T;True;1
1621229831000;14118453;1.21292;1.21298;1.21295;0;T;True;1
1621229832000;14118454;1.21292;1.21298;1.21295;0;T;True;1
1621229833000;14118457;1.21294;1.213;1.21297;2;T;True;1
1621229834000;14118459;1.21294;1.213;1.21297;1;T;True;1
1621229835000;14118460;1.21294;1.213;1.21297;0;T;True;1
1621229836000;14118461;1.21294;1.213;1.21297;0;T;True;1
1621229837000;14118465;1.21296;1.21302;1.21299;3;T;True;1
1621229838000;14118467;1.21296;1.21302;1.21299;1;T;True;1
1621229839000;14118469;1.21296;1.21302;1.21299;1;T;True;1
1621229840000;14118473;1.21296;1.21302;1.21299;3;T;True;1
1621229841000;14118474;1.21296;1.21302;1.21299;0;T;True;1
1621229842000;14118475;1.21296;1.21302;1.21299;0;T;True;1
1621229843000;14118479;1.21295;1.21301;1.21298;3;T;True;1
1621229844000;14118481;1.21294;1.213;1.21297;1;T;True;1
1621229845000;14118482;1.21294;1.213;1.21297;0;T;True;1
1621229846000;14118483;1.21294;1.213;1.21297;0;T;True;1
1621229847000;14118484;1.21294;1.213;1.21297;0;T;True;1
1621229848000;14118485;1.21294;1.213;1.21297;0;T;True;1
1621229849000;14118486;1.21294;1.213;1.21297;0;T;True;1
1621229850000;14118487;1.21294;1.213;1.21297;0;T;True;1
1621229851000;14118488;1.21294;1.213;1.21297;0;T;True;1
1621229852000;14118491;1.21294;1.213;1.21297;2;T;True;1
1621229853000;14118492;1.21294;1.213;1.21297;0;T;True;1
1621229854000;14118493;1.21294;1.213;1.21297;0;T;True;1
1621229855000;14118494;1.21294;1.213;1.21297;0;T;True;1
1621229856000;14118495;1.21294;1.213;1.21297;0;T;True;1
1621229857000;14118496;1.21294;1.213;1.21297;0;T;True;1
1621229858000;14118497;1.21294;1.213;1.21297;0;T;True;1
1621229859000;14118498;1.21294;1.213;1.21297;0;T;True;1
1621229860000;14118508;1.21288;1.21294;1.21291;9;T;True;1
1621229861000;14118510;1.21288;1.21294;1.21291;1;T;True;1
1621229862000;14118516;1.21286;1.21292;1.21289;5;T;True;1
1621229863000;14118517;1.21286;1.21292;1.21289;0;T;True;1
1621229864000;14118519;1.21286;1.21292;1.21289;1;T;True;1
1621229865000;14118522;1.21286;1.21292;1.21289;2;T;True;1
1621229866000;14118523;1.21286;1.21292;1.21289;0;T;True;1
1621229867000;14118528;1.21283;1.21289;1.21286;4;T;True;1
1621229868000;14118529;1.21283;1.21289;1.21286;0;T;True;1
1621229869000;14118532;1.21285;1.21291;1.21288;2;T;True;1
1621229870000;14118533;1.21285;1.21291;1.21288;0;T;True;1
1621229871000;14118534;1.21285;1.21291;1.21288;0;T;True;1
1621229872000;14118540;1.21288;1.21294;1.21291;5;T;True;1
1621229873000;14118543;1.21288;1.21294;1.21291;2;T;True;1
1621229874000;14118545;1.21286;1.21292;1.21289;1;T;True;1
1621229875000;14118546;1.21286;1.21292;1.21289;0;T;True;1
1621229876000;14118547;1.21286;1.21292;1.21289;0;T;True;1
1621229877000;14118548;1.21286;1.21292;1.21289;0;T;True;1
1621229878000;14118550;1.21286;1.21292;1.21289;1;T;True;1
1621229879000;14118551;1.21286;1.21292;1.21289;0;T;True;1
1621229880000;14118552;1.21286;1.21292;1.21289;0;T;True;1
1621229881000;14118553;1.21286;1.21292;1.21289;0;T;True;1
1621229882000;14118557;1.21287;1.21293;1.2129;3;T;True;1
1621229883000;14118563;1.21292;1.21298;1.21295;5;T;True;1
1621229884000;14118564;1.21292;1.21298;1.21295;0;T;True;1
1621229885000;14118565;1.21292;1.21298;1.21295;0;T;True;1
1621229886000;14118566;1.21292;1.21298;1.21295;0;T;True;1
1621229887000;14118568;1.21293;1.21299;1.21296;1;T;True;1
1621229888000;14118569;1.21293;1.21299;1.21296;0;T;True;1
1621229889000;14118570;1.21293;1.21299;1.21296;0;T;True;1
1621229890000;14118571;1.21293;1.21299;1.21296;0;T;True;1
1621229891000;14118572;1.21293;1.21299;1.21296;0;T;True;1
1621229892000;14118573;1.21293;1.21299;1.21296;0;T;True;1
1621229893000;14118574;1.21293;1.21299;1.21296;0;T;True;1
1621229894000;14118575;1.21293;1.21299;1.21296;0;T;True;1
1621229895000;14118576;1.21293;1.21299;1.21296;0;T;True;1
1621229896000;14118577;1.21293;1.21299;1.21296;0;T;True;1
1621229897000;14118578;1.21293;1.21299;1.21296;0;T;True;1
1621229898000;14118580;1.21292;1.21298;1.21295;1;T;True;1
1621229899000;14118582;1.2129;1.21296;1.21293;1;T;True;1
1621229900000;14118583;1.2129;1.21296;1.21293;0;T;True;1
1621229901000;14118585;1.21291;1.21297;1.21294;1;T;True;1
1621229902000;14118586;1.21291;1.21297;1.21294;0;T;True;1
1621229903000;14118587;1.21291;1.21297;1.21294;0;T;True;1
1621229904000;14118588;1.21291;1.21297;1.21294;0;T;True;1
1621229905000;14118589;1.21291;1.21297;1.21294;0;T;True;1
1621229906000;14118590;1.21291;1.21297;1.21294;0;T;True;1
1621229907000;14118591;1.21291;1.21297;1.21294;0;T;True;1
1621229908000;14118592;1.21291;1.21297;1.21294;0;T;True;1
1621229909000;14118593;1.21291;1.21297;1.21294;0;T;True;1
1621229910000;14118594;1.21291;1.21297;1.21294;0;T;True;1
1621229911000;14118595;1.21291;1.21297;1.21294;0;T;True;1
1621229912000;14118600;1.21288;1.21294;1.21291;4;T;True;1
1621229913000;14118602;1.21288;1.21294;1.21291;1;T;True;1
1621229914000;14118603;1.21288;1.21294;1.21291;0;T;True;1
1621229915000;14118604;1.21288;1.21294;1.21291;0;T;True;1
1621229916000;14118605;1.21288;1.21294;1.21291;0;T;True;1
1621229917000;14118606;1.21288;1.21294;1.21291;0;T;True;1
1621229918000;14118607;1.21288;1.21294;1.21291;0;T;True;1
1621229919000;14118608;1.21288;1.21294;1.21291;0;T;True;1
1621229920000;14118609;1.21288;1.21294;1.21291;0;T;True;1
1621229921000;14118611;1.2129;1.21296;1.21293;1;T;True;1
1621229922000;14118612;1.2129;1.21296;1.21293;0;T;True;1
1621229923000;14118618;1.21293;1.21299;1.21296;5;T;True;1
1621229924000;14118619;1.21293;1.21299;1.21296;0;T;True;1
1621229925000;14118620;1.21293;1.21299;1.21296;0;T;True;1
1621229926000;14118621;1.21293;1.21299;1.21296;0;T;True;1
1621229927000;14118622;1.21293;1.21299;1.21296;0;T;True;1
1621229928000;14118623;1.21293;1.21299;1.21296;0;T;True;1
1621229929000;14118626;1.21293;1.21299;1.21296;2;T;True;1
1621229930000;14118628;1.21294;1.213;1.21297;1;T;True;1
1621229931000;14118630;1.21293;1.21299;1.21296;1;T;True;1
1621229932000;14118631;1.21293;1.21299;1.21296;0;T;True;1
1621229933000;14118633;1.21294;1.213;1.21297;1;T;True;1
1621229934000;14118634;1.21294;1.213;1.21297;0;T;True;1
1621229935000;14118635;1.21294;1.213;1.21297;0;T;True;1
1621229936000;14118636;1.21294;1.213;1.21297;0;T;True;1
1621229937000;14118637;1.21294;1.213;1.21297;0;T;True;1
1621229938000;14118638;1.21294;1.213;1.21297;0;T;True;1
1621229939000;14118639;1.21294;1.213;1.21297;0;T;True;1
1621229940000;14118640;1.21294;1.213;1.21297;0;T;True;1
1621229941000;14118641;1.21294;1.213;1.21297;0;T;True;1
1621229942000;14118642;1.21294;1.213;1.21297;0;T;True;1
1621229943000;14118644;1.21293;1.21299;1.21296;1;T;True;1
1621229944000;14118645;1.21293;1.21299;1.21296;0;T;True;1
1621229945000;14118646;1.21293;1.21299;1.21296;0;T;True;1
1621229946000;14118648;1.21293;1.21299;1.21296;1;T;True;1
1621229947000;14118649;1.21293;1.21299;1.21296;0;T;True;1
1621229948000;14118650;1.21293;1.21299;1.21296;0;T;True;1
1621229949000;14118654;1.2129;1.21296;1.21293;3;T;True;1
1621229950000;14118656;1.2129;1.21296;1.21293;1;T;True;1
1621229951000;14118657;1.2129;1.21296;1.21293;0;T;True;1
1621229952000;14118658;1.2129;1.21296;1.21293;0;T;True;1
1621229953000;14118660;1.21292;1.21298;1.21295;1;T;True;1
1621229954000;14118661;1.21292;1.21298;1.21295;0;T;True;1
1621229955000;14118662;1.21292;1.21298;1.21295;0;T;True;1
1621229956000;14118663;1.21292;1.21298;1.21295;0;T;True;1
1621229957000;14118664;1.21292;1.21298;1.21295;0;T;True;1
1621229958000;14118668;1.21293;1.21299;1.21296;3;T;True;1
1621229959000;14118669;1.21293;1.21299;1.21296;0;T;True;1
1621229960000;14118670;1.21293;1.21299;1.21296;0;T;True;1
1621229961000;14118673;1.21294;1.213;1.21297;2;T;True;1
1621229962000;14118675;1.21296;1.21302;1.21299;1;T;True;1
1621229963000;14118676;1.21296;1.21302;1.21299;0;T;True;1
1621229964000;14118677;1.21296;1.21302;1.21299;0;T;True;1
1621229965000;14118679;1.21297;1.21303;1.213;1;T;True;1
1621229966000;14118680;1.21297;1.21303;1.213;0;T;True;1
1621229967000;14118681;1.21297;1.21303;1.213;0;T;True;1
1621229968000;14118682;1.21297;1.21303;1.213;0;T;True;1
1621229969000;14118683;1.21297;1.21303;1.213;0;T;True;1
1621229970000;14118684;1.21297;1.21303;1.213;0;T;True;1
1621229971000;14118686;1.21296;1.21302;1.21299;1;T;True;1
1621229972000;14118687;1.21296;1.21302;1.21299;0;T;True;1
1621229973000;14118688;1.21296;1.21302;1.21299;0;T;True;1
1621229974000;14118689;1.21296;1.21302;1.21299;0;T;True;1
1621229975000;14118690;1.21296;1.21302;1.21299;0;T;True;1
1621229976000;14118691;1.21296;1.21302;1.21299;0;T;True;1
1621229977000;14118692;1.21296;1.21302;1.21299;0;T;True;1
1621229978000;14118693;1.21296;1.21302;1.21299;0;T;True;1
1621229979000;14118694;1.21296;1.21302;1.21299;0;T;True;1
1621229980000;14118695;1.21296;1.21302;1.21299;0;T;True;1
1621229981000;14118696;1.21296;1.21302;1.21299;0;T;True;1
1621229982000;14118697;1.21296;1.21302;1.21299;0;T;True;1
1621229983000;14118698;1.21296;1.21302;1.21299;0;T;True;1
1621229984000;14118699;1.21296;1.21302;1.21299;0;T;True;1
1621229985000;14118700;1.21296;1.21302;1.21299;0;T;True;1
1621229986000;14118701;1.21296;1.21302;1.21299;0;T;True;1
1621229987000;14118703;1.21297;1.21303;1.213;1;T;True;1
1621229988000;14118704;1.21297;1.21303;1.213;0;T;True;1
1621229989000;14118705;1.21297;1.21303;1.213;0;T;True;1
1621229990000;14118706;1.21297;1.21303;1.213;0;T;True;1
1621229991000;14118707;1.21297;1.21303;1.213;0;T;True;1
1621229992000;14118709;1.21298;1.21304;1.21301;1;T;True;1
1621229993000;14118710;1.21298;1.21304;1.21301;0;T;True;1
1621229994000;14118711;1.21298;1.21304;1.21301;0;T;True;1
1621229995000;14118714;1.21298;1.21304;1.21301;2;T;True;1
1621229996000;14118715;1.21298;1.21304;1.21301;0;T;True;1
1621229997000;14118717;1.21298;1.21304;1.21301;1;T;True;1
1621229998000;14118719;1.21299;1.21305;1.21302;1;T;True;1
1621229999000;14118724;1.21298;1.21304;1.21301;4;T;True;1
1621230000000;14118726;1.21298;1.21304;1.21301;1;T;True;1
1621230001000;14118727;1.21298;1.21304;1.21301;0;T;True;1
1621230002000;14118735;1.21302;1.21308;1.21305;7;T;True;1
1621230003000;14118736;1.21302;1.21308;1.21305;0;T;True;1
1621230004000;14118739;1.21302;1.21308;1.21305;2;T;True;1
1621230005000;14118743;1.21303;1.21309;1.21306;3;T;True;1
1621230006000;14118748;1.21305;1.21311;1.21308;4;T;True;1
1621230007000;14118751;1.21306;1.21312;1.21309;2;T;True;1
1621230008000;14118752;1.21306;1.21312;1.21309;0;T;True;1
1621230009000;14118755;1.21305;1.21311;1.21308;2;T;True;1
1621230010000;14118756;1.21305;1.21311;1.21308;0;T;True;1
1621230011000;14118757;1.21305;1.21311;1.21308;0;T;True;1
1621230012000;14118760;1.21305;1.21311;1.21308;2;T;True;1
1621230013000;14118761;1.21305;1.21311;1.21308;0;T;True;1
1621230014000;14118765;1.21304;1.2131;1.21307;3;T;True;1
1621230015000;14118767;1.21304;1.2131;1.21307;1;T;True;1
1621230016000;14118768;1.21304;1.2131;1.21307;0;T;True;1
1621230017000;14118772;1.21302;1.21308;1.21305;3;T;True;1
1621230018000;14118773;1.21302;1.21308;1.21305;0;T;True;1
1621230019000;14118776;1.21301;1.21307;1.21304;2;T;True;1
1621230020000;14118781;1.21301;1.21307;1.21304;4;T;True;1
1621230021000;14118782;1.21301;1.21307;1.21304;0;T;True;1
1621230022000;14118783;1.21301;1.21307;1.21304;0;T;True;1
1621230023000;14118784;1.21301;1.21307;1.21304;0;T;True;1
1621230024000;14118785;1.21301;1.21307;1.21304;0;T;True;1
1621230025000;14118786;1.21301;1.21307;1.21304;0;T;True;1
1621230026000;14118787;1.21301;1.21307;1.21304;0;T;True;1
1621230027000;14118789;1.21301;1.21307;1.21304;1;T;True;1
1621230028000;14118792;1.213;1.21306;1.21303;2;T;True;1
1621230029000;14118796;1.21301;1.21307;1.21304;3;T;True;1
1621230030000;14118797;1.21301;1.21307;1.21304;0;T;True;1
1621230031000;14118798;1.21301;1.21307;1.21304;0;T;True;1
1621230032000;14118802;1.21301;1.21307;1.21304;3;T;True;1
1621230033000;14118803;1.21301;1.21307;1.21304;0;T;True;1
1621230034000;14118807;1.21302;1.21308;1.21305;3;T;True;1
1621230035000;14118808;1.21302;1.21308;1.21305;0;T;True;1
1621230036000;14118809;1.21302;1.21308;1.21305;0;T;True;1
1621230037000;14118814;1.21301;1.21307;1.21304;4;T;True;1
1621230038000;14118815;1.21301;1.21307;1.21304;0;T;True;1
1621230039000;14118816;1.21301;1.21307;1.21304;0;T;True;1
1621230040000;14118817;1.21301;1.21307;1.21304;0;T;True;1
1621230041000;14118825;1.21302;1.21308;1.21305;7;T;True;1
1621230042000;14118828;1.21302;1.21308;1.21305;2;T;True;1
1621230043000;14118832;1.21302;1.21308;1.21305;3;T;True;1
1621230044000;14118837;1.21302;1.21308;1.21305;4;T;True;1
1621230045000;14118838;1.21302;1.21308;1.21305;0;T;True;1
1621230046000;14118839;1.21302;1.21308;1.21305;0;T;True;1
1621230047000;14118840;1.21302;1.21308;1.21305;0;T;True;1
1621230048000;14118841;1.21302;1.21308;1.21305;0;T;True;1
1621230049000;14118845;1.21302;1.21308;1.21305;3;T;True;1
1621230050000;14118850;1.21302;1.21308;1.21305;4;T;True;1
1621230051000;14118851;1.21302;1.21308;1.21305;0;T;True;1
1621230052000;14118852;1.21302;1.21308;1.21305;0;T;True;1
1621230053000;14118853;1.21302;1.21308;1.21305;0;T;True;1
1621230054000;14118854;1.21302;1.21308;1.21305;0;T;True;1
1621230055000;14118859;1.21302;1.21308;1.21305;4;T;True;1
1621230056000;14118860;1.21302;1.21308;1.21305;0;T;True;1
1621230057000;14118861;1.21302;1.21308;1.21305;0;T;True;1
1621230058000;14118862;1.21302;1.21308;1.21305;0;T;True;1
1621230059000;14118863;1.21302;1.21308;1.21305;0;T;True;1
1621230060000;14118864;1.21302;1.21308;1.21305;0;T;True;1
1621230061000;14118870;1.21302;1.21308;1.21305;5;T;True;1
1621230062000;14118873;1.21303;1.21309;1.21306;2;T;True;1
1621230063000;14118874;1.21303;1.21309;1.21306;0;T;True;1
1621230064000;14118881;1.21304;1.2131;1.21307;6;T;True;1
1621230065000;14118882;1.21304;1.2131;1.21307;0;T;True;1
1621230066000;14118883;1.21304;1.2131;1.21307;0;T;True;1
1621230067000;14118888;1.21302;1.21308;1.21305;4;T;True;1
1621230068000;14118893;1.21302;1.21308;1.21305;4;T;True;1
1621230069000;14118896;1.21303;1.21309;1.21306;2;T;True;1
1621230070000;14118900;1.21304;1.2131;1.21307;3;T;True;1
1621230071000;14118909;1.21303;1.21309;1.21306;8;T;True;1
1621230072000;14118910;1.21303;1.21309;1.21306;0;T;True;1
1621230073000;14118911;1.21303;1.21309;1.21306;0;T;True;1
1621230074000;14118912;1.21303;1.21309;1.21306;0;T;True;1
1621230075000;14118918;1.21305;1.21311;1.21308;5;T;True;1
1621230076000;14118919;1.21305;1.21311;1.21308;0;T;True;1
1621230077000;14118924;1.21304;1.2131;1.21307;4;T;True;1
1621230078000;14118925;1.21304;1.2131;1.21307;0;T;True;1
1621230079000;14118927;1.21303;1.21309;1.21306;1;T;True;1
1621230080000;14118931;1.21302;1.21308;1.21305;3;T;True;1
1621230081000;14118936;1.21302;1.21308;1.21305;4;T;True;1
1621230082000;14118938;1.21302;1.21308;1.21305;1;T;True;1
1621230083000;14118943;1.21302;1.21308;1.21305;4;T;True;1
1621230084000;14118944;1.21302;1.21308;1.21305;0;T;True;1
1621230085000;14118948;1.21303;1.21309;1.21306;3;T;True;1
1621230086000;14118952;1.21302;1.21308;1.21305;3;T;True;1
1621230087000;14118954;1.21302;1.21308;1.21305;1;T;True;1
1621230088000;14118957;1.21302;1.21308;1.21305;2;T;True;1
1621230089000;14118959;1.21302;1.21308;1.21305;1;T;True;1
1621230090000;14118962;1.21302;1.21308;1.21305;2;T;True;1
1621230091000;14118968;1.21303;1.21309;1.21306;5;T;True;1
1621230092000;14118969;1.21303;1.21309;1.21306;0;T;True;1
1621230093000;14118971;1.21303;1.21309;1.21306;1;T;True;1
1621230094000;14118972;1.21303;1.21309;1.21306;0;T;True;1
1621230095000;14118976;1.21302;1.21308;1.21305;3;T;True;1
1621230096000;14118979;1.21302;1.21308;1.21305;2;T;True;1
1621230097000;14118980;1.21302;1.21308;1.21305;0;T;True;1
1621230098000;14118983;1.21303;1.21309;1.21306;2;T;True;1
1621230099000;14118988;1.21302;1.21308;1.21305;4;T;True;1
1621230100000;14118991;1.21302;1.21308;1.21305;2;T;True;1
1621230101000;14118992;1.21302;1.21308;1.21305;0;T;True;1
1621230102000;14118993;1.21302;1.21308;1.21305;0;T;True;1
1621230103000;14118995;1.21302;1.21308;1.21305;1;T;True;1
1621230104000;14118996;1.21302;1.21308;1.21305;0;T;True;1
1621230105000;14118997;1.21302;1.21308;1.21305;0;T;True;1
1621230106000;14119000;1.21302;1.21308;1.21305;2;T;True;1
1621230107000;14119002;1.21302;1.21308;1.21305;1;T;True;1
1621230108000;14119004;1.21302;1.21308;1.21305;1;T;True;1
1621230109000;14119006;1.21302;1.21308;1.21305;1;T;True;1
1621230110000;14119008;1.21302;1.21308;1.21305;1;T;True;1
1621230111000;14119009;1.21302;1.21308;1.21305;0;T;True;1
1621230112000;14119018;1.21298;1.21304;1.21301;8;T;True;1
1621230113000;14119024;1.21292;1.21298;1.21295;5;T;True;1
1621230114000;14119025;1.21292;1.21298;1.21295;0;T;True;1
1621230115000;14119026;1.21292;1.21298;1.21295;0;T;True;1
1621230116000;14119028;1.21292;1.21298;1.21295;1;T;True;1
1621230117000;14119031;1.21292;1.21298;1.21295;2;T;True;1
1621230118000;14119032;1.21292;1.21298;1.21295;0;T;True;1
1621230119000;14119033;1.21292;1.21298;1.21295;0;T;True;1
1621230120000;14119034;1.21292;1.21298;1.21295;0;T;True;1
1621230121000;14119035;1.21292;1.21298;1.21295;0;T;True;1
1621230122000;14119037;1.21292;1.21298;1.21295;1;T;True;1
1621230123000;14119038;1.21292;1.21298;1.21295;0;T;True;1
1621230124000;14119041;1.21292;1.21298;1.21295;2;T;True;1
1621230125000;14119042;1.21292;1.21298;1.21295;0;T;True;1
1621230126000;14119044;1.21292;1.21298;1.21295;1;T;True;1
1621230127000;14119045;1.21292;1.21298;1.21295;0;T;True;1
1621230128000;14119046;1.21292;1.21298;1.21295;0;T;True;1
1621230129000;14119047;1.21292;1.21298;1.21295;0;T;True;1
1621230130000;14119058;1.21295;1.21301;1.21298;10;T;True;1
1621230131000;14119063;1.21296;1.21302;1.21299;4;T;True;1
1621230132000;14119064;1.21296;1.21302;1.21299;0;T;True;1
1621230133000;14119067;1.21294;1.213;1.21297;2;T;True;1
1621230134000;14119068;1.21294;1.213;1.21297;0;T;True;1
1621230135000;14119070;1.21293;1.21299;1.21296;1;T;True;1
1621230136000;14119071;1.21293;1.21299;1.21296;0;T;True;1
1621230137000;14119072;1.21293;1.21299;1.21296;0;T;True;1
1621230138000;14119074;1.21293;1.21299;1.21296;1;T;True;1
1621230139000;14119079;1.21292;1.21298;1.21295;4;T;True;1
1621230140000;14119083;1.2129;1.21296;1.21293;3;T;True;1
1621230141000;14119085;1.2129;1.21296;1.21293;1;T;True;1
1621230142000;14119086;1.2129;1.21296;1.21293;0;T;True;1
1621230143000;14119087;1.2129;1.21296;1.21293;0;T;True;1
1621230144000;14119090;1.21289;1.21295;1.21292;2;T;True;1
1621230145000;14119091;1.21289;1.21295;1.21292;0;T;True;1
1621230146000;14119094;1.21288;1.21294;1.21291;2;T;True;1
1621230147000;14119102;1.2129;1.21296;1.21293;7;T;True;1
1621230148000;14119103;1.2129;1.21296;1.21293;0;T;True;1
1621230149000;14119107;1.2129;1.21296;1.21293;3;T;True;1
1621230150000;14119115;1.21291;1.21297;1.21294;7;T;True;1
1621230151000;14119116;1.21291;1.21297;1.21294;0;T;True;1
1621230152000;14119117;1.21291;1.21297;1.21294;0;T;True;1
1621230153000;14119119;1.21291;1.21297;1.21294;1;T;True;1
1621230154000;14119122;1.21292;1.21298;1.21295;2;T;True;1
1621230155000;14119124;1.21292;1.21298;1.21295;1;T;True;1
1621230156000;14119128;1.21289;1.21295;1.21292;3;T;True;1
1621230157000;14119129;1.21289;1.21295;1.21292;0;T;True;1
1621230158000;14119131;1.21288;1.21294;1.21291;1;T;True;1
1621230159000;14119142;1.21292;1.21298;1.21295;10;T;True;1
1621230160000;14119143;1.21292;1.21298;1.21295;0;T;True;1
1621230161000;14119144;1.21292;1.21298;1.21295;0;T;True;1
1621230162000;14119147;1.21292;1.21298;1.21295;2;T;True;1
1621230163000;14119148;1.21292;1.21298;1.21295;0;T;True;1
1621230164000;14119149;1.21292;1.21298;1.21295;0;T;True;1
1621230165000;14119150;1.21292;1.21298;1.21295;0;T;True;1
1621230166000;14119151;1.21292;1.21298;1.21295;0;T;True;1
1621230167000;14119152;1.21292;1.21298;1.21295;0;T;True;1
1621230168000;14119153;1.21292;1.21298;1.21295;0;T;True;1
1621230169000;14119154;1.21292;1.21298;1.21295;0;T;True;1
1621230170000;14119155;1.21292;1.21298;1.21295;0;T;True;1
1621230171000;14119156;1.21292;1.21298;1.21295;0;T;True;1
1621230172000;14119157;1.21292;1.21298;1.21295;0;T;True;1
1621230173000;14119158;1.21292;1.21298;1.21295;0;T;True;1
1621230174000;14119159;1.21292;1.21298;1.21295;0;T;True;1
1621230175000;14119162;1.21291;1.21297;1.21294;2;T;True;1
1621230176000;14119164;1.21291;1.21297;1.21294;1;T;True;1
1621230177000;14119165;1.21291;1.21297;1.21294;0;T;True;1
1621230178000;14119166;1.21291;1.21297;1.21294;0;T;True;1
1621230179000;14119170;1.21291;1.21297;1.21294;3;T;True;1
1621230180000;14119176;1.21291;1.21297;1.21294;5;T;True;1
1621230181000;14119180;1.21291;1.21297;1.21294;3;T;True;1
1621230182000;14119182;1.21291;1.21297;1.21294;1;T;True;1
1621230183000;14119185;1.21291;1.21297;1.21294;2;T;True;1
1621230184000;14119186;1.21291;1.21297;1.21294;0;T;True;1
1621230185000;14119187;1.21291;1.21297;1.21294;0;T;True;1
1621230186000;14119192;1.21292;1.21298;1.21295;4;T;True;1
1621230187000;14119193;1.21292;1.21298;1.21295;0;T;True;1
1621230188000;14119194;1.21292;1.21298;1.21295;0;T;True;1
1621230189000;14119195;1.21292;1.21298;1.21295;0;T;True;1
1621230190000;14119197;1.21292;1.21298;1.21295;1;T;True;1
1621230191000;14119198;1.21292;1.21298;1.21295;0;T;True;1
1621230192000;14119199;1.21292;1.21298;1.21295;0;T;True;1
1621230193000;14119200;1.21292;1.21298;1.21295;0;T;True;1
1621230194000;14119201;1.21292;1.21298;1.21295;0;T;True;1
1621230195000;14119202;1.21292;1.21298;1.21295;0;T;True;1
1621230196000;14119203;1.21292;1.21298;1.21295;0;T;True;1
1621230197000;14119204;1.21292;1.21298;1.21295;0;T;True;1
1621230198000;14119205;1.21292;1.21298;1.21295;0;T;True;1
1621230199000;14119206;1.21292;1.21298;1.21295;0;T;True;1
1621230200000;14119207;1.21292;1.21298;1.21295;0;T;True;1
1621230201000;14119208;1.21292;1.21298;1.21295;0;T;True;1
1621230202000;14119209;1.21292;1.21298;1.21295;0;T;True;1
1621230203000;14119213;1.21291;1.21297;1.21294;3;T;True;1
1621230204000;14119214;1.21291;1.21297;1.21294;0;T;True;1
1621230205000;14119215;1.21291;1.21297;1.21294;0;T;True;1
1621230206000;14119217;1.21291;1.21297;1.21294;1;T;True;1
1621230207000;14119222;1.21291;1.21297;1.21294;4;T;True;1
1621230208000;14119223;1.21291;1.21297;1.21294;0;T;True;1
1621230209000;14119224;1.21291;1.21297;1.21294;0;T;True;1
1621230210000;14119225;1.21291;1.21297;1.21294;0;T;True;1
1621230211000;14119227;1.2129;1.21296;1.21293;1;T;True;1
1621230212000;14119229;1.21291;1.21297;1.21294;1;T;True;1
1621230213000;14119230;1.21291;1.21297;1.21294;0;T;True;1
1621230214000;14119231;1.21291;1.21297;1.21294;0;T;True;1
1621230215000;14119232;1.21291;1.21297;1.21294;0;T;True;1
1621230216000;14119238;1.21292;1.21298;1.21295;5;T;True;1
1621230217000;14119239;1.21292;1.21298;1.21295;0;T;True;1
1621230218000;14119240;1.21292;1.21298;1.21295;0;T;True;1
1621230219000;14119251;1.21291;1.21297;1.21294;10;T;True;1
1621230220000;14119252;1.21291;1.21297;1.21294;0;T;True;1
1621230221000;14119254;1.21291;1.21297;1.21294;1;T;True;1
1621230222000;14119256;1.21291;1.21297;1.21294;1;T;True;1
1621230223000;14119257;1.21291;1.21297;1.21294;0;T;True;1
1621230224000;14119258;1.21291;1.21297;1.21294;0;T;True;1
1621230225000;14119262;1.21292;1.21298;1.21295;3;T;True;1
1621230226000;14119264;1.21292;1.21298;1.21295;1;T;True;1
1621230227000;14119265;1.21292;1.21298;1.21295;0;T;True;1
1621230228000;14119268;1.21292;1.21298;1.21295;2;T;True;1
1621230229000;14119269;1.21292;1.21298;1.21295;0;T;True;1
1621230230000;14119271;1.21291;1.21297;1.21294;1;T;True;1
1621230231000;14119272;1.21291;1.21297;1.21294;0;T;True;1
1621230232000;14119273;1.21291;1.21297;1.21294;0;T;True;1
1621230233000;14119274;1.21291;1.21297;1.21294;0;T;True;1
1621230234000;14119275;1.21291;1.21297;1.21294;0;T;True;1
1621230235000;14119276;1.21291;1.21297;1.21294;0;T;True;1
1621230236000;14119277;1.21291;1.21297;1.21294;0;T;True;1
1621230237000;14119278;1.21291;1.21297;1.21294;0;T;True;1
1621230238000;14119279;1.21291;1.21297;1.21294;0;T;True;1
1621230239000;14119280;1.21291;1.21297;1.21294;0;T;True;1
1621230240000;14119282;1.21292;1.21298;1.21295;1;T;True;1
1621230241000;14119283;1.21292;1.21298;1.21295;0;T;True;1
1621230242000;14119284;1.21292;1.21298;1.21295;0;T;True;1
1621230243000;14119286;1.21292;1.21298;1.21295;1;T;True;1
1621230244000;14119288;1.21292;1.21298;1.21295;1;T;True;1
1621230245000;14119289;1.21292;1.21298;1.21295;0;T;True;1
1621230246000;14119290;1.21292;1.21298;1.21295;0;T;True;1
1621230247000;14119291;1.21292;1.21298;1.21295;0;T;True;1
1621230248000;14119292;1.21292;1.21298;1.21295;0;T;True;1
1621230249000;14119293;1.21292;1.21298;1.21295;0;T;True;1
1621230250000;14119294;1.21292;1.21298;1.21295;0;T;True;1
1621230251000;14119295;1.21292;1.21298;1.21295;0;T;True;1
1621230252000;14119296;1.21292;1.21298;1.21295;0;T;True;1
1621230253000;14119297;1.21292;1.21298;1.21295;0;T;True;1
1621230254000;14119298;1.21292;1.21298;1.21295;0;T;True;1
1621230255000;14119299;1.21292;1.21298;1.21295;0;T;True;1
1621230256000;14119300;1.21292;1.21298;1.21295;0;T;True;1
1621230257000;14119301;1.21292;1.21298;1.21295;0;T;True;1
1621230258000;14119302;1.21292;1.21298;1.21295;0;T;True;1
1621230259000;14119303;1.21292;1.21298;1.21295;0;T;True;1
1621230260000;14119304;1.21292;1.21298;1.21295;0;T;True;1
1621230261000;14119305;1.21292;1.21298;1.21295;0;T;True;1
1621230262000;14119306;1.21292;1.21298;1.21295;0;T;True;1
1621230263000;14119308;1.21293;1.21299;1.21296;1;T;True;1
1621230264000;14119309;1.21293;1.21299;1.21296;0;T;True;1
1621230265000;14119310;1.21293;1.21299;1.21296;0;T;True;1
1621230266000;14119311;1.21293;1.21299;1.21296;0;T;True;1
1621230267000;14119312;1.21293;1.21299;1.21296;0;T;True;1
1621230268000;14119315;1.21292;1.21298;1.21295;2;T;True;1
1621230269000;14119316;1.21292;1.21298;1.21295;0;T;True;1
1621230270000;14119317;1.21292;1.21298;1.21295;0;T;True;1
1621230271000;14119318;1.21292;1.21298;1.21295;0;T;True;1
1621230272000;14119319;1.21292;1.21298;1.21295;0;T;True;1
1621230273000;14119320;1.21292;1.21298;1.21295;0;T;True;1
1621230274000;14119321;1.21292;1.21298;1.21295;0;T;True;1
1621230275000;14119322;1.21292;1.21298;1.21295;0;T;True;1
1621230276000;14119323;1.21292;1.21298;1.21295;0;T;True;1
1621230277000;14119324;1.21292;1.21298;1.21295;0;T;True;1
1621230278000;14119327;1.21292;1.21298;1.21295;2;T;True;1
1621230279000;14119328;1.21292;1.21298;1.21295;0;T;True;1
1621230280000;14119329;1.21292;1.21298;1.21295;0;T;True;1
1621230281000;14119330;1.21292;1.21298;1.21295;0;T;True;1
1621230282000;14119331;1.21292;1.21298;1.21295;0;T;True;1
1621230283000;14119332;1.21292;1.21298;1.21295;0;T;True;1
1621230284000;14119333;1.21292;1.21298;1.21295;0;T;True;1
1621230285000;14119334;1.21292;1.21298;1.21295;0;T;True;1
1621230286000;14119335;1.21292;1.21298;1.21295;0;T;True;1
1621230287000;14119336;1.21292;1.21298;1.21295;0;T;True;1
1621230288000;14119339;1.2129;1.21296;1.21293;2;T;True;1
1621230289000;14119341;1.2129;1.21296;1.21293;1;T;True;1
1621230290000;14119342;1.2129;1.21296;1.21293;0;T;True;1
1621230291000;14119343;1.2129;1.21296;1.21293;0;T;True;1
1621230292000;14119344;1.2129;1.21296;1.21293;0;T;True;1
1621230293000;14119345;1.2129;1.21296;1.21293;0;T;True;1
1621230294000;14119346;1.2129;1.21296;1.21293;0;T;True;1
1621230295000;14119347;1.2129;1.21296;1.21293;0;T;True;1
1621230296000;14119348;1.2129;1.21296;1.21293;0;T;True;1
1621230297000;14119349;1.2129;1.21296;1.21293;0;T;True;1
1621230298000;14119350;1.2129;1.21296;1.21293;0;T;True;1
1621230299000;14119351;1.2129;1.21296;1.21293;0;T;True;1
1621230300000;14119352;1.2129;1.21296;1.21293;0;T;True;1
1621230301000;14119354;1.21288;1.21294;1.21291;1;T;True;1
1621230302000;14119355;1.21288;1.21294;1.21291;0;T;True;1
1621230303000;14119356;1.21288;1.21294;1.21291;0;T;True;1
1621230304000;14119357;1.21288;1.21294;1.21291;0;T;True;1
1621230305000;14119358;1.21288;1.21294;1.21291;0;T;True;1
1621230306000;14119359;1.21288;1.21294;1.21291;0;T;True;1
1621230307000;14119360;1.21288;1.21294;1.21291;0;T;True;1
1621230308000;14119363;1.21286;1.21292;1.21289;2;T;True;1
1621230309000;14119365;1.21284;1.2129;1.21287;1;T;True;1
1621230310000;14119366;1.21284;1.2129;1.21287;0;T;True;1
1621230311000;14119367;1.21284;1.2129;1.21287;0;T;True;1
1621230312000;14119369;1.21285;1.21291;1.21288;1;T;True;1
1621230313000;14119370;1.21285;1.21291;1.21288;0;T;True;1
1621230314000;14119371;1.21285;1.21291;1.21288;0;T;True;1
1621230315000;14119372;1.21285;1.21291;1.21288;0;T;True;1
1621230316000;14119373;1.21285;1.21291;1.21288;0;T;True;1
1621230317000;14119374;1.21285;1.21291;1.21288;0;T;True;1
1621230318000;14119377;1.21284;1.2129;1.21287;2;T;True;1
1621230319000;14119380;1.21286;1.21292;1.21289;2;T;True;1
1621230320000;14119381;1.21286;1.21292;1.21289;0;T;True;1
1621230321000;14119382;1.21286;1.21292;1.21289;0;T;True;1
1621230322000;14119383;1.21286;1.21292;1.21289;0;T;True;1
1621230323000;14119385;1.21285;1.21291;1.21288;1;T;True;1
1621230324000;14119386;1.21285;1.21291;1.21288;0;T;True;1
1621230325000;14119387;1.21285;1.21291;1.21288;0;T;True;1
1621230326000;14119388;1.21285;1.21291;1.21288;0;T;True;1
1621230327000;14119389;1.21285;1.21291;1.21288;0;T;True;1
1621230328000;14119390;1.21285;1.21291;1.21288;0;T;True;1
1621230329000;14119392;1.21286;1.21292;1.21289;1;T;True;1
1621230330000;14119393;1.21286;1.21292;1.21289;0;T;True;1
1621230331000;14119394;1.21286;1.21292;1.21289;0;T;True;1
1621230332000;14119395;1.21286;1.21292;1.21289;0;T;True;1
1621230333000;14119396;1.21286;1.21292;1.21289;0;T;True;1
1621230334000;14119397;1.21286;1.21292;1.21289;0;T;True;1
1621230335000;14119398;1.21286;1.21292;1.21289;0;T;True;1
1621230336000;14119399;1.21286;1.21292;1.21289;0;T;True;1
1621230337000;14119400;1.21286;1.21292;1.21289;0;T;True;1
1621230338000;14119401;1.21286;1.21292;1.21289;0;T;True;1
1621230339000;14119404;1.21288;1.21294;1.21291;2;T;True;1
1621230340000;14119405;1.21288;1.21294;1.21291;0;T;True;1
1621230341000;14119406;1.21288;1.21294;1.21291;0;T;True;1
1621230342000;14119408;1.21289;1.21295;1.21292;1;T;True;1
1621230343000;14119409;1.21289;1.21295;1.21292;0;T;True;1
1621230344000;14119410;1.21289;1.21295;1.21292;0;T;True;1
1621230345000;14119415;1.21289;1.21295;1.21292;4;T;True;1
1621230346000;14119416;1.21289;1.21295;1.21292;0;T;True;1
1621230347000;14119417;1.21289;1.21295;1.21292;0;T;True;1
1621230348000;14119418;1.21289;1.21295;1.21292;0;T;True;1
1621230349000;14119420;1.21288;1.21294;1.21291;1;T;True;1
1621230350000;14119421;1.21288;1.21294;1.21291;0;T;True;1
1621230351000;14119425;1.21288;1.21294;1.21291;3;T;True;1
1621230352000;14119426;1.21288;1.21294;1.21291;0;T;True;1
1621230353000;14119427;1.21288;1.21294;1.21291;0;T;True;1
1621230354000;14119428;1.21288;1.21294;1.21291;0;T;True;1
1621230355000;14119429;1.21288;1.21294;1.21291;0;T;True;1
1621230356000;14119432;1.21288;1.21294;1.21291;2;T;True;1
1621230357000;14119433;1.21288;1.21294;1.21291;0;T;True;1
1621230358000;14119434;1.21288;1.21294;1.21291;0;T;True;1
1621230359000;14119435;1.21288;1.21294;1.21291;0;T;True;1
1621230360000;14119436;1.21288;1.21294;1.21291;0;T;True;1
1621230361000;14119437;1.21288;1.21294;1.21291;0;T;True;1
1621230362000;14119442;1.2129;1.21296;1.21293;4;T;True;1
1621230363000;14119450;1.21292;1.21298;1.21295;7;T;True;1
1621230364000;14119452;1.21292;1.21298;1.21295;1;T;True;1
1621230365000;14119453;1.21292;1.21298;1.21295;0;T;True;1
1621230366000;14119454;1.21292;1.21298;1.21295;0;T;True;1
1621230367000;14119455;1.21292;1.21298;1.21295;0;T;True;1
1621230368000;14119456;1.21292;1.21298;1.21295;0;T;True;1
1621230369000;14119458;1.21292;1.21298;1.21295;1;T;True;1
1621230370000;14119459;1.21292;1.21298;1.21295;0;T;True;1
1621230371000;14119461;1.21292;1.21298;1.21295;1;T;True;1
1621230372000;14119462;1.21292;1.21298;1.21295;0;T;True;1
1621230373000;14119464;1.21292;1.21298;1.21295;1;T;True;1
1621230374000;14119465;1.21292;1.21298;1.21295;0;T;True;1
1621230375000;14119466;1.21292;1.21298;1.21295;0;T;True;1
1621230376000;14119467;1.21292;1.21298;1.21295;0;T;True;1
1621230377000;14119468;1.21292;1.21298;1.21295;0;T;True;1
1621230378000;14119469;1.21292;1.21298;1.21295;0;T;True;1
1621230379000;14119470;1.21292;1.21298;1.21295;0;T;True;1
1621230380000;14119471;1.21292;1.21298;1.21295;0;T;True;1
1621230381000;14119474;1.21294;1.213;1.21297;2;T;True;1
1621230382000;14119475;1.21294;1.213;1.21297;0;T;True;1
1621230383000;14119476;1.21294;1.213;1.21297;0;T;True;1
1621230384000;14119479;1.21294;1.213;1.21297;2;T;True;1
1621230385000;14119480;1.21294;1.213;1.21297;0;T;True;1
1621230386000;14119481;1.21294;1.213;1.21297;0;T;True;1
1621230387000;14119482;1.21294;1.213;1.21297;0;T;True;1
1621230388000;14119483;1.21294;1.213;1.21297;0;T;True;1
1621230389000;14119484;1.21294;1.213;1.21297;0;T;True;1
1621230390000;14119485;1.21294;1.213;1.21297;0;T;True;1
1621230391000;14119486;1.21294;1.213;1.21297;0;T;True;1
1621230392000;14119487;1.21294;1.213;1.21297;0;T;True;1
1621230393000;14119488;1.21294;1.213;1.21297;0;T;True;1
1621230394000;14119489;1.21294;1.213;1.21297;0;T;True;1
1621230395000;14119490;1.21294;1.213;1.21297;0;T;True;1
1621230396000;14119491;1.21294;1.213;1.21297;0;T;True;1
1621230397000;14119492;1.21294;1.213;1.21297;0;T;True;1
1621230398000;14119493;1.21294;1.213;1.21297;0;T;True;1
1621230399000;14119494;1.21294;1.213;1.21297;0;T;True;1
1621230400000;14119495;1.21294;1.213;1.21297;0;T;True;1
1621230401000;14119496;1.21294;1.213;1.21297;0;T;True;1
1621230402000;14119497;1.21294;1.213;1.21297;0;T;True;1
1621230403000;14119498;1.21294;1.213;1.21297;0;T;True;1
1621230404000;14119499;1.21294;1.213;1.21297;0;T;True;1
1621230405000;14119500;1.21294;1.213;1.21297;0;T;True;1
1621230406000;14119501;1.21294;1.213;1.21297;0;T;True;1
1621230407000;14119502;1.21294;1.213;1.21297;0;T;True;1
1621230408000;14119503;1.21294;1.213;1.21297;0;T;True;1
1621230409000;14119505;1.21294;1.213;1.21297;1;T;True;1
1621230410000;14119508;1.21294;1.213;1.21297;2;T;True;1
1621230411000;14119511;1.21294;1.213;1.21297;2;T;True;1
1621230412000;14119513;1.21294;1.213;1.21297;1;T;True;1
1621230413000;14119514;1.21294;1.213;1.21297;0;T;True;1
1621230414000;14119515;1.21294;1.213;1.21297;0;T;True;1
1621230415000;14119516;1.21294;1.213;1.21297;0;T;True;1
1621230416000;14119517;1.21294;1.213;1.21297;0;T;True;1
1621230417000;14119518;1.21294;1.213;1.21297;0;T;True;1
1621230418000;14119519;1.21294;1.213;1.21297;0;T;True;1
1621230419000;14119520;1.21294;1.213;1.21297;0;T;True;1
1621230420000;14119521;1.21294;1.213;1.21297;0;T;True;1
1621230421000;14119522;1.21294;1.213;1.21297;0;T;True;1
1621230422000;14119523;1.21294;1.213;1.21297;0;T;True;1
1621230423000;14119524;1.21294;1.213;1.21297;0;T;True;1
1621230424000;14119525;1.21294;1.213;1.21297;0;T;True;1
1621230425000;14119526;1.21294;1.213;1.21297;0;T;True;1
1621230426000;14119527;1.21294;1.213;1.21297;0;T;True;1
1621230427000;14119528;1.21294;1.213;1.21297;0;T;True;1
1621230428000;14119529;1.21294;1.213;1.21297;0;T;True;1
1621230429000;14119530;1.21294;1.213;1.21297;0;T;True;1
1621230430000;14119532;1.21293;1.21299;1.21296;1;T;True;1
1621230431000;14119534;1.21293;1.21299;1.21296;1;T;True;1
1621230432000;14119535;1.21293;1.21299;1.21296;0;T;True;1
1621230433000;14119536;1.21293;1.21299;1.21296;0;T;True;1
1621230434000;14119537;1.21293;1.21299;1.21296;0;T;True;1
1621230435000;14119538;1.21293;1.21299;1.21296;0;T;True;1
1621230436000;14119539;1.21293;1.21299;1.21296;0;T;True;1
1621230437000;14119540;1.21293;1.21299;1.21296;0;T;True;1
1621230438000;14119543;1.21293;1.21299;1.21296;2;T;True;1
1621230439000;14119544;1.21293;1.21299;1.21296;0;T;True;1
1621230440000;14119548;1.21293;1.21299;1.21296;3;T;True;1
1621230441000;14119552;1.2129;1.21296;1.21293;3;T;True;1
1621230442000;14119553;1.2129;1.21296;1.21293;0;T;True;1
1621230443000;14119555;1.21288;1.21294;1.21291;1;T;True;1
1621230444000;14119557;1.21288;1.21294;1.21291;1;T;True;1
1621230445000;14119558;1.21288;1.21294;1.21291;0;T;True;1
1621230446000;14119559;1.21288;1.21294;1.21291;0;T;True;1
1621230447000;14119560;1.21288;1.21294;1.21291;0;T;True;1
1621230448000;14119561;1.21288;1.21294;1.21291;0;T;True;1
1621230449000;14119564;1.2129;1.21296;1.21293;2;T;True;1
1621230450000;14119566;1.21291;1.21297;1.21294;1;T;True;1
1621230451000;14119567;1.21291;1.21297;1.21294;0;T;True;1
1621230452000;14119568;1.21291;1.21297;1.21294;0;T;True;1
1621230453000;14119569;1.21291;1.21297;1.21294;0;T;True;1
1621230454000;14119573;1.21292;1.21298;1.21295;3;T;True;1
1621230455000;14119575;1.21292;1.21298;1.21295;1;T;True;1
1621230456000;14119579;1.21292;1.21298;1.21295;3;T;True;1
1621230457000;14119581;1.21292;1.21298;1.21295;1;T;True;1
1621230458000;14119582;1.21292;1.21298;1.21295;0;T;True;1
1621230459000;14119583;1.21292;1.21298;1.21295;0;T;True;1
1621230460000;14119584;1.21292;1.21298;1.21295;0;T;True;1
1621230461000;14119585;1.21292;1.21298;1.21295;0;T;True;1
1621230462000;14119586;1.21292;1.21298;1.21295;0;T;True;1
1621230463000;14119587;1.21292;1.21298;1.21295;0;T;True;1
1621230464000;14119588;1.21292;1.21298;1.21295;0;T;True;1
1621230465000;14119589;1.21292;1.21298;1.21295;0;T;True;1
1621230466000;14119590;1.21292;1.21298;1.21295;0;T;True;1
1621230467000;14119591;1.21292;1.21298;1.21295;0;T;True;1
1621230468000;14119592;1.21292;1.21298;1.21295;0;T;True;1
1621230469000;14119593;1.21292;1.21298;1.21295;0;T;True;1
1621230470000;14119594;1.21292;1.21298;1.21295;0;T;True;1
1621230471000;14119595;1.21292;1.21298;1.21295;0;T;True;1
1621230472000;14119596;1.21292;1.21298;1.21295;0;T;True;1
1621230473000;14119597;1.21292;1.21298;1.21295;0;T;True;1
1621230474000;14119598;1.21292;1.21298;1.21295;0;T;True;1
1621230475000;14119600;1.21292;1.21298;1.21295;1;T;True;1
1621230476000;14119601;1.21292;1.21298;1.21295;0;T;True;1
1621230477000;14119602;1.21292;1.21298;1.21295;0;T;True;1
1621230478000;14119603;1.21292;1.21298;1.21295;0;T;True;1
1621230479000;14119604;1.21292;1.21298;1.21295;0;T;True;1
1621230480000;14119605;1.21292;1.21298;1.21295;0;T;True;1
1621230481000;14119606;1.21292;1.21298;1.21295;0;T;True;1
1621230482000;14119607;1.21292;1.21298;1.21295;0;T;True;1
1621230483000;14119609;1.21292;1.21298;1.21295;1;T;True;1
1621230484000;14119610;1.21292;1.21298;1.21295;0;T;True;1
1621230485000;14119611;1.21292;1.21298;1.21295;0;T;True;1
1621230486000;14119612;1.21292;1.21298;1.21295;0;T;True;1
1621230487000;14119613;1.21292;1.21298;1.21295;0;T;True;1
1621230488000;14119614;1.21292;1.21298;1.21295;0;T;True;1
1621230489000;14119615;1.21292;1.21298;1.21295;0;T;True;1
1621230490000;14119616;1.21292;1.21298;1.21295;0;T;True;1
1621230491000;14119617;1.21292;1.21298;1.21295;0;T;True;1
1621230492000;14119618;1.21292;1.21298;1.21295;0;T;True;1
1621230493000;14119619;1.21292;1.21298;1.21295;0;T;True;1
1621230494000;14119620;1.21292;1.21298;1.21295;0;T;True;1
1621230495000;14119621;1.21292;1.21298;1.21295;0;T;True;1
1621230496000;14119622;1.21292;1.21298;1.21295;0;T;True;1
1621230497000;14119623;1.21292;1.21298;1.21295;0;T;True;1
1621230498000;14119624;1.21292;1.21298;1.21295;0;T;True;1
1621230499000;14119625;1.21292;1.21298;1.21295;0;T;True;1
1621230500000;14119626;1.21292;1.21298;1.21295;0;T;True;1
1621230501000;14119627;1.21292;1.21298;1.21295;0;T;True;1
1621230502000;14119628;1.21292;1.21298;1.21295;0;T;True;1
1621230503000;14119629;1.21292;1.21298;1.21295;0;T;True;1
1621230504000;14119632;1.21292;1.21298;1.21295;2;T;True;1
1621230505000;14119633;1.21292;1.21298;1.21295;0;T;True;1
1621230506000;14119639;1.21292;1.21298;1.21295;5;T;True;1
1621230507000;14119640;1.21292;1.21298;1.21295;0;T;True;1
1621230508000;14119643;1.21296;1.21302;1.21299;2;T;True;1
1621230509000;14119644;1.21296;1.21302;1.21299;0;T;True;1
1621230510000;14119645;1.21296;1.21302;1.21299;0;T;True;1
1621230511000;14119646;1.21296;1.21302;1.21299;0;T;True;1
1621230512000;14119647;1.21296;1.21302;1.21299;0;T;True;1
1621230513000;14119651;1.21293;1.21299;1.21296;3;T;True;1
1621230514000;14119652;1.21293;1.21299;1.21296;0;T;True;1
1621230515000;14119653;1.21293;1.21299;1.21296;0;T;True;1
1621230516000;14119654;1.21293;1.21299;1.21296;0;T;True;1
1621230517000;14119655;1.21293;1.21299;1.21296;0;T;True;1
1621230518000;14119656;1.21293;1.21299;1.21296;0;T;True;1
1621230519000;14119657;1.21293;1.21299;1.21296;0;T;True;1
1621230520000;14119658;1.21293;1.21299;1.21296;0;T;True;1
1621230521000;14119659;1.21293;1.21299;1.21296;0;T;True;1
1621230522000;14119660;1.21293;1.21299;1.21296;0;T;True;1
1621230523000;14119662;1.21293;1.21299;1.21296;1;T;True;1
1621230524000;14119663;1.21293;1.21299;1.21296;0;T;True;1
1621230525000;14119664;1.21293;1.21299;1.21296;0;T;True;1
1621230526000;14119666;1.21292;1.21298;1.21295;1;T;True;1
1621230527000;14119667;1.21292;1.21298;1.21295;0;T;True;1
1621230528000;14119668;1.21292;1.21298;1.21295;0;T;True;1
1621230529000;14119669;1.21292;1.21298;1.21295;0;T;True;1
1621230530000;14119671;1.21292;1.21298;1.21295;1;T;True;1
1621230531000;14119672;1.21292;1.21298;1.21295;0;T;True;1
1621230532000;14119673;1.21292;1.21298;1.21295;0;T;True;1
1621230533000;14119675;1.21292;1.21298;1.21295;1;T;True;1
1621230534000;14119677;1.21292;1.21298;1.21295;1;T;True;1
1621230535000;14119678;1.21292;1.21298;1.21295;0;T;True;1
1621230536000;14119679;1.21292;1.21298;1.21295;0;T;True;1
1621230537000;14119680;1.21292;1.21298;1.21295;0;T;True;1
1621230538000;14119681;1.21292;1.21298;1.21295;0;T;True;1
1621230539000;14119682;1.21292;1.21298;1.21295;0;T;True;1
1621230540000;14119684;1.21292;1.21298;1.21295;1;T;True;1
1621230541000;14119685;1.21292;1.21298;1.21295;0;T;True;1
1621230542000;14119686;1.21292;1.21298;1.21295;0;T;True;1
1621230543000;14119689;1.21293;1.21299;1.21296;2;T;True;1
1621230544000;14119690;1.21293;1.21299;1.21296;0;T;True;1
1621230545000;14119691;1.21293;1.21299;1.21296;0;T;True;1
1621230546000;14119692;1.21293;1.21299;1.21296;0;T;True;1
1621230547000;14119693;1.21293;1.21299;1.21296;0;T;True;1
1621230548000;14119704;1.21291;1.21297;1.21294;10;T;True;1
1621230549000;14119705;1.21291;1.21297;1.21294;0;T;True;1
1621230550000;14119709;1.21294;1.213;1.21297;3;T;True;1
1621230551000;14119714;1.21292;1.21298;1.21295;4;T;True;1
1621230552000;14119715;1.21292;1.21298;1.21295;0;T;True;1
1621230553000;14119717;1.21293;1.21299;1.21296;1;T;True;1
1621230554000;14119718;1.21293;1.21299;1.21296;0;T;True;1
1621230555000;14119723;1.2129;1.21296;1.21293;4;T;True;1
1621230556000;14119726;1.2129;1.21296;1.21293;2;T;True;1
1621230557000;14119727;1.2129;1.21296;1.21293;0;T;True;1
1621230558000;14119728;1.2129;1.21296;1.21293;0;T;True;1
1621230559000;14119732;1.21288;1.21294;1.21291;3;T;True;1
1621230560000;14119733;1.21288;1.21294;1.21291;0;T;True;1
1621230561000;14119734;1.21288;1.21294;1.21291;0;T;True;1
1621230562000;14119735;1.21288;1.21294;1.21291;0;T;True;1
1621230563000;14119736;1.21288;1.21294;1.21291;0;T;True;1
1621230564000;14119737;1.21288;1.21294;1.21291;0;T;True;1
1621230565000;14119741;1.21289;1.21295;1.21292;3;T;True;1
1621230566000;14119743;1.21289;1.21295;1.21292;1;T;True;1
1621230567000;14119746;1.2129;1.21296;1.21293;2;T;True;1
1621230568000;14119747;1.2129;1.21296;1.21293;0;T;True;1
1621230569000;14119748;1.2129;1.21296;1.21293;0;T;True;1
1621230570000;14119750;1.2129;1.21296;1.21293;1;T;True;1
1621230571000;14119752;1.2129;1.21296;1.21293;1;T;True;1
1621230572000;14119753;1.2129;1.21296;1.21293;0;T;True;1
1621230573000;14119754;1.2129;1.21296;1.21293;0;T;True;1
1621230574000;14119757;1.2129;1.21296;1.21293;2;T;True;1
1621230575000;14119758;1.2129;1.21296;1.21293;0;T;True;1
1621230576000;14119759;1.2129;1.21296;1.21293;0;T;True;1
1621230577000;14119760;1.2129;1.21296;1.21293;0;T;True;1
1621230578000;14119761;1.2129;1.21296;1.21293;0;T;True;1
1621230579000;14119762;1.2129;1.21296;1.21293;0;T;True;1
1621230580000;14119763;1.2129;1.21296;1.21293;0;T;True;1
1621230581000;14119764;1.2129;1.21296;1.21293;0;T;True;1
1621230582000;14119766;1.21292;1.21298;1.21295;1;T;True;1
1621230583000;14119767;1.21292;1.21298;1.21295;0;T;True;1
1621230584000;14119768;1.21292;1.21298;1.21295;0;T;True;1
1621230585000;14119770;1.21291;1.21297;1.21294;1;T;True;1
1621230586000;14119772;1.2129;1.21296;1.21293;1;T;True;1
1621230587000;14119776;1.21291;1.21297;1.21294;3;T;True;1
1621230588000;14119777;1.21291;1.21297;1.21294;0;T;True;1
1621230589000;14119779;1.21291;1.21297;1.21294;1;T;True;1
1621230590000;14119781;1.2129;1.21296;1.21293;1;T;True;1
1621230591000;14119783;1.21289;1.21295;1.21292;1;T;True;1
1621230592000;14119784;1.21289;1.21295;1.21292;0;T;True;1
1621230593000;14119785;1.21289;1.21295;1.21292;0;T;True;1
1621230594000;14119786;1.21289;1.21295;1.21292;0;T;True;1
1621230595000;14119789;1.21288;1.21294;1.21291;2;T;True;1
1621230596000;14119791;1.21288;1.21294;1.21291;1;T;True;1
1621230597000;14119792;1.21288;1.21294;1.21291;0;T;True;1
1621230598000;14119793;1.21288;1.21294;1.21291;0;T;True;1
1621230599000;14119794;1.21288;1.21294;1.21291;0;T;True;1
1621230600000;14119800;1.21284;1.2129;1.21287;5;T;True;1
1621230601000;14119802;1.21282;1.21288;1.21285;1;T;True;1
1621230602000;14119803;1.21282;1.21288;1.21285;0;T;True;1
1621230603000;14119804;1.21282;1.21288;1.21285;0;T;True;1
1621230604000;14119811;1.2128;1.21286;1.21283;6;T;True;1
1621230605000;14119812;1.2128;1.21286;1.21283;0;T;True;1
1621230606000;14119813;1.2128;1.21286;1.21283;0;T;True;1
1621230607000;14119817;1.21278;1.21284;1.21281;3;T;True;1
1621230608000;14119818;1.21278;1.21284;1.21281;0;T;True;1
1621230609000;14119820;1.21278;1.21284;1.21281;1;T;True;1
1621230610000;14119822;1.21278;1.21284;1.21281;1;T;True;1
1621230611000;14119823;1.21278;1.21284;1.21281;0;T;True;1
1621230612000;14119824;1.21278;1.21284;1.21281;0;T;True;1
1621230613000;14119825;1.21278;1.21284;1.21281;0;T;True;1
1621230614000;14119835;1.21276;1.21282;1.21279;9;T;True;1
1621230615000;14119837;1.21276;1.21282;1.21279;1;T;True;1
1621230616000;14119841;1.21278;1.21284;1.21281;3;T;True;1
1621230617000;14119843;1.21278;1.21284;1.21281;1;T;True;1
1621230618000;14119844;1.21278;1.21284;1.21281;0;T;True;1
1621230619000;14119845;1.21278;1.21284;1.21281;0;T;True;1
1621230620000;14119847;1.21278;1.21284;1.21281;1;T;True;1
1621230621000;14119851;1.21277;1.21283;1.2128;3;T;True;1
1621230622000;14119852;1.21277;1.21283;1.2128;0;T;True;1
1621230623000;14119853;1.21277;1.21283;1.2128;0;T;True;1
1621230624000;14119854;1.21277;1.21283;1.2128;0;T;True;1
1621230625000;14119856;1.21277;1.21283;1.2128;1;T;True;1
1621230626000;14119861;1.21276;1.21282;1.21279;4;T;True;1
1621230627000;14119863;1.21276;1.21282;1.21279;1;T;True;1
1621230628000;14119865;1.21276;1.21282;1.21279;1;T;True;1
1621230629000;14119872;1.21276;1.21282;1.21279;6;T;True;1
1621230630000;14119873;1.21276;1.21282;1.21279;0;T;True;1
1621230631000;14119874;1.21276;1.21282;1.21279;0;T;True;1
1621230632000;14119875;1.21276;1.21282;1.21279;0;T;True;1
1621230633000;14119878;1.21276;1.21282;1.21279;2;T;True;1
1621230634000;14119880;1.21276;1.21282;1.21279;1;T;True;1
1621230635000;14119881;1.21276;1.21282;1.21279;0;T;True;1
1621230636000;14119883;1.21276;1.21282;1.21279;1;T;True;1
1621230637000;14119885;1.21276;1.21282;1.21279;1;T;True;1
1621230638000;14119886;1.21276;1.21282;1.21279;0;T;True;1
1621230639000;14119887;1.21276;1.21282;1.21279;0;T;True;1
1621230640000;14119888;1.21276;1.21282;1.21279;0;T;True;1
1621230641000;14119889;1.21276;1.21282;1.21279;0;T;True;1
1621230642000;14119896;1.21277;1.21283;1.2128;6;T;True;1
1621230643000;14119897;1.21277;1.21283;1.2128;0;T;True;1
1621230644000;14119898;1.21277;1.21283;1.2128;0;T;True;1
1621230645000;14119899;1.21277;1.21283;1.2128;0;T;True;1
1621230646000;14119900;1.21277;1.21283;1.2128;0;T;True;1
1621230647000;14119901;1.21277;1.21283;1.2128;0;T;True;1
1621230648000;14119902;1.21277;1.21283;1.2128;0;T;True;1
1621230649000;14119903;1.21277;1.21283;1.2128;0;T;True;1
1621230650000;14119904;1.21277;1.21283;1.2128;0;T;True;1
1621230651000;14119905;1.21277;1.21283;1.2128;0;T;True;1
1621230652000;14119906;1.21277;1.21283;1.2128;0;T;True;1
1621230653000;14119907;1.21277;1.21283;1.2128;0;T;True;1
1621230654000;14119908;1.21277;1.21283;1.2128;0;T;True;1
1621230655000;14119909;1.21277;1.21283;1.2128;0;T;True;1
1621230656000;14119910;1.21277;1.21283;1.2128;0;T;True;1
1621230657000;14119911;1.21277;1.21283;1.2128;0;T;True;1
1621230658000;14119912;1.21277;1.21283;1.2128;0;T;True;1
1621230659000;14119913;1.21277;1.21283;1.2128;0;T;True;1
1621230660000;14119914;1.21277;1.21283;1.2128;0;T;True;1
1621230661000;14119915;1.21277;1.21283;1.2128;0;T;True;1
1621230662000;14119916;1.21277;1.21283;1.2128;0;T;True;1
1621230663000;14119917;1.21277;1.21283;1.2128;0;T;True;1
1621230664000;14119918;1.21277;1.21283;1.2128;0;T;True;1
1621230665000;14119919;1.21277;1.21283;1.2128;0;T;True;1
1621230666000;14119920;1.21277;1.21283;1.2128;0;T;True;1
1621230667000;14119921;1.21277;1.21283;1.2128;0;T;True;1
1621230668000;14119922;1.21277;1.21283;1.2128;0;T;True;1
1621230669000;14119923;1.21277;1.21283;1.2128;0;T;True;1
1621230670000;14119924;1.21277;1.21283;1.2128;0;T;True;1
1621230671000;14119925;1.21277;1.21283;1.2128;0;T;True;1
1621230672000;14119926;1.21277;1.21283;1.2128;0;T;True;1
1621230673000;14119927;1.21277;1.21283;1.2128;0;T;True;1
1621230674000;14119928;1.21277;1.21283;1.2128;0;T;True;1
1621230675000;14119929;1.21277;1.21283;1.2128;0;T;True;1
1621230676000;14119930;1.21277;1.21283;1.2128;0;T;True;1
1621230677000;14119931;1.21277;1.21283;1.2128;0;T;True;1
1621230678000;14119932;1.21277;1.21283;1.2128;0;T;True;1
1621230679000;14119933;1.21277;1.21283;1.2128;0;T;True;1
1621230680000;14119934;1.21277;1.21283;1.2128;0;T;True;1
1621230681000;14119935;1.21277;1.21283;1.2128;0;T;True;1
1621230682000;14119936;1.21277;1.21283;1.2128;0;T;True;1
1621230683000;14119937;1.21277;1.21283;1.2128;0;T;True;1
1621230684000;14119938;1.21277;1.21283;1.2128;0;T;True;1
1621230685000;14119939;1.21277;1.21283;1.2128;0;T;True;1
1621230686000;14119940;1.21277;1.21283;1.2128;0;T;True;1
1621230687000;14119941;1.21277;1.21283;1.2128;0;T;True;1
1621230688000;14119942;1.21277;1.21283;1.2128;0;T;True;1
1621230689000;14119943;1.21277;1.21283;1.2128;0;T;True;1
1621230690000;14119944;1.21277;1.21283;1.2128;0;T;True;1
1621230691000;14119945;1.21277;1.21283;1.2128;0;T;True;1
1621230692000;14119946;1.21277;1.21283;1.2128;0;T;True;1
1621230693000;14119947;1.21277;1.21283;1.2128;0;T;True;1
1621230694000;14119948;1.21277;1.21283;1.2128;0;T;True;1
1621230695000;14119949;1.21277;1.21283;1.2128;0;T;True;1
1621230696000;14119950;1.21277;1.21283;1.2128;0;T;True;1
1621230697000;14119953;1.21276;1.21282;1.21279;2;T;True;1
1621230698000;14119954;1.21276;1.21282;1.21279;0;T;True;1
1621230699000;14119955;1.21276;1.21282;1.21279;0;T;True;1
1621230700000;14119956;1.21276;1.21282;1.21279;0;T;True;1
1621230701000;14119958;1.21276;1.21282;1.21279;1;T;True;1
1621230702000;14119959;1.21276;1.21282;1.21279;0;T;True;1
1621230703000;14119961;1.21276;1.21282;1.21279;1;T;True;1
1621230704000;14119962;1.21276;1.21282;1.21279;0;T;True;1
1621230705000;14119964;1.21276;1.21282;1.21279;1;T;True;1
1621230706000;14119965;1.21276;1.21282;1.21279;0;T;True;1
1621230707000;14119966;1.21276;1.21282;1.21279;0;T;True;1
1621230708000;14119968;1.21276;1.21282;1.21279;1;T;True;1
1621230709000;14119969;1.21276;1.21282;1.21279;0;T;True;1
1621230710000;14119972;1.21276;1.21282;1.21279;2;T;True;1
1621230711000;14119973;1.21276;1.21282;1.21279;0;T;True;1
1621230712000;14119974;1.21276;1.21282;1.21279;0;T;True;1
1621230713000;14119976;1.21276;1.21282;1.21279;1;T;True;1
1621230714000;14119979;1.21276;1.21282;1.21279;2;T;True;1
1621230715000;14119980;1.21276;1.21282;1.21279;0;T;True;1
1621230716000;14119981;1.21276;1.21282;1.21279;0;T;True;1
1621230717000;14119982;1.21276;1.21282;1.21279;0;T;True;1
1621230718000;14119983;1.21276;1.21282;1.21279;0;T;True;1
1621230719000;14119984;1.21276;1.21282;1.21279;0;T;True;1
1621230720000;14119985;1.21276;1.21282;1.21279;0;T;True;1
1621230721000;14119986;1.21276;1.21282;1.21279;0;T;True;1
1621230722000;14119987;1.21276;1.21282;1.21279;0;T;True;1
1621230723000;14119988;1.21276;1.21282;1.21279;0;T;True;1
1621230724000;14119989;1.21276;1.21282;1.21279;0;T;True;1
1621230725000;14119990;1.21276;1.21282;1.21279;0;T;True;1
1621230726000;14119991;1.21276;1.21282;1.21279;0;T;True;1
1621230727000;14119993;1.21276;1.21282;1.21279;1;T;True;1
1621230728000;14119994;1.21276;1.21282;1.21279;0;T;True;1
1621230729000;14119995;1.21276;1.21282;1.21279;0;T;True;1
1621230730000;14119996;1.21276;1.21282;1.21279;0;T;True;1
1621230731000;14119997;1.21276;1.21282;1.21279;0;T;True;1
1621230732000;14119998;1.21276;1.21282;1.21279;0;T;True;1
1621230733000;14119999;1.21276;1.21282;1.21279;0;T;True;1
1621230734000;14120000;1.21276;1.21282;1.21279;0;T;True;1
1621230735000;14120002;1.21276;1.21282;1.21279;1;T;True;1
1621230736000;14120003;1.21276;1.21282;1.21279;0;T;True;1
1621230737000;14120004;1.21276;1.21282;1.21279;0;T;True;1
1621230738000;14120010;1.21276;1.21282;1.21279;5;T;True;1
1621230739000;14120011;1.21276;1.21282;1.21279;0;T;True;1
1621230740000;14120013;1.21274;1.2128;1.21277;1;T;True;1
1621230741000;14120017;1.21274;1.2128;1.21277;3;T;True;1
1621230742000;14120019;1.21274;1.2128;1.21277;1;T;True;1
1621230743000;14120024;1.21273;1.21279;1.21276;4;T;True;1
1621230744000;14120027;1.21274;1.2128;1.21277;2;T;True;1
1621230745000;14120031;1.21273;1.21279;1.21276;3;T;True;1
1621230746000;14120037;1.21273;1.21279;1.21276;5;T;True;1
1621230747000;14120039;1.21273;1.21279;1.21276;1;T;True;1
1621230748000;14120042;1.21274;1.2128;1.21277;2;T;True;1
1621230749000;14120043;1.21274;1.2128;1.21277;0;T;True;1
1621230750000;14120046;1.21274;1.2128;1.21277;2;T;True;1
1621230751000;14120050;1.21273;1.21279;1.21276;3;T;True;1
1621230752000;14120053;1.21274;1.2128;1.21277;2;T;True;1
1621230753000;14120057;1.21274;1.2128;1.21277;3;T;True;1
1621230754000;14120058;1.21274;1.2128;1.21277;0;T;True;1
1621230755000;14120059;1.21274;1.2128;1.21277;0;T;True;1
1621230756000;14120060;1.21274;1.2128;1.21277;0;T;True;1
1621230757000;14120061;1.21274;1.2128;1.21277;0;T;True;1
1621230758000;14120063;1.21274;1.2128;1.21277;1;T;True;1
1621230759000;14120070;1.21274;1.2128;1.21277;6;T;True;1
1621230760000;14120072;1.21274;1.2128;1.21277;1;T;True;1
1621230761000;14120075;1.21274;1.2128;1.21277;2;T;True;1
1621230762000;14120077;1.21274;1.2128;1.21277;1;T;True;1
1621230763000;14120078;1.21274;1.2128;1.21277;0;T;True;1
1621230764000;14120080;1.21274;1.2128;1.21277;1;T;True;1
1621230765000;14120081;1.21274;1.2128;1.21277;0;T;True;1
1621230766000;14120082;1.21274;1.2128;1.21277;0;T;True;1
1621230767000;14120089;1.21272;1.21278;1.21275;6;T;True;1
1621230768000;14120092;1.21272;1.21278;1.21275;2;T;True;1
1621230769000;14120093;1.21272;1.21278;1.21275;0;T;True;1
1621230770000;14120095;1.21272;1.21278;1.21275;1;T;True;1
1621230771000;14120098;1.21272;1.21278;1.21275;2;T;True;1
1621230772000;14120099;1.21272;1.21278;1.21275;0;T;True;1
1621230773000;14120100;1.21272;1.21278;1.21275;0;T;True;1
1621230774000;14120101;1.21272;1.21278;1.21275;0;T;True;1
1621230775000;14120102;1.21272;1.21278;1.21275;0;T;True;1
1621230776000;14120104;1.21272;1.21278;1.21275;1;T;True;1
1621230777000;14120105;1.21272;1.21278;1.21275;0;T;True;1
1621230778000;14120106;1.21272;1.21278;1.21275;0;T;True;1
1621230779000;14120107;1.21272;1.21278;1.21275;0;T;True;1
1621230780000;14120108;1.21272;1.21278;1.21275;0;T;True;1
1621230781000;14120109;1.21272;1.21278;1.21275;0;T;True;1
1621230782000;14120120;1.2127;1.21276;1.21273;10;T;True;1
1621230783000;14120122;1.2127;1.21276;1.21273;1;T;True;1
1621230784000;14120123;1.2127;1.21276;1.21273;0;T;True;1
1621230785000;14120125;1.2127;1.21276;1.21273;1;T;True;1
1621230786000;14120126;1.2127;1.21276;1.21273;0;T;True;1
1621230787000;14120129;1.2127;1.21276;1.21273;2;T;True;1
1621230788000;14120130;1.2127;1.21276;1.21273;0;T;True;1
1621230789000;14120131;1.2127;1.21276;1.21273;0;T;True;1
1621230790000;14120132;1.2127;1.21276;1.21273;0;T;True;1
1621230791000;14120133;1.2127;1.21276;1.21273;0;T;True;1
1621230792000;14120134;1.2127;1.21276;1.21273;0;T;True;1
1621230793000;14120135;1.2127;1.21276;1.21273;0;T;True;1
1621230794000;14120136;1.2127;1.21276;1.21273;0;T;True;1
1621230795000;14120137;1.2127;1.21276;1.21273;0;T;True;1
1621230796000;14120138;1.2127;1.21276;1.21273;0;T;True;1
1621230797000;14120139;1.2127;1.21276;1.21273;0;T;True;1
1621230798000;14120140;1.2127;1.21276;1.21273;0;T;True;1
1621230799000;14120141;1.2127;1.21276;1.21273;0;T;True;1
1621230800000;14120145;1.21271;1.21277;1.21274;3;T;True;1
1621230801000;14120151;1.21273;1.21279;1.21276;5;T;True;1
1621230802000;14120152;1.21273;1.21279;1.21276;0;T;True;1
1621230803000;14120153;1.21273;1.21279;1.21276;0;T;True;1
1621230804000;14120154;1.21273;1.21279;1.21276;0;T;True;1
1621230805000;14120155;1.21273;1.21279;1.21276;0;T;True;1
1621230806000;14120156;1.21273;1.21279;1.21276;0;T;True;1
1621230807000;14120157;1.21273;1.21279;1.21276;0;T;True;1
1621230808000;14120158;1.21273;1.21279;1.21276;0;T;True;1
1621230809000;14120159;1.21273;1.21279;1.21276;0;T;True;1
1621230810000;14120161;1.21274;1.2128;1.21277;1;T;True;1
1621230811000;14120162;1.21274;1.2128;1.21277;0;T;True;1
1621230812000;14120163;1.21274;1.2128;1.21277;0;T;True;1
1621230813000;14120164;1.21274;1.2128;1.21277;0;T;True;1
1621230814000;14120165;1.21274;1.2128;1.21277;0;T;True;1
1621230815000;14120166;1.21274;1.2128;1.21277;0;T;True;1
1621230816000;14120167;1.21274;1.2128;1.21277;0;T;True;1
1621230817000;14120168;1.21274;1.2128;1.21277;0;T;True;1
1621230818000;14120169;1.21274;1.2128;1.21277;0;T;True;1
1621230819000;14120170;1.21274;1.2128;1.21277;0;T;True;1
1621230820000;14120173;1.21274;1.2128;1.21277;2;T;True;1
1621230821000;14120184;1.21278;1.21284;1.21281;10;T;True;1
1621230822000;14120189;1.21283;1.21289;1.21286;4;T;True;1
1621230823000;14120190;1.21283;1.21289;1.21286;0;T;True;1
1621230824000;14120192;1.21283;1.21289;1.21286;1;T;True;1
1621230825000;14120193;1.21283;1.21289;1.21286;0;T;True;1
1621230826000;14120194;1.21283;1.21289;1.21286;0;T;True;1
1621230827000;14120195;1.21283;1.21289;1.21286;0;T;True;1
1621230828000;14120196;1.21283;1.21289;1.21286;0;T;True;1
1621230829000;14120197;1.21283;1.21289;1.21286;0;T;True;1
1621230830000;14120198;1.21283;1.21289;1.21286;0;T;True;1
1621230831000;14120199;1.21283;1.21289;1.21286;0;T;True;1
1621230832000;14120200;1.21283;1.21289;1.21286;0;T;True;1
1621230833000;14120201;1.21283;1.21289;1.21286;0;T;True;1
1621230834000;14120202;1.21283;1.21289;1.21286;0;T;True;1
1621230835000;14120203;1.21283;1.21289;1.21286;0;T;True;1
1621230836000;14120204;1.21283;1.21289;1.21286;0;T;True;1
1621230837000;14120205;1.21283;1.21289;1.21286;0;T;True;1
1621230838000;14120206;1.21283;1.21289;1.21286;0;T;True;1
1621230839000;14120207;1.21283;1.21289;1.21286;0;T;True;1
1621230840000;14120208;1.21283;1.21289;1.21286;0;T;True;1
1621230841000;14120209;1.21283;1.21289;1.21286;0;T;True;1
1621230842000;14120210;1.21283;1.21289;1.21286;0;T;True;1
1621230843000;14120211;1.21283;1.21289;1.21286;0;T;True;1
1621230844000;14120212;1.21283;1.21289;1.21286;0;T;True;1
1621230845000;14120214;1.21282;1.21288;1.21285;1;T;True;1
1621230846000;14120215;1.21282;1.21288;1.21285;0;T;True;1
1621230847000;14120216;1.21282;1.21288;1.21285;0;T;True;1
1621230848000;14120217;1.21282;1.21288;1.21285;0;T;True;1
1621230849000;14120218;1.21282;1.21288;1.21285;0;T;True;1
1621230850000;14120219;1.21282;1.21288;1.21285;0;T;True;1
1621230851000;14120220;1.21282;1.21288;1.21285;0;T;True;1
1621230852000;14120221;1.21282;1.21288;1.21285;0;T;True;1
1621230853000;14120222;1.21282;1.21288;1.21285;0;T;True;1
1621230854000;14120223;1.21282;1.21288;1.21285;0;T;True;1
1621230855000;14120226;1.21278;1.21284;1.21281;2;T;True;1
1621230856000;14120227;1.21278;1.21284;1.21281;0;T;True;1
1621230857000;14120229;1.21278;1.21284;1.21281;1;T;True;1
1621230858000;14120230;1.21278;1.21284;1.21281;0;T;True;1
1621230859000;14120233;1.2128;1.21286;1.21283;2;T;True;1
1621230860000;14120234;1.2128;1.21286;1.21283;0;T;True;1
1621230861000;14120235;1.2128;1.21286;1.21283;0;T;True;1
1621230862000;14120236;1.2128;1.21286;1.21283;0;T;True;1
1621230863000;14120239;1.2128;1.21286;1.21283;2;T;True;1
1621230864000;14120241;1.21279;1.21285;1.21282;1;T;True;1
1621230865000;14120242;1.21279;1.21285;1.21282;0;T;True;1
1621230866000;14120243;1.21279;1.21285;1.21282;0;T;True;1
1621230867000;14120244;1.21279;1.21285;1.21282;0;T;True;1
1621230868000;14120245;1.21279;1.21285;1.21282;0;T;True;1
1621230869000;14120246;1.21279;1.21285;1.21282;0;T;True;1
1621230870000;14120248;1.2128;1.21286;1.21283;1;T;True;1
1621230871000;14120249;1.2128;1.21286;1.21283;0;T;True;1
1621230872000;14120252;1.2128;1.21286;1.21283;2;T;True;1
1621230873000;14120254;1.2128;1.21286;1.21283;1;T;True;1
1621230874000;14120259;1.21279;1.21285;1.21282;4;T;True;1
1621230875000;14120261;1.21279;1.21285;1.21282;1;T;True;1
1621230876000;14120265;1.21278;1.21284;1.21281;3;T;True;1
1621230877000;14120267;1.21278;1.21284;1.21281;1;T;True;1
1621230878000;14120268;1.21278;1.21284;1.21281;0;T;True;1
1621230879000;14120275;1.21274;1.2128;1.21277;6;T;True;1
1621230880000;14120277;1.21274;1.2128;1.21277;1;T;True;1
1621230881000;14120278;1.21274;1.2128;1.21277;0;T;True;1
1621230882000;14120280;1.21275;1.21281;1.21278;1;T;True;1
1621230883000;14120283;1.21274;1.2128;1.21277;2;T;True;1
1621230884000;14120284;1.21274;1.2128;1.21277;0;T;True;1
1621230885000;14120285;1.21274;1.2128;1.21277;0;T;True;1
1621230886000;14120290;1.21272;1.21278;1.21275;4;T;True;1
1621230887000;14120293;1.21272;1.21278;1.21275;2;T;True;1
1621230888000;14120296;1.21272;1.21278;1.21275;2;T;True;1
1621230889000;14120298;1.21272;1.21278;1.21275;1;T;True;1
1621230890000;14120300;1.21271;1.21277;1.21274;1;T;True;1
1621230891000;14120301;1.21271;1.21277;1.21274;0;T;True;1
1621230892000;14120302;1.21271;1.21277;1.21274;0;T;True;1
1621230893000;14120303;1.21271;1.21277;1.21274;0;T;True;1
1621230894000;14120304;1.21271;1.21277;1.21274;0;T;True;1
1621230895000;14120309;1.21273;1.21279;1.21276;4;T;True;1
1621230896000;14120310;1.21273;1.21279;1.21276;0;T;True;1
1621230897000;14120311;1.21273;1.21279;1.21276;0;T;True;1
1621230898000;14120314;1.21274;1.2128;1.21277;2;T;True;1
1621230899000;14120318;1.21274;1.2128;1.21277;3;T;True;1
1621230900000;14120322;1.21273;1.21279;1.21276;3;T;True;1
1621230901000;14120326;1.21275;1.21281;1.21278;3;T;True;1
1621230902000;14120327;1.21275;1.21281;1.21278;0;T;True;1
1621230903000;14120328;1.21275;1.21281;1.21278;0;T;True;1
1621230904000;14120329;1.21275;1.21281;1.21278;0;T;True;1
1621230905000;14120330;1.21275;1.21281;1.21278;0;T;True;1
1621230906000;14120331;1.21275;1.21281;1.21278;0;T;True;1
1621230907000;14120332;1.21275;1.21281;1.21278;0;T;True;1
1621230908000;14120333;1.21275;1.21281;1.21278;0;T;True;1
1621230909000;14120334;1.21275;1.21281;1.21278;0;T;True;1
1621230910000;14120336;1.21274;1.2128;1.21277;1;T;True;1
1621230911000;14120337;1.21274;1.2128;1.21277;0;T;True;1
1621230912000;14120338;1.21274;1.2128;1.21277;0;T;True;1
1621230913000;14120340;1.21274;1.2128;1.21277;1;T;True;1
1621230914000;14120341;1.21274;1.2128;1.21277;0;T;True;1
1621230915000;14120342;1.21274;1.2128;1.21277;0;T;True;1
1621230916000;14120345;1.21274;1.2128;1.21277;2;T;True;1
1621230917000;14120347;1.21274;1.2128;1.21277;1;T;True;1
1621230918000;14120351;1.21274;1.2128;1.21277;3;T;True;1
1621230919000;14120354;1.21272;1.21278;1.21275;2;T;True;1
1621230920000;14120355;1.21272;1.21278;1.21275;0;T;True;1
1621230921000;14120356;1.21272;1.21278;1.21275;0;T;True;1
1621230922000;14120359;1.21273;1.21279;1.21276;2;T;True;1
1621230923000;14120361;1.21273;1.21279;1.21276;1;T;True;1
1621230924000;14120366;1.21272;1.21278;1.21275;4;T;True;1
1621230925000;14120367;1.21272;1.21278;1.21275;0;T;True;1
1621230926000;14120368;1.21272;1.21278;1.21275;0;T;True;1
1621230927000;14120370;1.21272;1.21278;1.21275;1;T;True;1
1621230928000;14120374;1.2127;1.21276;1.21273;3;T;True;1
1621230929000;14120375;1.2127;1.21276;1.21273;0;T;True;1
1621230930000;14120380;1.21271;1.21277;1.21274;4;T;True;1
1621230931000;14120385;1.21271;1.21277;1.21274;4;T;True;1
1621230932000;14120387;1.21271;1.21277;1.21274;1;T;True;1
1621230933000;14120389;1.21272;1.21278;1.21275;1;T;True;1
1621230934000;14120390;1.21272;1.21278;1.21275;0;T;True;1
1621230935000;14120391;1.21272;1.21278;1.21275;0;T;True;1
1621230936000;14120392;1.21272;1.21278;1.21275;0;T;True;1
1621230937000;14120393;1.21272;1.21278;1.21275;0;T;True;1
1621230938000;14120394;1.21272;1.21278;1.21275;0;T;True;1
1621230939000;14120395;1.21272;1.21278;1.21275;0;T;True;1
1621230940000;14120396;1.21272;1.21278;1.21275;0;T;True;1
1621230941000;14120397;1.21272;1.21278;1.21275;0;T;True;1
1621230942000;14120398;1.21272;1.21278;1.21275;0;T;True;1
1621230943000;14120399;1.21272;1.21278;1.21275;0;T;True;1
1621230944000;14120400;1.21272;1.21278;1.21275;0;T;True;1
1621230945000;14120401;1.21272;1.21278;1.21275;0;T;True;1
1621230946000;14120402;1.21272;1.21278;1.21275;0;T;True;1
1621230947000;14120403;1.21272;1.21278;1.21275;0;T;True;1
1621230948000;14120404;1.21272;1.21278;1.21275;0;T;True;1
1621230949000;14120407;1.21272;1.21278;1.21275;2;T;True;1
1621230950000;14120412;1.21272;1.21278;1.21275;4;T;True;1
1621230951000;14120414;1.21272;1.21278;1.21275;1;T;True;1
1621230952000;14120415;1.21272;1.21278;1.21275;0;T;True;1
1621230953000;14120416;1.21272;1.21278;1.21275;0;T;True;1
1621230954000;14120417;1.21272;1.21278;1.21275;0;T;True;1
1621230955000;14120418;1.21272;1.21278;1.21275;0;T;True;1
1621230956000;14120419;1.21272;1.21278;1.21275;0;T;True;1
1621230957000;14120420;1.21272;1.21278;1.21275;0;T;True;1
1621230958000;14120422;1.21272;1.21278;1.21275;1;T;True;1
1621230959000;14120425;1.21273;1.21279;1.21276;2;T;True;1
1621230960000;14120426;1.21273;1.21279;1.21276;0;T;True;1
1621230961000;14120430;1.21272;1.21278;1.21275;3;T;True;1
1621230962000;14120434;1.21272;1.21278;1.21275;3;T;True;1
1621230963000;14120437;1.2127;1.21276;1.21273;2;T;True;1
1621230964000;14120439;1.2127;1.21276;1.21273;1;T;True;1
1621230965000;14120442;1.21269;1.21275;1.21272;2;T;True;1
1621230966000;14120443;1.21269;1.21275;1.21272;0;T;True;1
1621230967000;14120444;1.21269;1.21275;1.21272;0;T;True;1
1621230968000;14120445;1.21269;1.21275;1.21272;0;T;True;1
1621230969000;14120447;1.21269;1.21275;1.21272;1;T;True;1
1621230970000;14120448;1.21269;1.21275;1.21272;0;T;True;1
1621230971000;14120449;1.21269;1.21275;1.21272;0;T;True;1
1621230972000;14120451;1.2127;1.21276;1.21273;1;T;True;1
1621230973000;14120455;1.21269;1.21275;1.21272;3;T;True;1
1621230974000;14120456;1.21269;1.21275;1.21272;0;T;True;1
1621230975000;14120457;1.21269;1.21275;1.21272;0;T;True;1
1621230976000;14120458;1.21269;1.21275;1.21272;0;T;True;1
1621230977000;14120459;1.21269;1.21275;1.21272;0;T;True;1
1621230978000;14120460;1.21269;1.21275;1.21272;0;T;True;1
1621230979000;14120461;1.21269;1.21275;1.21272;0;T;True;1
1621230980000;14120462;1.21269;1.21275;1.21272;0;T;True;1
1621230981000;14120463;1.21269;1.21275;1.21272;0;T;True;1
1621230982000;14120465;1.21269;1.21275;1.21272;1;T;True;1
1621230983000;14120467;1.2127;1.21276;1.21273;1;T;True;1
1621230984000;14120468;1.2127;1.21276;1.21273;0;T;True;1
1621230985000;14120469;1.2127;1.21276;1.21273;0;T;True;1
1621230986000;14120470;1.2127;1.21276;1.21273;0;T;True;1
1621230987000;14120471;1.2127;1.21276;1.21273;0;T;True;1
1621230988000;14120472;1.2127;1.21276;1.21273;0;T;True;1
1621230989000;14120473;1.2127;1.21276;1.21273;0;T;True;1
1621230990000;14120474;1.2127;1.21276;1.21273;0;T;True;1
1621230991000;14120475;1.2127;1.21276;1.21273;0;T;True;1
1621230992000;14120476;1.2127;1.21276;1.21273;0;T;True;1
1621230993000;14120477;1.2127;1.21276;1.21273;0;T;True;1
1621230994000;14120478;1.2127;1.21276;1.21273;0;T;True;1
