ts;n;bid;ask;value;volume;phase;round;active_id
1621254462000;14182370;1.21372;1.21378;1.21375;1;T;True;1
1621254463000;14182371;1.21372;1.21378;1.21375;0;T;True;1
1621254464000;14182375;1.21368;1.21374;1.21371;3;T;True;1
1621254465000;14182376;1.21368;1.21374;1.21371;0;T;True;1
1621254466000;14182385;1.21374;1.2138;1.21377;8;T;True;1
1621254467000;14182388;1.21376;1.21382;1.21379;2;T;True;1
1621254468000;14182390;1.21376;1.21382;1.21379;1;T;True;1
1621254469000;14182391;1.21376;1.21382;1.21379;0;T;True;1
1621254470000;14182394;1.21379;1.21385;1.21382;2;T;True;1
1621254471000;14182396;1.2138;1.21386;1.21383;1;T;True;1
1621254472000;14182401;1.21374;1.2138;1.21377;4;T;True;1
1621254473000;14182407;1.21373;1.21379;1.21376;5;T;True;1
1621254474000;14182410;1.21372;1.21378;1.21375;2;T;True;1
1621254475000;14182411;1.21372;1.21378;1.21375;0;T;True;1
1621254476000;14182414;1.21371;1.21377;1.21374;2;T;True;1
1621254477000;14182420;1.21376;1.21382;1.21379;5;T;True;1
1621254478000;14182424;1.21376;1.21382;1.21379;3;T;True;1
1621254479000;14182425;1.21376;1.21382;1.21379;0;T;True;1
1621254480000;14182426;1.21376;1.21382;1.21379;0;T;True;1
1621254481000;14182427;1.21376;1.21382;1.21379;0;T;True;1
1621254482000;14182430;1.21375;1.21381;1.21378;2;T;True;1
1621254483000;14182432;1.21375;1.21381;1.21378;1;T;True;1
1621254484000;14182437;1.21376;1.21382;1.21379;4;T;True;1
1621254485000;14182438;1.21376;1.21382;1.21379;0;T;True;1
1621254486000;14182444;1.21374;1.2138;1.21377;5;T;True;1
1621254487000;14182449;1.21378;1.21384;1.21381;4;T;True;1
1621254488000;14182455;1.21382;1.21388;1.21385;5;T;True;1
1621254489000;14182458;1.21382;1.21388;1.21385;2;T;True;1
1621254490000;14182461;1.2138;1.21386;1.21383;2;T;True;1
1621254491000;14182462;1.2138;1.21386;1.21383;0;T;True;1
1621254492000;14182465;1.2138;1.21386;1.21383;2;T;True;1
1621254493000;14182466;1.2138;1.21386;1.21383;0;T;True;1
1621254494000;14182467;1.2138;1.21386;1.21383;0;T;True;1
1621254495000;14182468;1.2138;1.21386;1.21383;0;T;True;1
1621254496000;14182475;1.2138;1.21386;1.21383;6;T;True;1
1621254497000;14182478;1.2138;1.21386;1.21383;2;T;True;1
1621254498000;14182482;1.21378;1.21384;1.21381;3;T;True;1
1621254499000;14182489;1.2138;1.21386;1.21383;6;T;True;1
1621254500000;14182500;1.21374;1.2138;1.21377;10;T;True;1
1621254501000;14182504;1.21372;1.21378;1.21375;3;T;True;1
1621254502000;14182505;1.21372;1.21378;1.21375;0;T;True;1
1621254503000;14182515;1.21373;1.21379;1.21376;9;T;True;1
1621254504000;14182517;1.21374;1.2138;1.21377;1;T;True;1
1621254505000;14182519;1.21374;1.2138;1.21377;1;T;True;1
1621254506000;14182520;1.21374;1.2138;1.21377;0;T;True;1
1621254507000;14182523;1.21372;1.21378;1.21375;2;T;True;1
1621254508000;14182524;1.21372;1.21378;1.21375;0;T;True;1
1621254509000;14182525;1.21372;1.21378;1.21375;0;T;True;1
1621254510000;14182526;1.21372;1.21378;1.21375;0;T;True;1
1621254511000;14182527;1.21372;1.21378;1.21375;0;T;True;1
1621254512000;14182530;1.21374;1.2138;1.21377;2;T;True;1
1621254513000;14182531;1.21374;1.2138;1.21377;0;T;True;1
1621254514000;14182532;1.21374;1.2138;1.21377;0;T;True;1
1621254515000;14182534;1.21372;1.21378;1.21375;1;T;True;1
1621254516000;14182543;1.21369;1.21375;1.21372;8;T;True;1
1621254517000;14182545;1.21369;1.21375;1.21372;1;T;True;1
1621254518000;14182547;1.2137;1.21376;1.21373;1;T;True;1
1621254519000;14182548;1.2137;1.21376;1.21373;0;T;True;1
1621254520000;14182549;1.2137;1.21376;1.21373;0;T;True;1
1621254521000;14182553;1.21369;1.21375;1.21372;3;T;True;1
1621254522000;14182555;1.2137;1.21376;1.21373;1;T;True;1
1621254523000;14182557;1.2137;1.21376;1.21373;1;T;True;1
1621254524000;14182565;1.21375;1.21381;1.21378;7;T;True;1
1621254525000;14182575;1.21378;1.21384;1.21381;9;T;True;1
1621254526000;14182578;1.21378;1.21384;1.21381;2;T;True;1
1621254527000;14182579;1.21378;1.21384;1.21381;0;T;True;1
1621254528000;14182585;1.2138;1.21386;1.21383;5;T;True;1
1621254529000;14182588;1.2138;1.21386;1.21383;2;T;True;1
1621254530000;14182592;1.21378;1.21384;1.21381;3;T;True;1
1621254531000;14182595;1.21377;1.21383;1.2138;2;T;True;1
1621254532000;14182596;1.21377;1.21383;1.2138;0;T;True;1
1621254533000;14182601;1.21376;1.21382;1.21379;4;T;True;1
1621254534000;14182602;1.21376;1.21382;1.21379;0;T;True;1
1621254535000;14182605;1.21377;1.21383;1.2138;2;T;True;1
1621254536000;14182610;1.21378;1.21384;1.21381;4;T;True;1
1621254537000;14182611;1.21378;1.21384;1.21381;0;T;True;1
1621254538000;14182616;1.21378;1.21384;1.21381;4;T;True;1
1621254539000;14182617;1.21378;1.21384;1.21381;0;T;True;1
1621254540000;14182618;1.21378;1.21384;1.21381;0;T;True;1
1621254541000;14182626;1.21374;1.2138;1.21377;7;T;True;1
1621254542000;14182627;1.21374;1.2138;1.21377;0;T;True;1
1621254543000;14182631;1.21374;1.2138;1.21377;3;T;True;1
1621254544000;14182635;1.21374;1.2138;1.21377;3;T;True;1
1621254545000;14182636;1.21374;1.2138;1.21377;0;T;True;1
1621254546000;14182637;1.21374;1.2138;1.21377;0;T;True;1
1621254547000;14182638;1.21374;1.2138;1.21377;0;T;True;1
1621254548000;14182642;1.21374;1.2138;1.21377;3;T;True;1
1621254549000;14182645;1.21375;1.21381;1.21378;2;T;True;1
1621254550000;14182647;1.21375;1.21381;1.21378;1;T;True;1
1621254551000;14182650;1.21376;1.21382;1.21379;2;T;True;1
1621254552000;14182651;1.21376;1.21382;1.21379;0;T;True;1
1621254553000;14182655;1.21377;1.21383;1.2138;3;T;True;1
1621254554000;14182657;1.21377;1.21383;1.2138;1;T;True;1
1621254555000;14182660;1.21377;1.21383;1.2138;2;T;True;1
1621254556000;14182664;1.21377;1.21383;1.2138;3;T;True;1
1621254557000;14182665;1.21377;1.21383;1.2138;0;T;True;1
1621254558000;14182666;1.21377;1.21383;1.2138;0;T;True;1
1621254559000;14182668;1.21377;1.21383;1.2138;1;T;True;1
1621254560000;14182672;1.21377;1.21383;1.2138;3;T;True;1
1621254561000;14182678;1.21385;1.21391;1.21388;5;T;True;1
1621254562000;14182695;1.21373;1.21379;1.21376;16;T;True;1
1621254563000;14182699;1.21372;1.21378;1.21375;3;T;True;1
1621254564000;14182700;1.21372;1.21378;1.21375;0;T;True;1
1621254565000;14182701;1.21372;1.21378;1.21375;0;T;True;1
1621254566000;14182703;1.21372;1.21378;1.21375;1;T;True;1
1621254567000;14182704;1.21372;1.21378;1.21375;0;T;True;1
1621254568000;14182707;1.21372;1.21378;1.21375;2;T;True;1
1621254569000;14182708;1.21372;1.21378;1.21375;0;T;True;1
1621254570000;14182710;1.21372;1.21378;1.21375;1;T;True;1
1621254571000;14182715;1.21373;1.21379;1.21376;4;T;True;1
1621254572000;14182717;1.21372;1.21378;1.21375;1;T;True;1
1621254573000;14182718;1.21372;1.21378;1.21375;0;T;True;1
1621254574000;14182720;1.21372;1.21378;1.21375;1;T;True;1
1621254575000;14182722;1.21371;1.21377;1.21374;1;T;True;1
1621254576000;14182724;1.21371;1.21377;1.21374;1;T;True;1
1621254577000;14182725;1.21371;1.21377;1.21374;0;T;True;1
1621254578000;14182727;1.21371;1.21377;1.21374;1;T;True;1
1621254579000;14182728;1.21371;1.21377;1.21374;0;T;True;1
1621254580000;14182729;1.21371;1.21377;1.21374;0;T;True;1
1621254581000;14182731;1.21372;1.21378;1.21375;1;T;True;1
1621254582000;14182733;1.21372;1.21378;1.21375;1;T;True;1
1621254583000;14182735;1.21373;1.21379;1.21376;1;T;True;1
1621254584000;14182737;1.21374;1.2138;1.21377;1;T;True;1
1621254585000;14182739;1.21372;1.21378;1.21375;1;T;True;1
1621254586000;14182740;1.21372;1.21378;1.21375;0;T;True;1
1621254587000;14182742;1.21373;1.21379;1.21376;1;T;True;1
1621254588000;14182743;1.21373;1.21379;1.21376;0;T;True;1
1621254589000;14182752;1.21372;1.21378;1.21375;8;T;True;1
1621254590000;14182757;1.21374;1.2138;1.21377;4;T;True;1
1621254591000;14182760;1.21374;1.2138;1.21377;2;T;True;1
1621254592000;14182761;1.21374;1.2138;1.21377;0;T;True;1
1621254593000;14182763;1.21373;1.21379;1.21376;1;T;True;1
1621254594000;14182764;1.21373;1.21379;1.21376;0;T;True;1
1621254595000;14182765;1.21373;1.21379;1.21376;0;T;True;1
1621254596000;14182767;1.21374;1.2138;1.21377;1;T;True;1
1621254597000;14182769;1.21374;1.2138;1.21377;1;T;True;1
1621254598000;14182770;1.21374;1.2138;1.21377;0;T;True;1
1621254599000;14182771;1.21374;1.2138;1.21377;0;T;True;1
1621254600000;14182772;1.21374;1.2138;1.21377;0;T;True;1
1621254601000;14182783;1.21374;1.2138;1.21377;10;T;True;1
1621254602000;14182790;1.21372;1.21378;1.21375;6;T;True;1
1621254603000;14182794;1.21373;1.21379;1.21376;3;T;True;1
1621254604000;14182795;1.21373;1.21379;1.21376;0;T;True;1
1621254605000;14182796;1.21373;1.21379;1.21376;0;T;True;1
1621254606000;14182800;1.21372;1.21378;1.21375;3;T;True;1
1621254607000;14182804;1.21372;1.21378;1.21375;3;T;True;1
1621254608000;14182805;1.21372;1.21378;1.21375;0;T;True;1
1621254609000;14182809;1.21374;1.2138;1.21377;3;T;True;1
1621254610000;14182810;1.21374;1.2138;1.21377;0;T;True;1
1621254611000;14182811;1.21374;1.2138;1.21377;0;T;True;1
1621254612000;14182813;1.21375;1.21381;1.21378;1;T;True;1
1621254613000;14182814;1.21375;1.21381;1.21378;0;T;True;1
1621254614000;14182815;1.21375;1.21381;1.21378;0;T;True;1
1621254615000;14182816;1.21375;1.21381;1.21378;0;T;True;1
1621254616000;14182823;1.21376;1.21382;1.21379;6;T;True;1
1621254617000;14182833;1.21378;1.21384;1.21381;9;T;True;1
1621254618000;14182834;1.21378;1.21384;1.21381;0;T;True;1
1621254619000;14182842;1.21386;1.21392;1.21389;7;T;True;1
1621254620000;14182843;1.21386;1.21392;1.21389;0;T;True;1
1621254621000;14182844;1.21386;1.21392;1.21389;0;T;True;1
1621254622000;14182846;1.21384;1.2139;1.21387;1;T;True;1
1621254623000;14182852;1.21387;1.21393;1.2139;5;T;True;1
1621254624000;14182853;1.21387;1.21393;1.2139;0;T;True;1
1621254625000;14182856;1.21388;1.21394;1.21391;2;T;True;1
1621254626000;14182858;1.21388;1.21394;1.21391;1;T;True;1
1621254627000;14182862;1.2139;1.21396;1.21393;3;T;True;1
1621254628000;14182863;1.2139;1.21396;1.21393;0;T;True;1
1621254629000;14182864;1.2139;1.21396;1.21393;0;T;True;1
1621254630000;14182866;1.21388;1.21394;1.21391;1;T;True;1
1621254631000;14182867;1.21388;1.21394;1.21391;0;T;True;1
1621254632000;14182868;1.21388;1.21394;1.21391;0;T;True;1
1621254633000;14182872;1.21386;1.21392;1.21389;3;T;True;1
1621254634000;14182874;1.21386;1.21392;1.21389;1;T;True;1
1621254635000;14182878;1.21386;1.21392;1.21389;3;T;True;1
1621254636000;14182879;1.21386;1.21392;1.21389;0;T;True;1
1621254637000;14182882;1.21386;1.21392;1.21389;2;T;True;1
1621254638000;14182883;1.21386;1.21392;1.21389;0;T;True;1
1621254639000;14182884;1.21386;1.21392;1.21389;0;T;True;1
1621254640000;14182886;1.21386;1.21392;1.21389;1;T;True;1
1621254641000;14182888;1.21386;1.21392;1.21389;1;T;True;1
1621254642000;14182889;1.21386;1.21392;1.21389;0;T;True;1
1621254643000;14182891;1.21385;1.21391;1.21388;1;T;True;1
1621254644000;14182893;1.21384;1.2139;1.21387;1;T;True;1
1621254645000;14182895;1.21384;1.2139;1.21387;1;T;True;1
1621254646000;14182898;1.21384;1.2139;1.21387;2;T;True;1
1621254647000;14182902;1.21386;1.21392;1.21389;3;T;True;1
1621254648000;14182905;1.21386;1.21392;1.21389;2;T;True;1
1621254649000;14182906;1.21386;1.21392;1.21389;0;T;True;1
1621254650000;14182908;1.21386;1.21392;1.21389;1;T;True;1
1621254651000;14182911;1.21386;1.21392;1.21389;2;T;True;1
1621254652000;14182914;1.2139;1.21396;1.21393;2;T;True;1
1621254653000;14182918;1.21388;1.21394;1.21391;3;T;True;1
1621254654000;14182920;1.21388;1.21394;1.21391;1;T;True;1
1621254655000;14182923;1.21389;1.21395;1.21392;2;T;True;1
1621254656000;14182927;1.21389;1.21395;1.21392;3;T;True;1
1621254657000;14182930;1.2139;1.21396;1.21393;2;T;True;1
1621254658000;14182934;1.21388;1.21394;1.21391;3;T;True;1
1621254659000;14182935;1.21388;1.21394;1.21391;0;T;True;1
1621254660000;14182937;1.21388;1.21394;1.21391;1;T;True;1
1621254661000;14182941;1.21388;1.21394;1.21391;3;T;True;1
1621254662000;14182944;1.21388;1.21394;1.21391;2;T;True;1
1621254663000;14182950;1.21389;1.21395;1.21392;5;T;True;1
1621254664000;14182951;1.21389;1.21395;1.21392;0;T;True;1
1621254665000;14182954;1.2139;1.21396;1.21393;2;T;True;1
1621254666000;14182955;1.2139;1.21396;1.21393;0;T;True;1
1621254667000;14182956;1.2139;1.21396;1.21393;0;T;True;1
1621254668000;14182957;1.2139;1.21396;1.21393;0;T;True;1
1621254669000;14182958;1.2139;1.21396;1.21393;0;T;True;1
1621254670000;14182959;1.2139;1.21396;1.21393;0;T;True;1
1621254671000;14182966;1.21396;1.21402;1.21399;6;T;True;1
1621254672000;14182967;1.21396;1.21402;1.21399;0;T;True;1
1621254673000;14182972;1.21396;1.21402;1.21399;4;T;True;1
1621254674000;14182974;1.21396;1.21402;1.21399;1;T;True;1
1621254675000;14182975;1.21396;1.21402;1.21399;0;T;True;1
1621254676000;14182978;1.21395;1.21401;1.21398;2;T;True;1
1621254677000;14182980;1.21394;1.214;1.21397;1;T;True;1
1621254678000;14182988;1.21392;1.21398;1.21395;7;T;True;1
1621254679000;14182992;1.21393;1.21399;1.21396;3;T;True;1
1621254680000;14182994;1.21393;1.21399;1.21396;1;T;True;1
1621254681000;14182997;1.21394;1.214;1.21397;2;T;True;1
1621254682000;14182998;1.21394;1.214;1.21397;0;T;True;1
1621254683000;14183000;1.21394;1.214;1.21397;1;T;True;1
1621254684000;14183011;1.21396;1.21402;1.21399;10;T;True;1
1621254685000;14183012;1.21396;1.21402;1.21399;0;T;True;1
1621254686000;14183013;1.21396;1.21402;1.21399;0;T;True;1
1621254687000;14183015;1.21396;1.21402;1.21399;1;T;True;1
1621254688000;14183016;1.21396;1.21402;1.21399;0;T;True;1
1621254689000;14183017;1.21396;1.21402;1.21399;0;T;True;1
1621254690000;14183020;1.21396;1.21402;1.21399;2;T;True;1
1621254691000;14183024;1.21394;1.214;1.21397;3;T;True;1
1621254692000;14183026;1.21394;1.214;1.21397;1;T;True;1
1621254693000;14183028;1.21395;1.21401;1.21398;1;T;True;1
1621254694000;14183040;1.21397;1.21403;1.214;11;T;True;1
1621254695000;14183046;1.21396;1.21402;1.21399;5;T;True;1
1621254696000;14183050;1.21398;1.21404;1.21401;3;T;True;1
1621254697000;14183058;1.214;1.21406;1.21403;7;T;True;1
1621254698000;14183063;1.214;1.21406;1.21403;4;T;True;1
1621254699000;14183073;1.21404;1.2141;1.21407;9;T;True;1
1621254700000;14183086;1.2141;1.21416;1.21413;12;T;True;1
1621254701000;14183090;1.2141;1.21416;1.21413;3;T;True;1
1621254702000;14183094;1.21408;1.21414;1.21411;3;T;True;1
1621254703000;14183096;1.21408;1.21414;1.21411;1;T;True;1
1621254704000;14183099;1.21408;1.21414;1.21411;2;T;True;1
1621254705000;14183107;1.2141;1.21416;1.21413;7;T;True;1
1621254706000;14183108;1.2141;1.21416;1.21413;0;T;True;1
1621254707000;14183111;1.2141;1.21416;1.21413;2;T;True;1
1621254708000;14183112;1.2141;1.21416;1.21413;0;T;True;1
1621254709000;14183122;1.21412;1.21418;1.21415;9;T;True;1
1621254710000;14183124;1.21412;1.21418;1.21415;1;T;True;1
1621254711000;14183128;1.2141;1.21416;1.21413;3;T;True;1
1621254712000;14183133;1.2141;1.21416;1.21413;4;T;True;1
1621254713000;14183134;1.2141;1.21416;1.21413;0;T;True;1
1621254714000;14183137;1.21409;1.21415;1.21412;2;T;True;1
1621254715000;14183146;1.21414;1.2142;1.21417;8;T;True;1
1621254716000;14183147;1.21414;1.2142;1.21417;0;T;True;1
1621254717000;14183148;1.21414;1.2142;1.21417;0;T;True;1
1621254718000;14183149;1.21414;1.2142;1.21417;0;T;True;1
1621254719000;14183150;1.21414;1.2142;1.21417;0;T;True;1
1621254720000;14183153;1.21414;1.2142;1.21417;2;T;True;1
1621254721000;14183156;1.21414;1.2142;1.21417;2;T;True;1
1621254722000;14183159;1.21412;1.21418;1.21415;2;T;True;1
1621254723000;14183162;1.21414;1.2142;1.21417;2;T;True;1
1621254724000;14183166;1.21416;1.21422;1.21419;3;T;True;1
1621254725000;14183170;1.21414;1.2142;1.21417;3;T;True;1
1621254726000;14183177;1.21413;1.21419;1.21416;6;T;True;1
1621254727000;14183180;1.21412;1.21418;1.21415;2;T;True;1
1621254728000;14183182;1.21412;1.21418;1.21415;1;T;True;1
1621254729000;14183184;1.21412;1.21418;1.21415;1;T;True;1
1621254730000;14183189;1.2141;1.21416;1.21413;4;T;True;1
1621254731000;14183192;1.21412;1.21418;1.21415;2;T;True;1
1621254732000;14183193;1.21412;1.21418;1.21415;0;T;True;1
1621254733000;14183197;1.21413;1.21419;1.21416;3;T;True;1
1621254734000;14183199;1.21412;1.21418;1.21415;1;T;True;1
1621254735000;14183200;1.21412;1.21418;1.21415;0;T;True;1
1621254736000;14183201;1.21412;1.21418;1.21415;0;T;True;1
1621254737000;14183204;1.21412;1.21418;1.21415;2;T;True;1
1621254738000;14183208;1.2141;1.21416;1.21413;3;T;True;1
1621254739000;14183209;1.2141;1.21416;1.21413;0;T;True;1
1621254740000;14183212;1.21409;1.21415;1.21412;2;T;True;1
1621254741000;14183223;1.21403;1.21409;1.21406;10;T;True;1
1621254742000;14183226;1.21402;1.21408;1.21405;2;T;True;1
1621254743000;14183230;1.21401;1.21407;1.21404;3;T;True;1
1621254744000;14183231;1.21401;1.21407;1.21404;0;T;True;1
1621254745000;14183232;1.21401;1.21407;1.21404;0;T;True;1
1621254746000;14183233;1.21401;1.21407;1.21404;0;T;True;1
1621254747000;14183245;1.21406;1.21412;1.21409;11;T;True;1
1621254748000;14183246;1.21406;1.21412;1.21409;0;T;True;1
1621254749000;14183247;1.21406;1.21412;1.21409;0;T;True;1
1621254750000;14183257;1.21404;1.2141;1.21407;9;T;True;1
1621254751000;14183264;1.21404;1.2141;1.21407;6;T;True;1
1621254752000;14183265;1.21404;1.2141;1.21407;0;T;True;1
1621254753000;14183270;1.21406;1.21412;1.21409;4;T;True;1
1621254754000;14183274;1.21408;1.21414;1.21411;3;T;True;1
1621254755000;14183277;1.21408;1.21414;1.21411;2;T;True;1
1621254756000;14183279;1.21408;1.21414;1.21411;1;T;True;1
1621254757000;14183280;1.21408;1.21414;1.21411;0;T;True;1
1621254758000;14183282;1.21407;1.21413;1.2141;1;T;True;1
1621254759000;14183283;1.21407;1.21413;1.2141;0;T;True;1
1621254760000;14183286;1.21407;1.21413;1.2141;2;T;True;1
1621254761000;14183295;1.21404;1.2141;1.21407;8;T;True;1
1621254762000;14183298;1.21405;1.21411;1.21408;2;T;True;1
1621254763000;14183300;1.21406;1.21412;1.21409;1;T;True;1
1621254764000;14183305;1.21406;1.21412;1.21409;4;T;True;1
1621254765000;14183307;1.21406;1.21412;1.21409;1;T;True;1
1621254766000;14183310;1.21407;1.21413;1.2141;2;T;True;1
1621254767000;14183313;1.21406;1.21412;1.21409;2;T;True;1
1621254768000;14183321;1.21407;1.21413;1.2141;7;T;True;1
1621254769000;14183324;1.21407;1.21413;1.2141;2;T;True;1
1621254770000;14183325;1.21407;1.21413;1.2141;0;T;True;1
1621254771000;14183327;1.21407;1.21413;1.2141;1;T;True;1
1621254772000;14183328;1.21407;1.21413;1.2141;0;T;True;1
1621254773000;14183329;1.21407;1.21413;1.2141;0;T;True;1
1621254774000;14183330;1.21407;1.21413;1.2141;0;T;True;1
1621254775000;14183331;1.21407;1.21413;1.2141;0;T;True;1
1621254776000;14183332;1.21407;1.21413;1.2141;0;T;True;1
1621254777000;14183333;1.21407;1.21413;1.2141;0;T;True;1
1621254778000;14183334;1.21407;1.21413;1.2141;0;T;True;1
1621254779000;14183337;1.21408;1.21414;1.21411;2;T;True;1
1621254780000;14183344;1.21409;1.21415;1.21412;6;T;True;1
1621254781000;14183350;1.21412;1.21418;1.21415;5;T;True;1
1621254782000;14183352;1.21412;1.21418;1.21415;1;T;True;1
1621254783000;14183354;1.21412;1.21418;1.21415;1;T;True;1
1621254784000;14183355;1.21412;1.21418;1.21415;0;T;True;1
1621254785000;14183356;1.21412;1.21418;1.21415;0;T;True;1
1621254786000;14183357;1.21412;1.21418;1.21415;0;T;True;1
1621254787000;14183358;1.21412;1.21418;1.21415;0;T;True;1
1621254788000;14183365;1.21414;1.2142;1.21417;6;T;True;1
1621254789000;14183372;1.21412;1.21418;1.21415;6;T;True;1
1621254790000;14183373;1.21412;1.21418;1.21415;0;T;True;1
1621254791000;14183375;1.21412;1.21418;1.21415;1;T;True;1
1621254792000;14183378;1.21412;1.21418;1.21415;2;T;True;1
1621254793000;14183383;1.21413;1.21419;1.21416;4;T;True;1
1621254794000;14183390;1.21414;1.2142;1.21417;6;T;True;1
1621254795000;14183396;1.21412;1.21418;1.21415;5;T;True;1
1621254796000;14183398;1.21412;1.21418;1.21415;1;T;True;1
1621254797000;14183402;1.21413;1.21419;1.21416;3;T;True;1
1621254798000;14183403;1.21413;1.21419;1.21416;0;T;True;1
1621254799000;14183407;1.21414;1.2142;1.21417;3;T;True;1
1621254800000;14183408;1.21414;1.2142;1.21417;0;T;True;1
1621254801000;14183410;1.21414;1.2142;1.21417;1;T;True;1
1621254802000;14183414;1.21416;1.21422;1.21419;3;T;True;1
1621254803000;14183417;1.21418;1.21424;1.21421;2;T;True;1
1621254804000;14183427;1.21418;1.21424;1.21421;9;T;True;1
1621254805000;14183429;1.21418;1.21424;1.21421;1;T;True;1
1621254806000;14183430;1.21418;1.21424;1.21421;0;T;True;1
1621254807000;14183439;1.21417;1.21423;1.2142;8;T;True;1
1621254808000;14183440;1.21417;1.21423;1.2142;0;T;True;1
1621254809000;14183444;1.2142;1.21426;1.21423;3;T;True;1
1621254810000;14183445;1.2142;1.21426;1.21423;0;T;True;1
1621254811000;14183450;1.21418;1.21424;1.21421;4;T;True;1
1621254812000;14183451;1.21418;1.21424;1.21421;0;T;True;1
1621254813000;14183452;1.21418;1.21424;1.21421;0;T;True;1
1621254814000;14183453;1.21418;1.21424;1.21421;0;T;True;1
1621254815000;14183454;1.21418;1.21424;1.21421;0;T;True;1
1621254816000;14183456;1.21418;1.21424;1.21421;1;T;True;1
1621254817000;14183462;1.21418;1.21424;1.21421;5;T;True;1
1621254818000;14183463;1.21418;1.21424;1.21421;0;T;True;1
1621254819000;14183465;1.21418;1.21424;1.21421;1;T;True;1
1621254820000;14183470;1.21414;1.2142;1.21417;4;T;True;1
1621254821000;14183477;1.21414;1.2142;1.21417;6;T;True;1
1621254822000;14183483;1.21413;1.21419;1.21416;5;T;True;1
1621254823000;14183487;1.21412;1.21418;1.21415;3;T;True;1
1621254824000;14183488;1.21412;1.21418;1.21415;0;T;True;1
1621254825000;14183489;1.21412;1.21418;1.21415;0;T;True;1
1621254826000;14183494;1.21414;1.2142;1.21417;4;T;True;1
1621254827000;14183497;1.21419;1.21425;1.21422;2;T;True;1
1621254828000;14183502;1.21417;1.21423;1.2142;4;T;True;1
1621254829000;14183504;1.21418;1.21424;1.21421;1;T;True;1
1621254830000;14183505;1.21418;1.21424;1.21421;0;T;True;1
1621254831000;14183506;1.21418;1.21424;1.21421;0;T;True;1
1621254832000;14183507;1.21418;1.21424;1.21421;0;T;True;1
1621254833000;14183508;1.21418;1.21424;1.21421;0;T;True;1
1621254834000;14183510;1.21417;1.21423;1.2142;1;T;True;1
1621254835000;14183511;1.21417;1.21423;1.2142;0;T;True;1
1621254836000;14183512;1.21417;1.21423;1.2142;0;T;True;1
1621254837000;14183514;1.21418;1.21424;1.21421;1;T;True;1
1621254838000;14183516;1.21417;1.21423;1.2142;1;T;True;1
1621254839000;14183522;1.21412;1.21418;1.21415;5;T;True;1
1621254840000;14183523;1.21412;1.21418;1.21415;0;T;True;1
1621254841000;14183535;1.21416;1.21422;1.21419;11;T;True;1
1621254842000;14183538;1.21416;1.21422;1.21419;2;T;True;1
1621254843000;14183540;1.21416;1.21422;1.21419;1;T;True;1
1621254844000;14183544;1.21416;1.21422;1.21419;3;T;True;1
1621254845000;14183546;1.21416;1.21422;1.21419;1;T;True;1
1621254846000;14183548;1.21416;1.21422;1.21419;1;T;True;1
1621254847000;14183550;1.21416;1.21422;1.21419;1;T;True;1
1621254848000;14183556;1.21422;1.21428;1.21425;5;T;True;1
1621254849000;14183559;1.21422;1.21428;1.21425;2;T;True;1
1621254850000;14183564;1.21422;1.21428;1.21425;4;T;True;1
1621254851000;14183566;1.21422;1.21428;1.21425;1;T;True;1
1621254852000;14183567;1.21422;1.21428;1.21425;0;T;True;1
1621254853000;14183569;1.21422;1.21428;1.21425;1;T;True;1
1621254854000;14183570;1.21422;1.21428;1.21425;0;T;True;1
1621254855000;14183573;1.21422;1.21428;1.21425;2;T;True;1
1621254856000;14183574;1.21422;1.21428;1.21425;0;T;True;1
1621254857000;14183576;1.21422;1.21428;1.21425;1;T;True;1
1621254858000;14183581;1.21418;1.21424;1.21421;4;T;True;1
1621254859000;14183582;1.21418;1.21424;1.21421;0;T;True;1
1621254860000;14183584;1.21418;1.21424;1.21421;1;T;True;1
1621254861000;14183585;1.21418;1.21424;1.21421;0;T;True;1
1621254862000;14183586;1.21418;1.21424;1.21421;0;T;True;1
1621254863000;14183587;1.21418;1.21424;1.21421;0;T;True;1
1621254864000;14183591;1.21417;1.21423;1.2142;3;T;True;1
1621254865000;14183598;1.21418;1.21424;1.21421;6;T;True;1
1621254866000;14183599;1.21418;1.21424;1.21421;0;T;True;1
1621254867000;14183601;1.21417;1.21423;1.2142;1;T;True;1
1621254868000;14183603;1.21417;1.21423;1.2142;1;T;True;1
1621254869000;14183604;1.21417;1.21423;1.2142;0;T;True;1
1621254870000;14183605;1.21417;1.21423;1.2142;0;T;True;1
1621254871000;14183606;1.21417;1.21423;1.2142;0;T;True;1
1621254872000;14183611;1.2142;1.21426;1.21423;4;T;True;1
1621254873000;14183612;1.2142;1.21426;1.21423;0;T;True;1
1621254874000;14183614;1.2142;1.21426;1.21423;1;T;True;1
1621254875000;14183615;1.2142;1.21426;1.21423;0;T;True;1
1621254876000;14183620;1.21418;1.21424;1.21421;4;T;True;1
1621254877000;14183621;1.21418;1.21424;1.21421;0;T;True;1
1621254878000;14183622;1.21418;1.21424;1.21421;0;T;True;1
1621254879000;14183623;1.21418;1.21424;1.21421;0;T;True;1
1621254880000;14183625;1.21418;1.21424;1.21421;1;T;True;1
1621254881000;14183629;1.21416;1.21422;1.21419;3;T;True;1
1621254882000;14183630;1.21416;1.21422;1.21419;0;T;True;1
1621254883000;14183631;1.21416;1.21422;1.21419;0;T;True;1
1621254884000;14183632;1.21416;1.21422;1.21419;0;T;True;1
1621254885000;14183633;1.21416;1.21422;1.21419;0;T;True;1
1621254886000;14183635;1.21416;1.21422;1.21419;1;T;True;1
1621254887000;14183636;1.21416;1.21422;1.21419;0;T;True;1
1621254888000;14183637;1.21416;1.21422;1.21419;0;T;True;1
1621254889000;14183639;1.21416;1.21422;1.21419;1;T;True;1
1621254890000;14183641;1.21415;1.21421;1.21418;1;T;True;1
1621254891000;14183643;1.21416;1.21422;1.21419;1;T;True;1
1621254892000;14183648;1.21414;1.2142;1.21417;4;T;True;1
1621254893000;14183649;1.21414;1.2142;1.21417;0;T;True;1
1621254894000;14183650;1.21414;1.2142;1.21417;0;T;True;1
1621254895000;14183653;1.21416;1.21422;1.21419;2;T;True;1
1621254896000;14183657;1.21416;1.21422;1.21419;3;T;True;1
1621254897000;14183658;1.21416;1.21422;1.21419;0;T;True;1
1621254898000;14183659;1.21416;1.21422;1.21419;0;T;True;1
1621254899000;14183660;1.21416;1.21422;1.21419;0;T;True;1
1621254900000;14183667;1.21419;1.21425;1.21422;6;T;True;1
1621254901000;14183678;1.21418;1.21424;1.21421;10;T;True;1
1621254902000;14183683;1.21418;1.21424;1.21421;4;T;True;1
1621254903000;14183685;1.2142;1.21426;1.21423;1;T;True;1
1621254904000;14183688;1.21422;1.21428;1.21425;2;T;True;1
1621254905000;14183689;1.21422;1.21428;1.21425;0;T;True;1
1621254906000;14183698;1.21418;1.21424;1.21421;8;T;True;1
1621254907000;14183705;1.21418;1.21424;1.21421;6;T;True;1
1621254908000;14183709;1.21422;1.21428;1.21425;3;T;True;1
1621254909000;14183710;1.21422;1.21428;1.21425;0;T;True;1
1621254910000;14183711;1.21422;1.21428;1.21425;0;T;True;1
1621254911000;14183712;1.21422;1.21428;1.21425;0;T;True;1
1621254912000;14183715;1.21423;1.21429;1.21426;2;T;True;1
1621254913000;14183717;1.21423;1.21429;1.21426;1;T;True;1
1621254914000;14183718;1.21423;1.21429;1.21426;0;T;True;1
1621254915000;14183720;1.21424;1.2143;1.21427;1;T;True;1
1621254916000;14183721;1.21424;1.2143;1.21427;0;T;True;1
1621254917000;14183722;1.21424;1.2143;1.21427;0;T;True;1
1621254918000;14183731;1.21424;1.2143;1.21427;8;T;True;1
1621254919000;14183735;1.21424;1.2143;1.21427;3;T;True;1
1621254920000;14183739;1.21426;1.21432;1.21429;3;T;True;1
1621254921000;14183741;1.21425;1.21431;1.21428;1;T;True;1
1621254922000;14183742;1.21425;1.21431;1.21428;0;T;True;1
1621254923000;14183747;1.21422;1.21428;1.21425;4;T;True;1
1621254924000;14183750;1.21422;1.21428;1.21425;2;T;True;1
1621254925000;14183752;1.21422;1.21428;1.21425;1;T;True;1
1621254926000;14183757;1.21425;1.21431;1.21428;4;T;True;1
1621254927000;14183759;1.21424;1.2143;1.21427;1;T;True;1
1621254928000;14183760;1.21424;1.2143;1.21427;0;T;True;1
1621254929000;14183763;1.21425;1.21431;1.21428;2;T;True;1
1621254930000;14183766;1.21426;1.21432;1.21429;2;T;True;1
1621254931000;14183776;1.21431;1.21437;1.21434;9;T;True;1
1621254932000;14183778;1.2143;1.21436;1.21433;1;T;True;1
1621254933000;14183779;1.2143;1.21436;1.21433;0;T;True;1
1621254934000;14183783;1.21432;1.21438;1.21435;3;T;True;1
1621254935000;14183784;1.21432;1.21438;1.21435;0;T;True;1
1621254936000;14183785;1.21432;1.21438;1.21435;0;T;True;1
1621254937000;14183787;1.21431;1.21437;1.21434;1;T;True;1
1621254938000;14183793;1.21427;1.21433;1.2143;5;T;True;1
1621254939000;14183797;1.21426;1.21432;1.21429;3;T;True;1
1621254940000;14183799;1.21426;1.21432;1.21429;1;T;True;1
1621254941000;14183807;1.21432;1.21438;1.21435;7;T;True;1
1621254942000;14183816;1.21435;1.21441;1.21438;8;T;True;1
1621254943000;14183827;1.2143;1.21436;1.21433;10;T;True;1
1621254944000;14183829;1.2143;1.21436;1.21433;1;T;True;1
1621254945000;14183835;1.21426;1.21432;1.21429;5;T;True;1
1621254946000;14183837;1.21426;1.21432;1.21429;1;T;True;1
1621254947000;14183842;1.2143;1.21436;1.21433;4;T;True;1
1621254948000;14183849;1.21432;1.21438;1.21435;6;T;True;1
1621254949000;14183850;1.21432;1.21438;1.21435;0;T;True;1
1621254950000;14183856;1.21436;1.21442;1.21439;5;T;True;1
1621254951000;14183860;1.21442;1.21448;1.21445;3;T;True;1
1621254952000;14183863;1.21442;1.21448;1.21445;2;T;True;1
1621254953000;14183869;1.21445;1.21451;1.21448;5;T;True;1
1621254954000;14183874;1.21444;1.2145;1.21447;4;T;True;1
1621254955000;14183875;1.21444;1.2145;1.21447;0;T;True;1
1621254956000;14183881;1.21442;1.21448;1.21445;5;T;True;1
1621254957000;14183887;1.21441;1.21447;1.21444;5;T;True;1
1621254958000;14183888;1.21441;1.21447;1.21444;0;T;True;1
1621254959000;14183890;1.2144;1.21446;1.21443;1;T;True;1
1621254960000;14183893;1.21437;1.21443;1.2144;2;T;True;1
1621254961000;14183899;1.21438;1.21444;1.21441;5;T;True;1
1621254962000;14183902;1.21438;1.21444;1.21441;2;T;True;1
1621254963000;14183911;1.21437;1.21443;1.2144;8;T;True;1
1621254964000;14183918;1.21436;1.21442;1.21439;6;T;True;1
1621254965000;14183922;1.21437;1.21443;1.2144;3;T;True;1
1621254966000;14183932;1.21438;1.21444;1.21441;9;T;True;1
1621254967000;14183937;1.2144;1.21446;1.21443;4;T;True;1
1621254968000;14183938;1.2144;1.21446;1.21443;0;T;True;1
1621254969000;14183940;1.2144;1.21446;1.21443;1;T;True;1
1621254970000;14183944;1.2144;1.21446;1.21443;3;T;True;1
1621254971000;14183953;1.21436;1.21442;1.21439;8;T;True;1
1621254972000;14183960;1.21437;1.21443;1.2144;6;T;True;1
1621254973000;14183961;1.21437;1.21443;1.2144;0;T;True;1
1621254974000;14183967;1.21439;1.21445;1.21442;5;T;True;1
1621254975000;14183971;1.21437;1.21443;1.2144;3;T;True;1
1621254976000;14183983;1.21434;1.2144;1.21437;11;T;True;1
1621254977000;14183993;1.21438;1.21444;1.21441;9;T;True;1
1621254978000;14184000;1.2144;1.21446;1.21443;6;T;True;1
1621254979000;14184011;1.2144;1.21446;1.21443;10;T;True;1
1621254980000;14184014;1.21438;1.21444;1.21441;2;T;True;1
1621254981000;14184017;1.21437;1.21443;1.2144;2;T;True;1
1621254982000;14184023;1.21438;1.21444;1.21441;5;T;True;1
1621254983000;14184028;1.2144;1.21446;1.21443;4;T;True;1
1621254984000;14184030;1.2144;1.21446;1.21443;1;T;True;1
1621254985000;14184032;1.2144;1.21446;1.21443;1;T;True;1
1621254986000;14184033;1.2144;1.21446;1.21443;0;T;True;1
1621254987000;14184034;1.2144;1.21446;1.21443;0;T;True;1
1621254988000;14184035;1.2144;1.21446;1.21443;0;T;True;1
1621254989000;14184036;1.2144;1.21446;1.21443;0;T;True;1
1621254990000;14184038;1.2144;1.21446;1.21443;1;T;True;1
1621254991000;14184039;1.2144;1.21446;1.21443;0;T;True;1
1621254992000;14184040;1.2144;1.21446;1.21443;0;T;True;1
1621254993000;14184047;1.21442;1.21448;1.21445;6;T;True;1
1621254994000;14184048;1.21442;1.21448;1.21445;0;T;True;1
1621254995000;14184049;1.21442;1.21448;1.21445;0;T;True;1
1621254996000;14184050;1.21442;1.21448;1.21445;0;T;True;1
1621254997000;14184051;1.21442;1.21448;1.21445;0;T;True;1
1621254998000;14184052;1.21442;1.21448;1.21445;0;T;True;1
1621254999000;14184053;1.21442;1.21448;1.21445;0;T;True;1
1621255000000;14184054;1.21442;1.21448;1.21445;0;T;True;1
1621255001000;14184061;1.2144;1.21446;1.21443;6;T;True;1
1621255002000;14184062;1.2144;1.21446;1.21443;0;T;True;1
1621255003000;14184064;1.2144;1.21446;1.21443;1;T;True;1
1621255004000;14184070;1.21437;1.21443;1.2144;5;T;True;1
1621255005000;14184073;1.21438;1.21444;1.21441;2;T;True;1
1621255006000;14184075;1.21438;1.21444;1.21441;1;T;True;1
1621255007000;14184079;1.21438;1.21444;1.21441;3;T;True;1
1621255008000;14184083;1.21437;1.21443;1.2144;3;T;True;1
1621255009000;14184087;1.21438;1.21444;1.21441;3;T;True;1
1621255010000;14184089;1.21438;1.21444;1.21441;1;T;True;1
1621255011000;14184093;1.21438;1.21444;1.21441;3;T;True;1
1621255012000;14184097;1.21438;1.21444;1.21441;3;T;True;1
1621255013000;14184100;1.21438;1.21444;1.21441;2;T;True;1
1621255014000;14184108;1.21434;1.2144;1.21437;7;T;True;1
1621255015000;14184117;1.21432;1.21438;1.21435;8;T;True;1
1621255016000;14184126;1.21433;1.21439;1.21436;8;T;True;1
1621255017000;14184128;1.21434;1.2144;1.21437;1;T;True;1
1621255018000;14184132;1.21433;1.21439;1.21436;3;T;True;1
1621255019000;14184136;1.21432;1.21438;1.21435;3;T;True;1
1621255020000;14184139;1.21433;1.21439;1.21436;2;T;True;1
1621255021000;14184140;1.21433;1.21439;1.21436;0;T;True;1
1621255022000;14184142;1.21433;1.21439;1.21436;1;T;True;1
1621255023000;14184154;1.21432;1.21438;1.21435;11;T;True;1
1621255024000;14184157;1.21432;1.21438;1.21435;2;T;True;1
1621255025000;14184160;1.21434;1.2144;1.21437;2;T;True;1
1621255026000;14184161;1.21434;1.2144;1.21437;0;T;True;1
1621255027000;14184162;1.21434;1.2144;1.21437;0;T;True;1
1621255028000;14184165;1.21436;1.21442;1.21439;2;T;True;1
1621255029000;14184166;1.21436;1.21442;1.21439;0;T;True;1
1621255030000;14184167;1.21436;1.21442;1.21439;0;T;True;1
1621255031000;14184170;1.2144;1.21446;1.21443;2;T;True;1
1621255032000;14184174;1.21442;1.21448;1.21445;3;T;True;1
1621255033000;14184178;1.21445;1.21451;1.21448;3;T;True;1
1621255034000;14184180;1.21444;1.2145;1.21447;1;T;True;1
1621255035000;14184181;1.21444;1.2145;1.21447;0;T;True;1
1621255036000;14184184;1.21441;1.21447;1.21444;2;T;True;1
1621255037000;14184188;1.2144;1.21446;1.21443;3;T;True;1
1621255038000;14184191;1.21442;1.21448;1.21445;2;T;True;1
1621255039000;14184192;1.21442;1.21448;1.21445;0;T;True;1
1621255040000;14184193;1.21442;1.21448;1.21445;0;T;True;1
1621255041000;14184199;1.2144;1.21446;1.21443;5;T;True;1
1621255042000;14184200;1.2144;1.21446;1.21443;0;T;True;1
1621255043000;14184203;1.21442;1.21448;1.21445;2;T;True;1
1621255044000;14184207;1.21442;1.21448;1.21445;3;T;True;1
1621255045000;14184214;1.21444;1.2145;1.21447;6;T;True;1
1621255046000;14184217;1.21442;1.21448;1.21445;2;T;True;1
1621255047000;14184218;1.21442;1.21448;1.21445;0;T;True;1
1621255048000;14184219;1.21442;1.21448;1.21445;0;T;True;1
1621255049000;14184222;1.21444;1.2145;1.21447;2;T;True;1
1621255050000;14184224;1.21446;1.21452;1.21449;1;T;True;1
1621255051000;14184225;1.21446;1.21452;1.21449;0;T;True;1
1621255052000;14184227;1.21445;1.21451;1.21448;1;T;True;1
1621255053000;14184230;1.21445;1.21451;1.21448;2;T;True;1
1621255054000;14184233;1.21446;1.21452;1.21449;2;T;True;1
1621255055000;14184245;1.21452;1.21458;1.21455;11;T;True;1
1621255056000;14184247;1.21453;1.21459;1.21456;1;T;True;1
1621255057000;14184251;1.21452;1.21458;1.21455;3;T;True;1
1621255058000;14184259;1.21454;1.2146;1.21457;7;T;True;1
1621255059000;14184261;1.21454;1.2146;1.21457;1;T;True;1
1621255060000;14184262;1.21454;1.2146;1.21457;0;T;True;1
1621255061000;14184269;1.21454;1.2146;1.21457;6;T;True;1
1621255062000;14184273;1.21452;1.21458;1.21455;3;T;True;1
1621255063000;14184284;1.2145;1.21456;1.21453;10;T;True;1
1621255064000;14184291;1.21452;1.21458;1.21455;6;T;True;1
1621255065000;14184294;1.21454;1.2146;1.21457;2;T;True;1
1621255066000;14184296;1.21454;1.2146;1.21457;1;T;True;1
1621255067000;14184298;1.21454;1.2146;1.21457;1;T;True;1
1621255068000;14184300;1.21454;1.2146;1.21457;1;T;True;1
1621255069000;14184302;1.21454;1.2146;1.21457;1;T;True;1
1621255070000;14184306;1.21453;1.21459;1.21456;3;T;True;1
1621255071000;14184308;1.21454;1.2146;1.21457;1;T;True;1
1621255072000;14184314;1.21453;1.21459;1.21456;5;T;True;1
1621255073000;14184318;1.21453;1.21459;1.21456;3;T;True;1
1621255074000;14184327;1.2145;1.21456;1.21453;8;T;True;1
1621255075000;14184328;1.2145;1.21456;1.21453;0;T;True;1
1621255076000;14184343;1.21448;1.21454;1.21451;14;T;True;1
1621255077000;14184355;1.21445;1.21451;1.21448;11;T;True;1
1621255078000;14184362;1.21448;1.21454;1.21451;6;T;True;1
1621255079000;14184368;1.21449;1.21455;1.21452;5;T;True;1
1621255080000;14184373;1.2145;1.21456;1.21453;4;T;True;1
1621255081000;14184384;1.2145;1.21456;1.21453;10;T;True;1
1621255082000;14184386;1.2145;1.21456;1.21453;1;T;True;1
1621255083000;14184393;1.21451;1.21457;1.21454;6;T;True;1
1621255084000;14184395;1.21452;1.21458;1.21455;1;T;True;1
1621255085000;14184396;1.21452;1.21458;1.21455;0;T;True;1
1621255086000;14184398;1.21452;1.21458;1.21455;1;T;True;1
1621255087000;14184400;1.2145;1.21456;1.21453;1;T;True;1
1621255088000;14184403;1.2145;1.21456;1.21453;2;T;True;1
1621255089000;14184406;1.21449;1.21455;1.21452;2;T;True;1
1621255090000;14184408;1.21448;1.21454;1.21451;1;T;True;1
1621255091000;14184412;1.21446;1.21452;1.21449;3;T;True;1
1621255092000;14184415;1.21447;1.21453;1.2145;2;T;True;1
1621255093000;14184418;1.21447;1.21453;1.2145;2;T;True;1
1621255094000;14184419;1.21447;1.21453;1.2145;0;T;True;1
1621255095000;14184421;1.21446;1.21452;1.21449;1;T;True;1
1621255096000;14184427;1.21446;1.21452;1.21449;5;T;True;1
1621255097000;14184431;1.21446;1.21452;1.21449;3;T;True;1
1621255098000;14184432;1.21446;1.21452;1.21449;0;T;True;1
1621255099000;14184433;1.21446;1.21452;1.21449;0;T;True;1
1621255100000;14184440;1.21441;1.21447;1.21444;6;T;True;1
1621255101000;14184447;1.21439;1.21445;1.21442;6;T;True;1
1621255102000;14184455;1.21442;1.21448;1.21445;7;T;True;1
1621255103000;14184462;1.21444;1.2145;1.21447;6;T;True;1
1621255104000;14184463;1.21444;1.2145;1.21447;0;T;True;1
1621255105000;14184470;1.21445;1.21451;1.21448;6;T;True;1
1621255106000;14184472;1.21445;1.21451;1.21448;1;T;True;1
1621255107000;14184475;1.21446;1.21452;1.21449;2;T;True;1
1621255108000;14184476;1.21446;1.21452;1.21449;0;T;True;1
1621255109000;14184478;1.21445;1.21451;1.21448;1;T;True;1
1621255110000;14184479;1.21445;1.21451;1.21448;0;T;True;1
1621255111000;14184480;1.21445;1.21451;1.21448;0;T;True;1
1621255112000;14184486;1.21446;1.21452;1.21449;5;T;True;1
1621255113000;14184491;1.21449;1.21455;1.21452;4;T;True;1
1621255114000;14184496;1.21451;1.21457;1.21454;4;T;True;1
1621255115000;14184501;1.21454;1.2146;1.21457;4;T;True;1
1621255116000;14184502;1.21454;1.2146;1.21457;0;T;True;1
1621255117000;14184504;1.21455;1.21461;1.21458;1;T;True;1
1621255118000;14184507;1.21456;1.21462;1.21459;2;T;True;1
1621255119000;14184512;1.21453;1.21459;1.21456;4;T;True;1
1621255120000;14184514;1.21452;1.21458;1.21455;1;T;True;1
1621255121000;14184515;1.21452;1.21458;1.21455;0;T;True;1
1621255122000;14184516;1.21452;1.21458;1.21455;0;T;True;1
1621255123000;14184517;1.21452;1.21458;1.21455;0;T;True;1
1621255124000;14184518;1.21452;1.21458;1.21455;0;T;True;1
1621255125000;14184519;1.21452;1.21458;1.21455;0;T;True;1
1621255126000;14184524;1.21452;1.21458;1.21455;4;T;True;1
1621255127000;14184528;1.21452;1.21458;1.21455;3;T;True;1
1621255128000;14184529;1.21452;1.21458;1.21455;0;T;True;1
1621255129000;14184530;1.21452;1.21458;1.21455;0;T;True;1
1621255130000;14184531;1.21452;1.21458;1.21455;0;T;True;1
1621255131000;14184532;1.21452;1.21458;1.21455;0;T;True;1
1621255132000;14184533;1.21452;1.21458;1.21455;0;T;True;1
1621255133000;14184534;1.21452;1.21458;1.21455;0;T;True;1
1621255134000;14184535;1.21452;1.21458;1.21455;0;T;True;1
1621255135000;14184536;1.21452;1.21458;1.21455;0;T;True;1
1621255136000;14184537;1.21452;1.21458;1.21455;0;T;True;1
1621255137000;14184539;1.21452;1.21458;1.21455;1;T;True;1
1621255138000;14184543;1.21454;1.2146;1.21457;3;T;True;1
1621255139000;14184544;1.21454;1.2146;1.21457;0;T;True;1
1621255140000;14184545;1.21454;1.2146;1.21457;0;T;True;1
1621255141000;14184551;1.21452;1.21458;1.21455;5;T;True;1
1621255142000;14184556;1.21452;1.21458;1.21455;4;T;True;1
1621255143000;14184557;1.21452;1.21458;1.21455;0;T;True;1
1621255144000;14184560;1.2145;1.21456;1.21453;2;T;True;1
1621255145000;14184567;1.21446;1.21452;1.21449;6;T;True;1
1621255146000;14184569;1.21446;1.21452;1.21449;1;T;True;1
1621255147000;14184571;1.21446;1.21452;1.21449;1;T;True;1
1621255148000;14184577;1.21445;1.21451;1.21448;5;T;True;1
1621255149000;14184579;1.21444;1.2145;1.21447;1;T;True;1
1621255150000;14184580;1.21444;1.2145;1.21447;0;T;True;1
1621255151000;14184583;1.21445;1.21451;1.21448;2;T;True;1
1621255152000;14184587;1.21443;1.21449;1.21446;3;T;True;1
1621255153000;14184588;1.21443;1.21449;1.21446;0;T;True;1
1621255154000;14184589;1.21443;1.21449;1.21446;0;T;True;1
1621255155000;14184590;1.21443;1.21449;1.21446;0;T;True;1
1621255156000;14184591;1.21443;1.21449;1.21446;0;T;True;1
1621255157000;14184594;1.21442;1.21448;1.21445;2;T;True;1
1621255158000;14184595;1.21442;1.21448;1.21445;0;T;True;1
1621255159000;14184597;1.21442;1.21448;1.21445;1;T;True;1
1621255160000;14184598;1.21442;1.21448;1.21445;0;T;True;1
1621255161000;14184599;1.21442;1.21448;1.21445;0;T;True;1
1621255162000;14184600;1.21442;1.21448;1.21445;0;T;True;1
1621255163000;14184601;1.21442;1.21448;1.21445;0;T;True;1
1621255164000;14184602;1.21442;1.21448;1.21445;0;T;True;1
1621255165000;14184606;1.21442;1.21448;1.21445;3;T;True;1
1621255166000;14184613;1.21441;1.21447;1.21444;6;T;True;1
1621255167000;14184615;1.2144;1.21446;1.21443;1;T;True;1
1621255168000;14184616;1.2144;1.21446;1.21443;0;T;True;1
1621255169000;14184623;1.21438;1.21444;1.21441;6;T;True;1
1621255170000;14184627;1.21437;1.21443;1.2144;3;T;True;1
1621255171000;14184629;1.21438;1.21444;1.21441;1;T;True;1
1621255172000;14184631;1.21437;1.21443;1.2144;1;T;True;1
1621255173000;14184632;1.21437;1.21443;1.2144;0;T;True;1
1621255174000;14184633;1.21437;1.21443;1.2144;0;T;True;1
1621255175000;14184634;1.21437;1.21443;1.2144;0;T;True;1
1621255176000;14184635;1.21437;1.21443;1.2144;0;T;True;1
1621255177000;14184637;1.21436;1.21442;1.21439;1;T;True;1
1621255178000;14184638;1.21436;1.21442;1.21439;0;T;True;1
1621255179000;14184643;1.2144;1.21446;1.21443;4;T;True;1
1621255180000;14184644;1.2144;1.21446;1.21443;0;T;True;1
1621255181000;14184647;1.2144;1.21446;1.21443;2;T;True;1
1621255182000;14184648;1.2144;1.21446;1.21443;0;T;True;1
1621255183000;14184649;1.2144;1.21446;1.21443;0;T;True;1
1621255184000;14184650;1.2144;1.21446;1.21443;0;T;True;1
1621255185000;14184651;1.2144;1.21446;1.21443;0;T;True;1
1621255186000;14184655;1.21438;1.21444;1.21441;3;T;True;1
1621255187000;14184656;1.21438;1.21444;1.21441;0;T;True;1
1621255188000;14184658;1.21438;1.21444;1.21441;1;T;True;1
1621255189000;14184659;1.21438;1.21444;1.21441;0;T;True;1
1621255190000;14184660;1.21438;1.21444;1.21441;0;T;True;1
1621255191000;14184661;1.21438;1.21444;1.21441;0;T;True;1
1621255192000;14184662;1.21438;1.21444;1.21441;0;T;True;1
1621255193000;14184663;1.21438;1.21444;1.21441;0;T;True;1
1621255194000;14184664;1.21438;1.21444;1.21441;0;T;True;1
1621255195000;14184665;1.21438;1.21444;1.21441;0;T;True;1
1621255196000;14184666;1.21438;1.21444;1.21441;0;T;True;1
1621255197000;14184667;1.21438;1.21444;1.21441;0;T;True;1
1621255198000;14184668;1.21438;1.21444;1.21441;0;T;True;1
1621255199000;14184669;1.21438;1.21444;1.21441;0;T;True;1
1621255200000;14184672;1.2144;1.21446;1.21443;2;T;True;1
1621255201000;14184678;1.21436;1.21442;1.21439;5;T;True;1
1621255202000;14184680;1.21436;1.21442;1.21439;1;T;True;1
1621255203000;14184689;1.2144;1.21446;1.21443;8;T;True;1
1621255204000;14184691;1.21439;1.21445;1.21442;1;T;True;1
1621255205000;14184692;1.21439;1.21445;1.21442;0;T;True;1
1621255206000;14184693;1.21439;1.21445;1.21442;0;T;True;1
1621255207000;14184694;1.21439;1.21445;1.21442;0;T;True;1
1621255208000;14184695;1.21439;1.21445;1.21442;0;T;True;1
1621255209000;14184697;1.21439;1.21445;1.21442;1;T;True;1
1621255210000;14184698;1.21439;1.21445;1.21442;0;T;True;1
1621255211000;14184699;1.21439;1.21445;1.21442;0;T;True;1
1621255212000;14184700;1.21439;1.21445;1.21442;0;T;True;1
1621255213000;14184702;1.21438;1.21444;1.21441;1;T;True;1
1621255214000;14184704;1.21439;1.21445;1.21442;1;T;True;1
1621255215000;14184705;1.21439;1.21445;1.21442;0;T;True;1
1621255216000;14184707;1.2144;1.21446;1.21443;1;T;True;1
1621255217000;14184711;1.21442;1.21448;1.21445;3;T;True;1
1621255218000;14184712;1.21442;1.21448;1.21445;0;T;True;1
1621255219000;14184714;1.21442;1.21448;1.21445;1;T;True;1
1621255220000;14184716;1.21442;1.21448;1.21445;1;T;True;1
1621255221000;14184717;1.21442;1.21448;1.21445;0;T;True;1
1621255222000;14184718;1.21442;1.21448;1.21445;0;T;True;1
1621255223000;14184723;1.21444;1.2145;1.21447;4;T;True;1
1621255224000;14184724;1.21444;1.2145;1.21447;0;T;True;1
1621255225000;14184728;1.21442;1.21448;1.21445;3;T;True;1
1621255226000;14184730;1.21442;1.21448;1.21445;1;T;True;1
1621255227000;14184731;1.21442;1.21448;1.21445;0;T;True;1
1621255228000;14184732;1.21442;1.21448;1.21445;0;T;True;1
1621255229000;14184733;1.21442;1.21448;1.21445;0;T;True;1
1621255230000;14184736;1.21443;1.21449;1.21446;2;T;True;1
1621255231000;14184739;1.21444;1.2145;1.21447;2;T;True;1
1621255232000;14184744;1.21442;1.21448;1.21445;4;T;True;1
1621255233000;14184745;1.21442;1.21448;1.21445;0;T;True;1
1621255234000;14184748;1.21443;1.21449;1.21446;2;T;True;1
1621255235000;14184750;1.21444;1.2145;1.21447;1;T;True;1
1621255236000;14184751;1.21444;1.2145;1.21447;0;T;True;1
1621255237000;14184752;1.21444;1.2145;1.21447;0;T;True;1
1621255238000;14184755;1.21442;1.21448;1.21445;2;T;True;1
1621255239000;14184756;1.21442;1.21448;1.21445;0;T;True;1
1621255240000;14184757;1.21442;1.21448;1.21445;0;T;True;1
1621255241000;14184759;1.21443;1.21449;1.21446;1;T;True;1
1621255242000;14184766;1.21446;1.21452;1.21449;6;T;True;1
1621255243000;14184767;1.21446;1.21452;1.21449;0;T;True;1
1621255244000;14184771;1.21444;1.2145;1.21447;3;T;True;1
1621255245000;14184780;1.21442;1.21448;1.21445;8;T;True;1
1621255246000;14184790;1.21444;1.2145;1.21447;9;T;True;1
1621255247000;14184793;1.21443;1.21449;1.21446;2;T;True;1
1621255248000;14184795;1.21442;1.21448;1.21445;1;T;True;1
1621255249000;14184801;1.21444;1.2145;1.21447;5;T;True;1
1621255250000;14184805;1.21446;1.21452;1.21449;3;T;True;1
1621255251000;14184806;1.21446;1.21452;1.21449;0;T;True;1
1621255252000;14184807;1.21446;1.21452;1.21449;0;T;True;1
1621255253000;14184808;1.21446;1.21452;1.21449;0;T;True;1
1621255254000;14184809;1.21446;1.21452;1.21449;0;T;True;1
1621255255000;14184815;1.21445;1.21451;1.21448;5;T;True;1
1621255256000;14184817;1.21446;1.21452;1.21449;1;T;True;1
1621255257000;14184818;1.21446;1.21452;1.21449;0;T;True;1
1621255258000;14184819;1.21446;1.21452;1.21449;0;T;True;1
1621255259000;14184820;1.21446;1.21452;1.21449;0;T;True;1
1621255260000;14184821;1.21446;1.21452;1.21449;0;T;True;1
1621255261000;14184828;1.21448;1.21454;1.21451;6;T;True;1
1621255262000;14184834;1.21447;1.21453;1.2145;5;T;True;1
1621255263000;14184835;1.21447;1.21453;1.2145;0;T;True;1
1621255264000;14184836;1.21447;1.21453;1.2145;0;T;True;1
1621255265000;14184840;1.21446;1.21452;1.21449;3;T;True;1
1621255266000;14184845;1.21447;1.21453;1.2145;4;T;True;1
1621255267000;14184851;1.2145;1.21456;1.21453;5;T;True;1
1621255268000;14184854;1.21451;1.21457;1.21454;2;T;True;1
1621255269000;14184855;1.21451;1.21457;1.21454;0;T;True;1
1621255270000;14184856;1.21451;1.21457;1.21454;0;T;True;1
1621255271000;14184859;1.2145;1.21456;1.21453;2;T;True;1
1621255272000;14184861;1.21451;1.21457;1.21454;1;T;True;1
1621255273000;14184865;1.21451;1.21457;1.21454;3;T;True;1
1621255274000;14184868;1.2145;1.21456;1.21453;2;T;True;1
1621255275000;14184873;1.2145;1.21456;1.21453;4;T;True;1
1621255276000;14184877;1.21452;1.21458;1.21455;3;T;True;1
1621255277000;14184881;1.21454;1.2146;1.21457;3;T;True;1
1621255278000;14184882;1.21454;1.2146;1.21457;0;T;True;1
1621255279000;14184884;1.21454;1.2146;1.21457;1;T;True;1
1621255280000;14184885;1.21454;1.2146;1.21457;0;T;True;1
1621255281000;14184886;1.21454;1.2146;1.21457;0;T;True;1
1621255282000;14184887;1.21454;1.2146;1.21457;0;T;True;1
1621255283000;14184888;1.21454;1.2146;1.21457;0;T;True;1
1621255284000;14184889;1.21454;1.2146;1.21457;0;T;True;1
1621255285000;14184891;1.21454;1.2146;1.21457;1;T;True;1
1621255286000;14184894;1.21453;1.21459;1.21456;2;T;True;1
1621255287000;14184897;1.21452;1.21458;1.21455;2;T;True;1
1621255288000;14184901;1.21454;1.2146;1.21457;3;T;True;1
1621255289000;14184902;1.21454;1.2146;1.21457;0;T;True;1
1621255290000;14184903;1.21454;1.2146;1.21457;0;T;True;1
1621255291000;14184904;1.21454;1.2146;1.21457;0;T;True;1
1621255292000;14184905;1.21454;1.2146;1.21457;0;T;True;1
1621255293000;14184906;1.21454;1.2146;1.21457;0;T;True;1
1621255294000;14184907;1.21454;1.2146;1.21457;0;T;True;1
1621255295000;14184908;1.21454;1.2146;1.21457;0;T;True;1
1621255296000;14184909;1.21454;1.2146;1.21457;0;T;True;1
1621255297000;14184910;1.21454;1.2146;1.21457;0;T;True;1
1621255298000;14184911;1.21454;1.2146;1.21457;0;T;True;1
1621255299000;14184912;1.21454;1.2146;1.21457;0;T;True;1
1621255300000;14184914;1.21453;1.21459;1.21456;1;T;True;1
1621255301000;14184916;1.21452;1.21458;1.21455;1;T;True;1
1621255302000;14184918;1.21452;1.21458;1.21455;1;T;True;1
1621255303000;14184919;1.21452;1.21458;1.21455;0;T;True;1
1621255304000;14184920;1.21452;1.21458;1.21455;0;T;True;1
1621255305000;14184922;1.21452;1.21458;1.21455;1;T;True;1
1621255306000;14184923;1.21452;1.21458;1.21455;0;T;True;1
1621255307000;14184924;1.21452;1.21458;1.21455;0;T;True;1
1621255308000;14184926;1.21452;1.21458;1.21455;1;T;True;1
1621255309000;14184933;1.21454;1.2146;1.21457;6;T;True;1
1621255310000;14184935;1.21454;1.2146;1.21457;1;T;True;1
1621255311000;14184944;1.21452;1.21458;1.21455;8;T;True;1
1621255312000;14184945;1.21452;1.21458;1.21455;0;T;True;1
1621255313000;14184948;1.21453;1.21459;1.21456;2;T;True;1
1621255314000;14184952;1.21452;1.21458;1.21455;3;T;True;1
1621255315000;14184956;1.21454;1.2146;1.21457;3;T;True;1
1621255316000;14184958;1.21452;1.21458;1.21455;1;T;True;1
1621255317000;14184960;1.21452;1.21458;1.21455;1;T;True;1
1621255318000;14184963;1.21453;1.21459;1.21456;2;T;True;1
1621255319000;14184964;1.21453;1.21459;1.21456;0;T;True;1
1621255320000;14184967;1.21453;1.21459;1.21456;2;T;True;1
1621255321000;14184978;1.2145;1.21456;1.21453;10;T;True;1
1621255322000;14184984;1.21452;1.21458;1.21455;5;T;True;1
1621255323000;14184991;1.21452;1.21458;1.21455;6;T;True;1
1621255324000;14184994;1.21452;1.21458;1.21455;2;T;True;1
1621255325000;14184995;1.21452;1.21458;1.21455;0;T;True;1
1621255326000;14184996;1.21452;1.21458;1.21455;0;T;True;1
1621255327000;14184997;1.21452;1.21458;1.21455;0;T;True;1
1621255328000;14184998;1.21452;1.21458;1.21455;0;T;True;1
1621255329000;14184999;1.21452;1.21458;1.21455;0;T;True;1
1621255330000;14185000;1.21452;1.21458;1.21455;0;T;True;1
1621255331000;14185001;1.21452;1.21458;1.21455;0;T;True;1
1621255332000;14185010;1.21452;1.21458;1.21455;8;T;True;1
1621255333000;14185011;1.21452;1.21458;1.21455;0;T;True;1
1621255334000;14185012;1.21452;1.21458;1.21455;0;T;True;1
1621255335000;14185014;1.21452;1.21458;1.21455;1;T;True;1
1621255336000;14185015;1.21452;1.21458;1.21455;0;T;True;1
1621255337000;14185020;1.21454;1.2146;1.21457;4;T;True;1
1621255338000;14185021;1.21454;1.2146;1.21457;0;T;True;1
1621255339000;14185032;1.2145;1.21456;1.21453;10;T;True;1
1621255340000;14185037;1.2145;1.21456;1.21453;4;T;True;1
1621255341000;14185039;1.2145;1.21456;1.21453;1;T;True;1
1621255342000;14185045;1.21451;1.21457;1.21454;5;T;True;1
1621255343000;14185046;1.21451;1.21457;1.21454;0;T;True;1
1621255344000;14185047;1.21451;1.21457;1.21454;0;T;True;1
1621255345000;14185048;1.21451;1.21457;1.21454;0;T;True;1
1621255346000;14185049;1.21451;1.21457;1.21454;0;T;True;1
1621255347000;14185050;1.21451;1.21457;1.21454;0;T;True;1
1621255348000;14185051;1.21451;1.21457;1.21454;0;T;True;1
1621255349000;14185052;1.21451;1.21457;1.21454;0;T;True;1
1621255350000;14185055;1.21451;1.21457;1.21454;2;T;True;1
1621255351000;14185057;1.21452;1.21458;1.21455;1;T;True;1
1621255352000;14185063;1.21452;1.21458;1.21455;5;T;True;1
1621255353000;14185068;1.21454;1.2146;1.21457;4;T;True;1
1621255354000;14185069;1.21454;1.2146;1.21457;0;T;True;1
1621255355000;14185071;1.21455;1.21461;1.21458;1;T;True;1
1621255356000;14185072;1.21455;1.21461;1.21458;0;T;True;1
1621255357000;14185075;1.21454;1.2146;1.21457;2;T;True;1
1621255358000;14185077;1.21455;1.21461;1.21458;1;T;True;1
1621255359000;14185078;1.21455;1.21461;1.21458;0;T;True;1
1621255360000;14185079;1.21455;1.21461;1.21458;0;T;True;1
1621255361000;14185080;1.21455;1.21461;1.21458;0;T;True;1
1621255362000;14185084;1.21456;1.21462;1.21459;3;T;True;1
1621255363000;14185086;1.21456;1.21462;1.21459;1;T;True;1
1621255364000;14185089;1.21456;1.21462;1.21459;2;T;True;1
1621255365000;14185092;1.21456;1.21462;1.21459;2;T;True;1
1621255366000;14185094;1.21456;1.21462;1.21459;1;T;True;1
1621255367000;14185095;1.21456;1.21462;1.21459;0;T;True;1
1621255368000;14185096;1.21456;1.21462;1.21459;0;T;True;1
1621255369000;14185100;1.21458;1.21464;1.21461;3;T;True;1
1621255370000;14185106;1.21459;1.21465;1.21462;5;T;True;1
1621255371000;14185107;1.21459;1.21465;1.21462;0;T;True;1
1621255372000;14185109;1.21458;1.21464;1.21461;1;T;True;1
1621255373000;14185111;1.21458;1.21464;1.21461;1;T;True;1
1621255374000;14185112;1.21458;1.21464;1.21461;0;T;True;1
1621255375000;14185113;1.21458;1.21464;1.21461;0;T;True;1
1621255376000;14185118;1.21456;1.21462;1.21459;4;T;True;1
1621255377000;14185121;1.21454;1.2146;1.21457;2;T;True;1
1621255378000;14185124;1.21454;1.2146;1.21457;2;T;True;1
1621255379000;14185126;1.21455;1.21461;1.21458;1;T;True;1
1621255380000;14185127;1.21455;1.21461;1.21458;0;T;True;1
1621255381000;14185137;1.21452;1.21458;1.21455;9;T;True;1
1621255382000;14185145;1.21452;1.21458;1.21455;7;T;True;1
1621255383000;14185151;1.21452;1.21458;1.21455;5;T;True;1
1621255384000;14185159;1.21454;1.2146;1.21457;7;T;True;1
1621255385000;14185164;1.21454;1.2146;1.21457;4;T;True;1
1621255386000;14185166;1.21453;1.21459;1.21456;1;T;True;1
1621255387000;14185170;1.21454;1.2146;1.21457;3;T;True;1
1621255388000;14185171;1.21454;1.2146;1.21457;0;T;True;1
1621255389000;14185172;1.21454;1.2146;1.21457;0;T;True;1
1621255390000;14185176;1.21454;1.2146;1.21457;3;T;True;1
1621255391000;14185180;1.21455;1.21461;1.21458;3;T;True;1
1621255392000;14185185;1.21452;1.21458;1.21455;4;T;True;1
1621255393000;14185186;1.21452;1.21458;1.21455;0;T;True;1
1621255394000;14185188;1.21452;1.21458;1.21455;1;T;True;1
1621255395000;14185189;1.21452;1.21458;1.21455;0;T;True;1
1621255396000;14185191;1.21452;1.21458;1.21455;1;T;True;1
1621255397000;14185192;1.21452;1.21458;1.21455;0;T;True;1
1621255398000;14185194;1.21452;1.21458;1.21455;1;T;True;1
1621255399000;14185195;1.21452;1.21458;1.21455;0;T;True;1
1621255400000;14185196;1.21452;1.21458;1.21455;0;T;True;1
1621255401000;14185202;1.21453;1.21459;1.21456;5;T;True;1
1621255402000;14185204;1.21454;1.2146;1.21457;1;T;True;1
1621255403000;14185206;1.21454;1.2146;1.21457;1;T;True;1
1621255404000;14185211;1.21454;1.2146;1.21457;4;T;True;1
1621255405000;14185217;1.21455;1.21461;1.21458;5;T;True;1
1621255406000;14185225;1.21454;1.2146;1.21457;7;T;True;1
1621255407000;14185234;1.2145;1.21456;1.21453;8;T;True;1
1621255408000;14185236;1.2145;1.21456;1.21453;1;T;True;1
1621255409000;14185239;1.2145;1.21456;1.21453;2;T;True;1
1621255410000;14185245;1.2145;1.21456;1.21453;5;T;True;1
1621255411000;14185250;1.21451;1.21457;1.21454;4;T;True;1
1621255412000;14185251;1.21451;1.21457;1.21454;0;T;True;1
1621255413000;14185252;1.21451;1.21457;1.21454;0;T;True;1
1621255414000;14185253;1.21451;1.21457;1.21454;0;T;True;1
1621255415000;14185254;1.21451;1.21457;1.21454;0;T;True;1
1621255416000;14185255;1.21451;1.21457;1.21454;0;T;True;1
1621255417000;14185257;1.21452;1.21458;1.21455;1;T;True;1
1621255418000;14185258;1.21452;1.21458;1.21455;0;T;True;1
1621255419000;14185266;1.21454;1.2146;1.21457;7;T;True;1
1621255420000;14185269;1.21453;1.21459;1.21456;2;T;True;1
1621255421000;14185273;1.21452;1.21458;1.21455;3;T;True;1
1621255422000;14185274;1.21452;1.21458;1.21455;0;T;True;1
1621255423000;14185275;1.21452;1.21458;1.21455;0;T;True;1
1621255424000;14185279;1.21452;1.21458;1.21455;3;T;True;1
1621255425000;14185286;1.21454;1.2146;1.21457;6;T;True;1
1621255426000;14185289;1.21452;1.21458;1.21455;2;T;True;1
1621255427000;14185290;1.21452;1.21458;1.21455;0;T;True;1
1621255428000;14185293;1.21452;1.21458;1.21455;2;T;True;1
1621255429000;14185294;1.21452;1.21458;1.21455;0;T;True;1
1621255430000;14185298;1.21453;1.21459;1.21456;3;T;True;1
1621255431000;14185299;1.21453;1.21459;1.21456;0;T;True;1
1621255432000;14185301;1.21453;1.21459;1.21456;1;T;True;1
1621255433000;14185309;1.21454;1.2146;1.21457;7;T;True;1
1621255434000;14185312;1.21452;1.21458;1.21455;2;T;True;1
1621255435000;14185314;1.21452;1.21458;1.21455;1;T;True;1
1621255436000;14185315;1.21452;1.21458;1.21455;0;T;True;1
1621255437000;14185319;1.21451;1.21457;1.21454;3;T;True;1
1621255438000;14185321;1.21452;1.21458;1.21455;1;T;True;1
1621255439000;14185322;1.21452;1.21458;1.21455;0;T;True;1
1621255440000;14185329;1.21456;1.21462;1.21459;6;T;True;1
1621255441000;14185337;1.21456;1.21462;1.21459;7;T;True;1
1621255442000;14185345;1.21462;1.21468;1.21465;7;T;True;1
1621255443000;14185349;1.21462;1.21468;1.21465;3;T;True;1
1621255444000;14185353;1.21464;1.2147;1.21467;3;T;True;1
1621255445000;14185360;1.21463;1.21469;1.21466;6;T;True;1
1621255446000;14185363;1.21462;1.21468;1.21465;2;T;True;1
1621255447000;14185372;1.21466;1.21472;1.21469;8;T;True;1
1621255448000;14185373;1.21466;1.21472;1.21469;0;T;True;1
1621255449000;14185379;1.21465;1.21471;1.21468;5;T;True;1
1621255450000;14185383;1.21463;1.21469;1.21466;3;T;True;1
1621255451000;14185385;1.21462;1.21468;1.21465;1;T;True;1
1621255452000;14185387;1.21462;1.21468;1.21465;1;T;True;1
1621255453000;14185394;1.21464;1.2147;1.21467;6;T;True;1
1621255454000;14185396;1.21464;1.2147;1.21467;1;T;True;1
1621255455000;14185400;1.21464;1.2147;1.21467;3;T;True;1
1621255456000;14185401;1.21464;1.2147;1.21467;0;T;True;1
1621255457000;14185402;1.21464;1.2147;1.21467;0;T;True;1
1621255458000;14185403;1.21464;1.2147;1.21467;0;T;True;1
1621255459000;14185404;1.21464;1.2147;1.21467;0;T;True;1
1621255460000;14185405;1.21464;1.2147;1.21467;0;T;True;1
1621255461000;14185406;1.21464;1.2147;1.21467;0;T;True;1
1621255462000;14185411;1.21465;1.21471;1.21468;4;T;True;1
1621255463000;14185413;1.21466;1.21472;1.21469;1;T;True;1
1621255464000;14185414;1.21466;1.21472;1.21469;0;T;True;1
1621255465000;14185416;1.21466;1.21472;1.21469;1;T;True;1
1621255466000;14185417;1.21466;1.21472;1.21469;0;T;True;1
1621255467000;14185418;1.21466;1.21472;1.21469;0;T;True;1
1621255468000;14185419;1.21466;1.21472;1.21469;0;T;True;1
1621255469000;14185422;1.21466;1.21472;1.21469;2;T;True;1
1621255470000;14185423;1.21466;1.21472;1.21469;0;T;True;1
1621255471000;14185424;1.21466;1.21472;1.21469;0;T;True;1
1621255472000;14185425;1.21466;1.21472;1.21469;0;T;True;1
1621255473000;14185431;1.21464;1.2147;1.21467;5;T;True;1
1621255474000;14185432;1.21464;1.2147;1.21467;0;T;True;1
1621255475000;14185433;1.21464;1.2147;1.21467;0;T;True;1
1621255476000;14185434;1.21464;1.2147;1.21467;0;T;True;1
1621255477000;14185439;1.21466;1.21472;1.21469;4;T;True;1
1621255478000;14185442;1.21464;1.2147;1.21467;2;T;True;1
1621255479000;14185449;1.21461;1.21467;1.21464;6;T;True;1
1621255480000;14185451;1.21462;1.21468;1.21465;1;T;True;1
1621255481000;14185453;1.21462;1.21468;1.21465;1;T;True;1
1621255482000;14185457;1.21462;1.21468;1.21465;3;T;True;1
1621255483000;14185458;1.21462;1.21468;1.21465;0;T;True;1
1621255484000;14185464;1.21466;1.21472;1.21469;5;T;True;1
1621255485000;14185465;1.21466;1.21472;1.21469;0;T;True;1
1621255486000;14185468;1.21465;1.21471;1.21468;2;T;True;1
1621255487000;14185470;1.21466;1.21472;1.21469;1;T;True;1
1621255488000;14185471;1.21466;1.21472;1.21469;0;T;True;1
1621255489000;14185472;1.21466;1.21472;1.21469;0;T;True;1
1621255490000;14185473;1.21466;1.21472;1.21469;0;T;True;1
1621255491000;14185476;1.21466;1.21472;1.21469;2;T;True;1
1621255492000;14185480;1.21464;1.2147;1.21467;3;T;True;1
1621255493000;14185484;1.21466;1.21472;1.21469;3;T;True;1
1621255494000;14185485;1.21466;1.21472;1.21469;0;T;True;1
1621255495000;14185488;1.21465;1.21471;1.21468;2;T;True;1
1621255496000;14185489;1.21465;1.21471;1.21468;0;T;True;1
1621255497000;14185491;1.21466;1.21472;1.21469;1;T;True;1
1621255498000;14185493;1.21466;1.21472;1.21469;1;T;True;1
1621255499000;14185495;1.21466;1.21472;1.21469;1;T;True;1
1621255500000;14185496;1.21466;1.21472;1.21469;0;T;True;1
1621255501000;14185504;1.21462;1.21468;1.21465;7;T;True;1
1621255502000;14185507;1.21461;1.21467;1.21464;2;T;True;1
1621255503000;14185508;1.21461;1.21467;1.21464;0;T;True;1
1621255504000;14185511;1.21462;1.21468;1.21465;2;T;True;1
1621255505000;14185516;1.21462;1.21468;1.21465;4;T;True;1
1621255506000;14185521;1.21462;1.21468;1.21465;4;T;True;1
1621255507000;14185526;1.21462;1.21468;1.21465;4;T;True;1
1621255508000;14185533;1.21462;1.21468;1.21465;6;T;True;1
1621255509000;14185541;1.21459;1.21465;1.21462;7;T;True;1
1621255510000;14185553;1.21456;1.21462;1.21459;11;T;True;1
1621255511000;14185561;1.21453;1.21459;1.21456;7;T;True;1
1621255512000;14185568;1.2145;1.21456;1.21453;6;T;True;1
1621255513000;14185574;1.21453;1.21459;1.21456;5;T;True;1
1621255514000;14185577;1.21452;1.21458;1.21455;2;T;True;1
1621255515000;14185581;1.21452;1.21458;1.21455;3;T;True;1
1621255516000;14185584;1.21452;1.21458;1.21455;2;T;True;1
1621255517000;14185589;1.21453;1.21459;1.21456;4;T;True;1
1621255518000;14185602;1.21454;1.2146;1.21457;12;T;True;1
1621255519000;14185610;1.21454;1.2146;1.21457;7;T;True;1
1621255520000;14185612;1.21454;1.2146;1.21457;1;T;True;1
1621255521000;14185616;1.21452;1.21458;1.21455;3;T;True;1
1621255522000;14185617;1.21452;1.21458;1.21455;0;T;True;1
1621255523000;14185619;1.21452;1.21458;1.21455;1;T;True;1
1621255524000;14185621;1.21452;1.21458;1.21455;1;T;True;1
1621255525000;14185623;1.21452;1.21458;1.21455;1;T;True;1
1621255526000;14185625;1.21451;1.21457;1.21454;1;T;True;1
1621255527000;14185627;1.2145;1.21456;1.21453;1;T;True;1
1621255528000;14185628;1.2145;1.21456;1.21453;0;T;True;1
1621255529000;14185631;1.21451;1.21457;1.21454;2;T;True;1
1621255530000;14185634;1.21451;1.21457;1.21454;2;T;True;1
1621255531000;14185635;1.21451;1.21457;1.21454;0;T;True;1
1621255532000;14185643;1.21454;1.2146;1.21457;7;T;True;1
1621255533000;14185653;1.21452;1.21458;1.21455;9;T;True;1
1621255534000;14185657;1.21451;1.21457;1.21454;3;T;True;1
1621255535000;14185659;1.2145;1.21456;1.21453;1;T;True;1
1621255536000;14185661;1.2145;1.21456;1.21453;1;T;True;1
1621255537000;14185669;1.21454;1.2146;1.21457;7;T;True;1
1621255538000;14185671;1.21454;1.2146;1.21457;1;T;True;1
1621255539000;14185673;1.21453;1.21459;1.21456;1;T;True;1
1621255540000;14185674;1.21453;1.21459;1.21456;0;T;True;1
1621255541000;14185677;1.21452;1.21458;1.21455;2;T;True;1
1621255542000;14185679;1.21452;1.21458;1.21455;1;T;True;1
1621255543000;14185681;1.21452;1.21458;1.21455;1;T;True;1
1621255544000;14185683;1.21452;1.21458;1.21455;1;T;True;1
1621255545000;14185686;1.2145;1.21456;1.21453;2;T;True;1
1621255546000;14185687;1.2145;1.21456;1.21453;0;T;True;1
1621255547000;14185688;1.2145;1.21456;1.21453;0;T;True;1
1621255548000;14185689;1.2145;1.21456;1.21453;0;T;True;1
1621255549000;14185691;1.2145;1.21456;1.21453;1;T;True;1
1621255550000;14185692;1.2145;1.21456;1.21453;0;T;True;1
1621255551000;14185695;1.2145;1.21456;1.21453;2;T;True;1
1621255552000;14185696;1.2145;1.21456;1.21453;0;T;True;1
1621255553000;14185697;1.2145;1.21456;1.21453;0;T;True;1
1621255554000;14185698;1.2145;1.21456;1.21453;0;T;True;1
1621255555000;14185700;1.21448;1.21454;1.21451;1;T;True;1
1621255556000;14185707;1.21448;1.21454;1.21451;6;T;True;1
1621255557000;14185708;1.21448;1.21454;1.21451;0;T;True;1
1621255558000;14185710;1.21447;1.21453;1.2145;1;T;True;1
1621255559000;14185716;1.21444;1.2145;1.21447;5;T;True;1
1621255560000;14185721;1.21441;1.21447;1.21444;4;T;True;1
1621255561000;14185723;1.2144;1.21446;1.21443;1;T;True;1
1621255562000;14185726;1.2144;1.21446;1.21443;2;T;True;1
1621255563000;14185740;1.21446;1.21452;1.21449;13;T;True;1
1621255564000;14185746;1.21448;1.21454;1.21451;5;T;True;1
1621255565000;14185752;1.21452;1.21458;1.21455;5;T;True;1
1621255566000;14185758;1.21454;1.2146;1.21457;5;T;True;1
1621255567000;14185763;1.21454;1.2146;1.21457;4;T;True;1
1621255568000;14185766;1.21455;1.21461;1.21458;2;T;True;1
1621255569000;14185768;1.21454;1.2146;1.21457;1;T;True;1
1621255570000;14185770;1.21454;1.2146;1.21457;1;T;True;1
1621255571000;14185771;1.21454;1.2146;1.21457;0;T;True;1
1621255572000;14185780;1.2146;1.21466;1.21463;8;T;True;1
1621255573000;14185785;1.21458;1.21464;1.21461;4;T;True;1
1621255574000;14185792;1.21455;1.21461;1.21458;6;T;True;1
1621255575000;14185794;1.21454;1.2146;1.21457;1;T;True;1
1621255576000;14185795;1.21454;1.2146;1.21457;0;T;True;1
1621255577000;14185799;1.21453;1.21459;1.21456;3;T;True;1
1621255578000;14185801;1.21454;1.2146;1.21457;1;T;True;1
1621255579000;14185802;1.21454;1.2146;1.21457;0;T;True;1
1621255580000;14185803;1.21454;1.2146;1.21457;0;T;True;1
1621255581000;14185805;1.21454;1.2146;1.21457;1;T;True;1
1621255582000;14185806;1.21454;1.2146;1.21457;0;T;True;1
1621255583000;14185813;1.2146;1.21466;1.21463;6;T;True;1
1621255584000;14185815;1.2146;1.21466;1.21463;1;T;True;1
1621255585000;14185816;1.2146;1.21466;1.21463;0;T;True;1
1621255586000;14185819;1.2146;1.21466;1.21463;2;T;True;1
1621255587000;14185820;1.2146;1.21466;1.21463;0;T;True;1
1621255588000;14185821;1.2146;1.21466;1.21463;0;T;True;1
1621255589000;14185822;1.2146;1.21466;1.21463;0;T;True;1
1621255590000;14185824;1.21461;1.21467;1.21464;1;T;True;1
1621255591000;14185826;1.2146;1.21466;1.21463;1;T;True;1
1621255592000;14185827;1.2146;1.21466;1.21463;0;T;True;1
1621255593000;14185829;1.21458;1.21464;1.21461;1;T;True;1
1621255594000;14185830;1.21458;1.21464;1.21461;0;T;True;1
1621255595000;14185831;1.21458;1.21464;1.21461;0;T;True;1
1621255596000;14185832;1.21458;1.21464;1.21461;0;T;True;1
1621255597000;14185834;1.21459;1.21465;1.21462;1;T;True;1
1621255598000;14185835;1.21459;1.21465;1.21462;0;T;True;1
1621255599000;14185836;1.21459;1.21465;1.21462;0;T;True;1
1621255600000;14185842;1.21456;1.21462;1.21459;5;T;True;1
1621255601000;14185845;1.21455;1.21461;1.21458;2;T;True;1
1621255602000;14185847;1.21455;1.21461;1.21458;1;T;True;1
1621255603000;14185853;1.21454;1.2146;1.21457;5;T;True;1
1621255604000;14185855;1.21455;1.21461;1.21458;1;T;True;1
1621255605000;14185856;1.21455;1.21461;1.21458;0;T;True;1
1621255606000;14185858;1.21454;1.2146;1.21457;1;T;True;1
1621255607000;14185862;1.21457;1.21463;1.2146;3;T;True;1
1621255608000;14185867;1.21458;1.21464;1.21461;4;T;True;1
1621255609000;14185872;1.2146;1.21466;1.21463;4;T;True;1
1621255610000;14185874;1.2146;1.21466;1.21463;1;T;True;1
1621255611000;14185882;1.21465;1.21471;1.21468;7;T;True;1
1621255612000;14185887;1.21463;1.21469;1.21466;4;T;True;1
1621255613000;14185892;1.21465;1.21471;1.21468;4;T;True;1
1621255614000;14185895;1.21465;1.21471;1.21468;2;T;True;1
1621255615000;14185896;1.21465;1.21471;1.21468;0;T;True;1
1621255616000;14185897;1.21465;1.21471;1.21468;0;T;True;1
1621255617000;14185899;1.21464;1.2147;1.21467;1;T;True;1
1621255618000;14185900;1.21464;1.2147;1.21467;0;T;True;1
1621255619000;14185903;1.21464;1.2147;1.21467;2;T;True;1
1621255620000;14185904;1.21464;1.2147;1.21467;0;T;True;1
1621255621000;14185905;1.21464;1.2147;1.21467;0;T;True;1
1621255622000;14185907;1.21463;1.21469;1.21466;1;T;True;1
1621255623000;14185915;1.21463;1.21469;1.21466;7;T;True;1
1621255624000;14185921;1.21461;1.21467;1.21464;5;T;True;1
1621255625000;14185923;1.2146;1.21466;1.21463;1;T;True;1
1621255626000;14185924;1.2146;1.21466;1.21463;0;T;True;1
1621255627000;14185927;1.21459;1.21465;1.21462;2;T;True;1
1621255628000;14185933;1.21456;1.21462;1.21459;5;T;True;1
1621255629000;14185936;1.21455;1.21461;1.21458;2;T;True;1
1621255630000;14185943;1.21456;1.21462;1.21459;6;T;True;1
1621255631000;14185949;1.21456;1.21462;1.21459;5;T;True;1
1621255632000;14185950;1.21456;1.21462;1.21459;0;T;True;1
1621255633000;14185953;1.21456;1.21462;1.21459;2;T;True;1
1621255634000;14185955;1.21456;1.21462;1.21459;1;T;True;1
1621255635000;14185956;1.21456;1.21462;1.21459;0;T;True;1
1621255636000;14185961;1.21456;1.21462;1.21459;4;T;True;1
1621255637000;14185962;1.21456;1.21462;1.21459;0;T;True;1
1621255638000;14185967;1.21456;1.21462;1.21459;4;T;True;1
1621255639000;14185970;1.21456;1.21462;1.21459;2;T;True;1
1621255640000;14185975;1.21456;1.21462;1.21459;4;T;True;1
1621255641000;14185980;1.21456;1.21462;1.21459;4;T;True;1
1621255642000;14185990;1.21458;1.21464;1.21461;9;T;True;1
1621255643000;14185993;1.21456;1.21462;1.21459;2;T;True;1
1621255644000;14185998;1.21456;1.21462;1.21459;4;T;True;1
1621255645000;14186004;1.21458;1.21464;1.21461;5;T;True;1
1621255646000;14186006;1.21459;1.21465;1.21462;1;T;True;1
1621255647000;14186008;1.21459;1.21465;1.21462;1;T;True;1
1621255648000;14186010;1.21458;1.21464;1.21461;1;T;True;1
1621255649000;14186011;1.21458;1.21464;1.21461;0;T;True;1
1621255650000;14186012;1.21458;1.21464;1.21461;0;T;True;1
1621255651000;14186019;1.21455;1.21461;1.21458;6;T;True;1
1621255652000;14186022;1.21454;1.2146;1.21457;2;T;True;1
1621255653000;14186024;1.21454;1.2146;1.21457;1;T;True;1
1621255654000;14186025;1.21454;1.2146;1.21457;0;T;True;1
1621255655000;14186026;1.21454;1.2146;1.21457;0;T;True;1
1621255656000;14186028;1.21454;1.2146;1.21457;1;T;True;1
1621255657000;14186030;1.21454;1.2146;1.21457;1;T;True;1
1621255658000;14186039;1.21457;1.21463;1.2146;8;T;True;1
1621255659000;14186041;1.21457;1.21463;1.2146;1;T;True;1
1621255660000;14186042;1.21457;1.21463;1.2146;0;T;True;1
1621255661000;14186045;1.21458;1.21464;1.21461;2;T;True;1
1621255662000;14186048;1.21459;1.21465;1.21462;2;T;True;1
1621255663000;14186049;1.21459;1.21465;1.21462;0;T;True;1
1621255664000;14186053;1.2146;1.21466;1.21463;3;T;True;1
1621255665000;14186054;1.2146;1.21466;1.21463;0;T;True;1
1621255666000;14186058;1.21458;1.21464;1.21461;3;T;True;1
1621255667000;14186060;1.21458;1.21464;1.21461;1;T;True;1
1621255668000;14186064;1.21456;1.21462;1.21459;3;T;True;1
1621255669000;14186065;1.21456;1.21462;1.21459;0;T;True;1
1621255670000;14186066;1.21456;1.21462;1.21459;0;T;True;1
1621255671000;14186070;1.21456;1.21462;1.21459;3;T;True;1
1621255672000;14186072;1.21456;1.21462;1.21459;1;T;True;1
1621255673000;14186073;1.21456;1.21462;1.21459;0;T;True;1
1621255674000;14186075;1.21456;1.21462;1.21459;1;T;True;1
1621255675000;14186077;1.21456;1.21462;1.21459;1;T;True;1
1621255676000;14186078;1.21456;1.21462;1.21459;0;T;True;1
1621255677000;14186079;1.21456;1.21462;1.21459;0;T;True;1
1621255678000;14186080;1.21456;1.21462;1.21459;0;T;True;1
1621255679000;14186081;1.21456;1.21462;1.21459;0;T;True;1
1621255680000;14186083;1.21456;1.21462;1.21459;1;T;True;1
1621255681000;14186084;1.21456;1.21462;1.21459;0;T;True;1
1621255682000;14186085;1.21456;1.21462;1.21459;0;T;True;1
1621255683000;14186086;1.21456;1.21462;1.21459;0;T;True;1
1621255684000;14186088;1.21456;1.21462;1.21459;1;T;True;1
1621255685000;14186089;1.21456;1.21462;1.21459;0;T;True;1
1621255686000;14186090;1.21456;1.21462;1.21459;0;T;True;1
1621255687000;14186092;1.21455;1.21461;1.21458;1;T;True;1
1621255688000;14186097;1.21455;1.21461;1.21458;4;T;True;1
1621255689000;14186098;1.21455;1.21461;1.21458;0;T;True;1
1621255690000;14186099;1.21455;1.21461;1.21458;0;T;True;1
1621255691000;14186100;1.21455;1.21461;1.21458;0;T;True;1
1621255692000;14186103;1.21454;1.2146;1.21457;2;T;True;1
1621255693000;14186105;1.21454;1.2146;1.21457;1;T;True;1
1621255694000;14186107;1.21455;1.21461;1.21458;1;T;True;1
1621255695000;14186114;1.21452;1.21458;1.21455;6;T;True;1
1621255696000;14186115;1.21452;1.21458;1.21455;0;T;True;1
1621255697000;14186121;1.2145;1.21456;1.21453;5;T;True;1
1621255698000;14186122;1.2145;1.21456;1.21453;0;T;True;1
1621255699000;14186124;1.2145;1.21456;1.21453;1;T;True;1
1621255700000;14186125;1.2145;1.21456;1.21453;0;T;True;1
1621255701000;14186126;1.2145;1.21456;1.21453;0;T;True;1
1621255702000;14186127;1.2145;1.21456;1.21453;0;T;True;1
1621255703000;14186128;1.2145;1.21456;1.21453;0;T;True;1
1621255704000;14186130;1.21449;1.21455;1.21452;1;T;True;1
1621255705000;14186134;1.21448;1.21454;1.21451;3;T;True;1
1621255706000;14186137;1.21448;1.21454;1.21451;2;T;True;1
1621255707000;14186141;1.21449;1.21455;1.21452;3;T;True;1
1621255708000;14186151;1.2145;1.21456;1.21453;9;T;True;1
1621255709000;14186163;1.21454;1.2146;1.21457;11;T;True;1
1621255710000;14186169;1.21451;1.21457;1.21454;5;T;True;1
1621255711000;14186170;1.21451;1.21457;1.21454;0;T;True;1
1621255712000;14186173;1.21451;1.21457;1.21454;2;T;True;1
1621255713000;14186175;1.21452;1.21458;1.21455;1;T;True;1
1621255714000;14186179;1.21452;1.21458;1.21455;3;T;True;1
1621255715000;14186183;1.21452;1.21458;1.21455;3;T;True;1
1621255716000;14186191;1.21447;1.21453;1.2145;7;T;True;1
1621255717000;14186198;1.21442;1.21448;1.21445;6;T;True;1
1621255718000;14186208;1.21442;1.21448;1.21445;9;T;True;1
1621255719000;14186216;1.21443;1.21449;1.21446;7;T;True;1
1621255720000;14186219;1.21444;1.2145;1.21447;2;T;True;1
1621255721000;14186222;1.21446;1.21452;1.21449;2;T;True;1
1621255722000;14186224;1.21446;1.21452;1.21449;1;T;True;1
1621255723000;14186236;1.21445;1.21451;1.21448;11;T;True;1
1621255724000;14186241;1.21446;1.21452;1.21449;4;T;True;1
1621255725000;14186247;1.21446;1.21452;1.21449;5;T;True;1
1621255726000;14186248;1.21446;1.21452;1.21449;0;T;True;1
1621255727000;14186249;1.21446;1.21452;1.21449;0;T;True;1
1621255728000;14186250;1.21446;1.21452;1.21449;0;T;True;1
1621255729000;14186252;1.21446;1.21452;1.21449;1;T;True;1
1621255730000;14186253;1.21446;1.21452;1.21449;0;T;True;1
1621255731000;14186255;1.21446;1.21452;1.21449;1;T;True;1
1621255732000;14186256;1.21446;1.21452;1.21449;0;T;True;1
1621255733000;14186259;1.21446;1.21452;1.21449;2;T;True;1
1621255734000;14186262;1.21446;1.21452;1.21449;2;T;True;1
1621255735000;14186265;1.21446;1.21452;1.21449;2;T;True;1
1621255736000;14186267;1.21446;1.21452;1.21449;1;T;True;1
1621255737000;14186271;1.21446;1.21452;1.21449;3;T;True;1
1621255738000;14186284;1.21442;1.21448;1.21445;12;T;True;1
1621255739000;14186295;1.21438;1.21444;1.21441;10;T;True;1
1621255740000;14186299;1.21438;1.21444;1.21441;3;T;True;1
1621255741000;14186301;1.21439;1.21445;1.21442;1;T;True;1
1621255742000;14186303;1.21439;1.21445;1.21442;1;T;True;1
1621255743000;14186307;1.2144;1.21446;1.21443;3;T;True;1
1621255744000;14186312;1.2144;1.21446;1.21443;4;T;True;1
1621255745000;14186313;1.2144;1.21446;1.21443;0;T;True;1
1621255746000;14186316;1.2144;1.21446;1.21443;2;T;True;1
1621255747000;14186319;1.21441;1.21447;1.21444;2;T;True;1
1621255748000;14186324;1.21438;1.21444;1.21441;4;T;True;1
1621255749000;14186325;1.21438;1.21444;1.21441;0;T;True;1
1621255750000;14186327;1.21438;1.21444;1.21441;1;T;True;1
1621255751000;14186331;1.21438;1.21444;1.21441;3;T;True;1
1621255752000;14186343;1.21433;1.21439;1.21436;11;T;True;1
1621255753000;14186344;1.21433;1.21439;1.21436;0;T;True;1
1621255754000;14186350;1.2143;1.21436;1.21433;5;T;True;1
1621255755000;14186352;1.2143;1.21436;1.21433;1;T;True;1
1621255756000;14186353;1.2143;1.21436;1.21433;0;T;True;1
1621255757000;14186354;1.2143;1.21436;1.21433;0;T;True;1
1621255758000;14186357;1.2143;1.21436;1.21433;2;T;True;1
1621255759000;14186360;1.21432;1.21438;1.21435;2;T;True;1
1621255760000;14186363;1.21432;1.21438;1.21435;2;T;True;1
1621255761000;14186370;1.21426;1.21432;1.21429;6;T;True;1
1621255762000;14186373;1.21426;1.21432;1.21429;2;T;True;1
1621255763000;14186376;1.21426;1.21432;1.21429;2;T;True;1
1621255764000;14186377;1.21426;1.21432;1.21429;0;T;True;1
1621255765000;14186382;1.2143;1.21436;1.21433;4;T;True;1
1621255766000;14186385;1.21429;1.21435;1.21432;2;T;True;1
1621255767000;14186392;1.21428;1.21434;1.21431;6;T;True;1
1621255768000;14186398;1.21426;1.21432;1.21429;5;T;True;1
1621255769000;14186399;1.21426;1.21432;1.21429;0;T;True;1
1621255770000;14186400;1.21426;1.21432;1.21429;0;T;True;1
1621255771000;14186402;1.21426;1.21432;1.21429;1;T;True;1
1621255772000;14186403;1.21426;1.21432;1.21429;0;T;True;1
1621255773000;14186405;1.21426;1.21432;1.21429;1;T;True;1
1621255774000;14186406;1.21426;1.21432;1.21429;0;T;True;1
1621255775000;14186408;1.21426;1.21432;1.21429;1;T;True;1
1621255776000;14186410;1.21426;1.21432;1.21429;1;T;True;1
1621255777000;14186412;1.21425;1.21431;1.21428;1;T;True;1
1621255778000;14186413;1.21425;1.21431;1.21428;0;T;True;1
1621255779000;14186417;1.21424;1.2143;1.21427;3;T;True;1
1621255780000;14186418;1.21424;1.2143;1.21427;0;T;True;1
1621255781000;14186421;1.21426;1.21432;1.21429;2;T;True;1
1621255782000;14186422;1.21426;1.21432;1.21429;0;T;True;1
1621255783000;14186423;1.21426;1.21432;1.21429;0;T;True;1
1621255784000;14186430;1.21422;1.21428;1.21425;6;T;True;1
1621255785000;14186433;1.21424;1.2143;1.21427;2;T;True;1
1621255786000;14186434;1.21424;1.2143;1.21427;0;T;True;1
1621255787000;14186436;1.21424;1.2143;1.21427;1;T;True;1
1621255788000;14186437;1.21424;1.2143;1.21427;0;T;True;1
1621255789000;14186441;1.21422;1.21428;1.21425;3;T;True;1
1621255790000;14186442;1.21422;1.21428;1.21425;0;T;True;1
1621255791000;14186445;1.21422;1.21428;1.21425;2;T;True;1
1621255792000;14186447;1.21421;1.21427;1.21424;1;T;True;1
1621255793000;14186461;1.21426;1.21432;1.21429;13;T;True;1
1621255794000;14186465;1.21427;1.21433;1.2143;3;T;True;1
1621255795000;14186469;1.21424;1.2143;1.21427;3;T;True;1
1621255796000;14186471;1.21423;1.21429;1.21426;1;T;True;1
1621255797000;14186478;1.21421;1.21427;1.21424;6;T;True;1
1621255798000;14186481;1.21421;1.21427;1.21424;2;T;True;1
1621255799000;14186484;1.21424;1.2143;1.21427;2;T;True;1
1621255800000;14186485;1.21424;1.2143;1.21427;0;T;True;1
1621255801000;14186491;1.21421;1.21427;1.21424;5;T;True;1
1621255802000;14186493;1.2142;1.21426;1.21423;1;T;True;1
1621255803000;14186498;1.21422;1.21428;1.21425;4;T;True;1
1621255804000;14186501;1.21422;1.21428;1.21425;2;T;True;1
1621255805000;14186503;1.21422;1.21428;1.21425;1;T;True;1
1621255806000;14186504;1.21422;1.21428;1.21425;0;T;True;1
1621255807000;14186505;1.21422;1.21428;1.21425;0;T;True;1
1621255808000;14186510;1.21425;1.21431;1.21428;4;T;True;1
1621255809000;14186512;1.21424;1.2143;1.21427;1;T;True;1
1621255810000;14186513;1.21424;1.2143;1.21427;0;T;True;1
1621255811000;14186514;1.21424;1.2143;1.21427;0;T;True;1
1621255812000;14186516;1.21425;1.21431;1.21428;1;T;True;1
1621255813000;14186524;1.21422;1.21428;1.21425;7;T;True;1
1621255814000;14186530;1.21424;1.2143;1.21427;5;T;True;1
1621255815000;14186533;1.21424;1.2143;1.21427;2;T;True;1
1621255816000;14186535;1.21424;1.2143;1.21427;1;T;True;1
1621255817000;14186536;1.21424;1.2143;1.21427;0;T;True;1
1621255818000;14186537;1.21424;1.2143;1.21427;0;T;True;1
1621255819000;14186539;1.21425;1.21431;1.21428;1;T;True;1
1621255820000;14186541;1.21426;1.21432;1.21429;1;T;True;1
1621255821000;14186542;1.21426;1.21432;1.21429;0;T;True;1
1621255822000;14186544;1.21426;1.21432;1.21429;1;T;True;1
1621255823000;14186545;1.21426;1.21432;1.21429;0;T;True;1
1621255824000;14186546;1.21426;1.21432;1.21429;0;T;True;1
1621255825000;14186547;1.21426;1.21432;1.21429;0;T;True;1
1621255826000;14186548;1.21426;1.21432;1.21429;0;T;True;1
1621255827000;14186549;1.21426;1.21432;1.21429;0;T;True;1
1621255828000;14186550;1.21426;1.21432;1.21429;0;T;True;1
1621255829000;14186551;1.21426;1.21432;1.21429;0;T;True;1
1621255830000;14186555;1.21426;1.21432;1.21429;3;T;True;1
1621255831000;14186558;1.21424;1.2143;1.21427;2;T;True;1
1621255832000;14186559;1.21424;1.2143;1.21427;0;T;True;1
1621255833000;14186565;1.21424;1.2143;1.21427;5;T;True;1
1621255834000;14186568;1.21426;1.21432;1.21429;2;T;True;1
1621255835000;14186575;1.2143;1.21436;1.21433;6;T;True;1
1621255836000;14186580;1.21431;1.21437;1.21434;4;T;True;1
1621255837000;14186585;1.2143;1.21436;1.21433;4;T;True;1
1621255838000;14186586;1.2143;1.21436;1.21433;0;T;True;1
1621255839000;14186588;1.2143;1.21436;1.21433;1;T;True;1
1621255840000;14186592;1.21429;1.21435;1.21432;3;T;True;1
1621255841000;14186595;1.21432;1.21438;1.21435;2;T;True;1
1621255842000;14186596;1.21432;1.21438;1.21435;0;T;True;1
1621255843000;14186599;1.2143;1.21436;1.21433;2;T;True;1
1621255844000;14186602;1.2143;1.21436;1.21433;2;T;True;1
1621255845000;14186607;1.2143;1.21436;1.21433;4;T;True;1
1621255846000;14186608;1.2143;1.21436;1.21433;0;T;True;1
1621255847000;14186609;1.2143;1.21436;1.21433;0;T;True;1
1621255848000;14186612;1.21431;1.21437;1.21434;2;T;True;1
1621255849000;14186614;1.2143;1.21436;1.21433;1;T;True;1
1621255850000;14186620;1.21437;1.21443;1.2144;5;T;True;1
1621255851000;14186621;1.21437;1.21443;1.2144;0;T;True;1
1621255852000;14186624;1.21438;1.21444;1.21441;2;T;True;1
1621255853000;14186626;1.21439;1.21445;1.21442;1;T;True;1
1621255854000;14186629;1.21439;1.21445;1.21442;2;T;True;1
1621255855000;14186635;1.21441;1.21447;1.21444;5;T;True;1
1621255856000;14186637;1.2144;1.21446;1.21443;1;T;True;1
1621255857000;14186648;1.21438;1.21444;1.21441;10;T;True;1
1621255858000;14186655;1.21436;1.21442;1.21439;6;T;True;1
1621255859000;14186658;1.21436;1.21442;1.21439;2;T;True;1
1621255860000;14186662;1.21438;1.21444;1.21441;3;T;True;1
1621255861000;14186668;1.21437;1.21443;1.2144;5;T;True;1
1621255862000;14186670;1.21437;1.21443;1.2144;1;T;True;1
1621255863000;14186672;1.21437;1.21443;1.2144;1;T;True;1
1621255864000;14186681;1.21433;1.21439;1.21436;8;T;True;1
1621255865000;14186687;1.21433;1.21439;1.21436;5;T;True;1
1621255866000;14186688;1.21433;1.21439;1.21436;0;T;True;1
1621255867000;14186694;1.21431;1.21437;1.21434;5;T;True;1
1621255868000;14186696;1.21431;1.21437;1.21434;1;T;True;1
1621255869000;14186697;1.21431;1.21437;1.21434;0;T;True;1
1621255870000;14186702;1.2143;1.21436;1.21433;4;T;True;1
1621255871000;14186705;1.2143;1.21436;1.21433;2;T;True;1
1621255872000;14186710;1.2143;1.21436;1.21433;4;T;True;1
1621255873000;14186711;1.2143;1.21436;1.21433;0;T;True;1
1621255874000;14186715;1.2143;1.21436;1.21433;3;T;True;1
1621255875000;14186716;1.2143;1.21436;1.21433;0;T;True;1
1621255876000;14186717;1.2143;1.21436;1.21433;0;T;True;1
1621255877000;14186719;1.21429;1.21435;1.21432;1;T;True;1
1621255878000;14186720;1.21429;1.21435;1.21432;0;T;True;1
1621255879000;14186721;1.21429;1.21435;1.21432;0;T;True;1
1621255880000;14186726;1.21431;1.21437;1.21434;4;T;True;1
1621255881000;14186727;1.21431;1.21437;1.21434;0;T;True;1
1621255882000;14186728;1.21431;1.21437;1.21434;0;T;True;1
1621255883000;14186729;1.21431;1.21437;1.21434;0;T;True;1
1621255884000;14186730;1.21431;1.21437;1.21434;0;T;True;1
1621255885000;14186732;1.21432;1.21438;1.21435;1;T;True;1
1621255886000;14186733;1.21432;1.21438;1.21435;0;T;True;1
1621255887000;14186734;1.21432;1.21438;1.21435;0;T;True;1
1621255888000;14186744;1.21426;1.21432;1.21429;9;T;True;1
1621255889000;14186745;1.21426;1.21432;1.21429;0;T;True;1
1621255890000;14186746;1.21426;1.21432;1.21429;0;T;True;1
1621255891000;14186747;1.21426;1.21432;1.21429;0;T;True;1
1621255892000;14186748;1.21426;1.21432;1.21429;0;T;True;1
1621255893000;14186749;1.21426;1.21432;1.21429;0;T;True;1
1621255894000;14186750;1.21426;1.21432;1.21429;0;T;True;1
1621255895000;14186755;1.21424;1.2143;1.21427;4;T;True;1
1621255896000;14186756;1.21424;1.2143;1.21427;0;T;True;1
1621255897000;14186757;1.21424;1.2143;1.21427;0;T;True;1
1621255898000;14186758;1.21424;1.2143;1.21427;0;T;True;1
1621255899000;14186759;1.21424;1.2143;1.21427;0;T;True;1
1621255900000;14186760;1.21424;1.2143;1.21427;0;T;True;1
1621255901000;14186762;1.21424;1.2143;1.21427;1;T;True;1
1621255902000;14186768;1.21422;1.21428;1.21425;5;T;True;1
1621255903000;14186769;1.21422;1.21428;1.21425;0;T;True;1
1621255904000;14186770;1.21422;1.21428;1.21425;0;T;True;1
1621255905000;14186771;1.21422;1.21428;1.21425;0;T;True;1
1621255906000;14186773;1.21421;1.21427;1.21424;1;T;True;1
1621255907000;14186778;1.21418;1.21424;1.21421;4;T;True;1
1621255908000;14186780;1.21418;1.21424;1.21421;1;T;True;1
1621255909000;14186784;1.21418;1.21424;1.21421;3;T;True;1
1621255910000;14186785;1.21418;1.21424;1.21421;0;T;True;1
1621255911000;14186786;1.21418;1.21424;1.21421;0;T;True;1
1621255912000;14186789;1.2142;1.21426;1.21423;2;T;True;1
1621255913000;14186791;1.21418;1.21424;1.21421;1;T;True;1
1621255914000;14186794;1.21417;1.21423;1.2142;2;T;True;1
1621255915000;14186795;1.21417;1.21423;1.2142;0;T;True;1
1621255916000;14186800;1.21418;1.21424;1.21421;4;T;True;1
1621255917000;14186801;1.21418;1.21424;1.21421;0;T;True;1
1621255918000;14186803;1.2142;1.21426;1.21423;1;T;True;1
1621255919000;14186804;1.2142;1.21426;1.21423;0;T;True;1
1621255920000;14186805;1.2142;1.21426;1.21423;0;T;True;1
1621255921000;14186806;1.2142;1.21426;1.21423;0;T;True;1
1621255922000;14186807;1.2142;1.21426;1.21423;0;T;True;1
1621255923000;14186808;1.2142;1.21426;1.21423;0;T;True;1
1621255924000;14186809;1.2142;1.21426;1.21423;0;T;True;1
1621255925000;14186810;1.2142;1.21426;1.21423;0;T;True;1
1621255926000;14186811;1.2142;1.21426;1.21423;0;T;True;1
1621255927000;14186812;1.2142;1.21426;1.21423;0;T;True;1
1621255928000;14186815;1.21423;1.21429;1.21426;2;T;True;1
1621255929000;14186819;1.21426;1.21432;1.21429;3;T;True;1
1621255930000;14186820;1.21426;1.21432;1.21429;0;T;True;1
1621255931000;14186821;1.21426;1.21432;1.21429;0;T;True;1
1621255932000;14186822;1.21426;1.21432;1.21429;0;T;True;1
1621255933000;14186823;1.21426;1.21432;1.21429;0;T;True;1
1621255934000;14186825;1.21425;1.21431;1.21428;1;T;True;1
1621255935000;14186827;1.21425;1.21431;1.21428;1;T;True;1
1621255936000;14186828;1.21425;1.21431;1.21428;0;T;True;1
1621255937000;14186829;1.21425;1.21431;1.21428;0;T;True;1
1621255938000;14186831;1.21426;1.21432;1.21429;1;T;True;1
1621255939000;14186832;1.21426;1.21432;1.21429;0;T;True;1
1621255940000;14186833;1.21426;1.21432;1.21429;0;T;True;1
1621255941000;14186834;1.21426;1.21432;1.21429;0;T;True;1
1621255942000;14186835;1.21426;1.21432;1.21429;0;T;True;1
1621255943000;14186836;1.21426;1.21432;1.21429;0;T;True;1
1621255944000;14186837;1.21426;1.21432;1.21429;0;T;True;1
1621255945000;14186838;1.21426;1.21432;1.21429;0;T;True;1
1621255946000;14186839;1.21426;1.21432;1.21429;0;T;True;1
1621255947000;14186840;1.21426;1.21432;1.21429;0;T;True;1
1621255948000;14186841;1.21426;1.21432;1.21429;0;T;True;1
1621255949000;14186843;1.21426;1.21432;1.21429;1;T;True;1
1621255950000;14186853;1.21428;1.21434;1.21431;9;T;True;1
1621255951000;14186854;1.21428;1.21434;1.21431;0;T;True;1
1621255952000;14186855;1.21428;1.21434;1.21431;0;T;True;1
1621255953000;14186856;1.21428;1.21434;1.21431;0;T;True;1
1621255954000;14186857;1.21428;1.21434;1.21431;0;T;True;1
1621255955000;14186858;1.21428;1.21434;1.21431;0;T;True;1
1621255956000;14186860;1.21428;1.21434;1.21431;1;T;True;1
1621255957000;14186861;1.21428;1.21434;1.21431;0;T;True;1
1621255958000;14186863;1.21428;1.21434;1.21431;1;T;True;1
1621255959000;14186865;1.21428;1.21434;1.21431;1;T;True;1
1621255960000;14186866;1.21428;1.21434;1.21431;0;T;True;1
1621255961000;14186881;1.2144;1.21446;1.21443;14;T;True;1
1621255962000;14186883;1.21441;1.21447;1.21444;1;T;True;1
1621255963000;14186886;1.2144;1.21446;1.21443;2;T;True;1
1621255964000;14186895;1.21437;1.21443;1.2144;8;T;True;1
1621255965000;14186904;1.21432;1.21438;1.21435;8;T;True;1
1621255966000;14186905;1.21432;1.21438;1.21435;0;T;True;1
1621255967000;14186909;1.2143;1.21436;1.21433;3;T;True;1
1621255968000;14186912;1.21431;1.21437;1.21434;2;T;True;1
1621255969000;14186915;1.21432;1.21438;1.21435;2;T;True;1
1621255970000;14186916;1.21432;1.21438;1.21435;0;T;True;1
1621255971000;14186919;1.21432;1.21438;1.21435;2;T;True;1
1621255972000;14186921;1.21432;1.21438;1.21435;1;T;True;1
1621255973000;14186922;1.21432;1.21438;1.21435;0;T;True;1
1621255974000;14186925;1.21431;1.21437;1.21434;2;T;True;1
1621255975000;14186926;1.21431;1.21437;1.21434;0;T;True;1
1621255976000;14186930;1.21432;1.21438;1.21435;3;T;True;1
1621255977000;14186931;1.21432;1.21438;1.21435;0;T;True;1
1621255978000;14186938;1.21428;1.21434;1.21431;6;T;True;1
1621255979000;14186939;1.21428;1.21434;1.21431;0;T;True;1
1621255980000;14186942;1.21428;1.21434;1.21431;2;T;True;1
1621255981000;14186944;1.21428;1.21434;1.21431;1;T;True;1
1621255982000;14186946;1.21428;1.21434;1.21431;1;T;True;1
1621255983000;14186947;1.21428;1.21434;1.21431;0;T;True;1
1621255984000;14186955;1.21428;1.21434;1.21431;7;T;True;1
1621255985000;14186959;1.21427;1.21433;1.2143;3;T;True;1
1621255986000;14186964;1.21427;1.21433;1.2143;4;T;True;1
1621255987000;14186965;1.21427;1.21433;1.2143;0;T;True;1
1621255988000;14186966;1.21427;1.21433;1.2143;0;T;True;1
1621255989000;14186967;1.21427;1.21433;1.2143;0;T;True;1
1621255990000;14186968;1.21427;1.21433;1.2143;0;T;True;1
1621255991000;14186973;1.2143;1.21436;1.21433;4;T;True;1
1621255992000;14186976;1.21428;1.21434;1.21431;2;T;True;1
1621255993000;14186980;1.2143;1.21436;1.21433;3;T;True;1
1621255994000;14186982;1.2143;1.21436;1.21433;1;T;True;1
1621255995000;14186988;1.21426;1.21432;1.21429;5;T;True;1
1621255996000;14186990;1.21427;1.21433;1.2143;1;T;True;1
1621255997000;14186993;1.21427;1.21433;1.2143;2;T;True;1
1621255998000;14186994;1.21427;1.21433;1.2143;0;T;True;1
1621255999000;14186996;1.21426;1.21432;1.21429;1;T;True;1
1621256000000;14186997;1.21426;1.21432;1.21429;0;T;True;1
1621256001000;14187000;1.21426;1.21432;1.21429;2;T;True;1
1621256002000;14187002;1.21427;1.21433;1.2143;1;T;True;1
1621256003000;14187003;1.21427;1.21433;1.2143;0;T;True;1
1621256004000;14187004;1.21427;1.21433;1.2143;0;T;True;1
1621256005000;14187005;1.21427;1.21433;1.2143;0;T;True;1
1621256006000;14187008;1.21427;1.21433;1.2143;2;T;True;1
1621256007000;14187010;1.21427;1.21433;1.2143;1;T;True;1
1621256008000;14187015;1.21427;1.21433;1.2143;4;T;True;1
1621256009000;14187016;1.21427;1.21433;1.2143;0;T;True;1
1621256010000;14187021;1.21425;1.21431;1.21428;4;T;True;1
1621256011000;14187027;1.21423;1.21429;1.21426;5;T;True;1
1621256012000;14187028;1.21423;1.21429;1.21426;0;T;True;1
1621256013000;14187029;1.21423;1.21429;1.21426;0;T;True;1
1621256014000;14187032;1.21422;1.21428;1.21425;2;T;True;1
1621256015000;14187035;1.21421;1.21427;1.21424;2;T;True;1
1621256016000;14187041;1.21424;1.2143;1.21427;5;T;True;1
1621256017000;14187044;1.21424;1.2143;1.21427;2;T;True;1
1621256018000;14187045;1.21424;1.2143;1.21427;0;T;True;1
1621256019000;14187046;1.21424;1.2143;1.21427;0;T;True;1
1621256020000;14187048;1.21424;1.2143;1.21427;1;T;True;1
1621256021000;14187049;1.21424;1.2143;1.21427;0;T;True;1
1621256022000;14187050;1.21424;1.2143;1.21427;0;T;True;1
1621256023000;14187051;1.21424;1.2143;1.21427;0;T;True;1
1621256024000;14187054;1.21424;1.2143;1.21427;2;T;True;1
1621256025000;14187055;1.21424;1.2143;1.21427;0;T;True;1
1621256026000;14187058;1.21424;1.2143;1.21427;2;T;True;1
1621256027000;14187059;1.21424;1.2143;1.21427;0;T;True;1
1621256028000;14187060;1.21424;1.2143;1.21427;0;T;True;1
1621256029000;14187061;1.21424;1.2143;1.21427;0;T;True;1
1621256030000;14187062;1.21424;1.2143;1.21427;0;T;True;1
1621256031000;14187072;1.21426;1.21432;1.21429;9;T;True;1
1621256032000;14187073;1.21426;1.21432;1.21429;0;T;True;1
1621256033000;14187074;1.21426;1.21432;1.21429;0;T;True;1
1621256034000;14187075;1.21426;1.21432;1.21429;0;T;True;1
1621256035000;14187076;1.21426;1.21432;1.21429;0;T;True;1
1621256036000;14187077;1.21426;1.21432;1.21429;0;T;True;1
1621256037000;14187080;1.21427;1.21433;1.2143;2;T;True;1
1621256038000;14187081;1.21427;1.21433;1.2143;0;T;True;1
1621256039000;14187083;1.21427;1.21433;1.2143;1;T;True;1
1621256040000;14187088;1.21428;1.21434;1.21431;4;T;True;1
1621256041000;14187089;1.21428;1.21434;1.21431;0;T;True;1
1621256042000;14187090;1.21428;1.21434;1.21431;0;T;True;1
1621256043000;14187091;1.21428;1.21434;1.21431;0;T;True;1
1621256044000;14187092;1.21428;1.21434;1.21431;0;T;True;1
1621256045000;14187093;1.21428;1.21434;1.21431;0;T;True;1
1621256046000;14187097;1.21426;1.21432;1.21429;3;T;True;1
1621256047000;14187102;1.21426;1.21432;1.21429;4;T;True;1
1621256048000;14187103;1.21426;1.21432;1.21429;0;T;True;1
1621256049000;14187104;1.21426;1.21432;1.21429;0;T;True;1
1621256050000;14187107;1.21427;1.21433;1.2143;2;T;True;1
1621256051000;14187109;1.21426;1.21432;1.21429;1;T;True;1
1621256052000;14187111;1.21427;1.21433;1.2143;1;T;True;1
1621256053000;14187112;1.21427;1.21433;1.2143;0;T;True;1
1621256054000;14187117;1.21432;1.21438;1.21435;4;T;True;1
1621256055000;14187120;1.21432;1.21438;1.21435;2;T;True;1
1621256056000;14187122;1.21432;1.21438;1.21435;1;T;True;1
1621256057000;14187123;1.21432;1.21438;1.21435;0;T;True;1
1621256058000;14187124;1.21432;1.21438;1.21435;0;T;True;1
1621256059000;14187125;1.21432;1.21438;1.21435;0;T;True;1
1621256060000;14187130;1.21429;1.21435;1.21432;4;T;True;1
1621256061000;14187137;1.21432;1.21438;1.21435;6;T;True;1
1621256062000;14187140;1.21432;1.21438;1.21435;2;T;True;1
1621256063000;14187143;1.21432;1.21438;1.21435;2;T;True;1
1621256064000;14187145;1.21432;1.21438;1.21435;1;T;True;1
1621256065000;14187146;1.21432;1.21438;1.21435;0;T;True;1
1621256066000;14187147;1.21432;1.21438;1.21435;0;T;True;1
1621256067000;14187150;1.2143;1.21436;1.21433;2;T;True;1
1621256068000;14187153;1.21428;1.21434;1.21431;2;T;True;1
1621256069000;14187154;1.21428;1.21434;1.21431;0;T;True;1
1621256070000;14187155;1.21428;1.21434;1.21431;0;T;True;1
1621256071000;14187156;1.21428;1.21434;1.21431;0;T;True;1
1621256072000;14187157;1.21428;1.21434;1.21431;0;T;True;1
1621256073000;14187167;1.2144;1.21446;1.21443;9;T;True;1
1621256074000;14187168;1.2144;1.21446;1.21443;0;T;True;1
1621256075000;14187173;1.21438;1.21444;1.21441;4;T;True;1
1621256076000;14187176;1.21438;1.21444;1.21441;2;T;True;1
1621256077000;14187177;1.21438;1.21444;1.21441;0;T;True;1
1621256078000;14187179;1.21438;1.21444;1.21441;1;T;True;1
1621256079000;14187183;1.21438;1.21444;1.21441;3;T;True;1
1621256080000;14187184;1.21438;1.21444;1.21441;0;T;True;1
1621256081000;14187186;1.21439;1.21445;1.21442;1;T;True;1
1621256082000;14187189;1.21439;1.21445;1.21442;2;T;True;1
1621256083000;14187193;1.2144;1.21446;1.21443;3;T;True;1
1621256084000;14187194;1.2144;1.21446;1.21443;0;T;True;1
1621256085000;14187197;1.21442;1.21448;1.21445;2;T;True;1
1621256086000;14187199;1.21442;1.21448;1.21445;1;T;True;1
1621256087000;14187200;1.21442;1.21448;1.21445;0;T;True;1
1621256088000;14187205;1.21439;1.21445;1.21442;4;T;True;1
1621256089000;14187208;1.21438;1.21444;1.21441;2;T;True;1
1621256090000;14187210;1.21438;1.21444;1.21441;1;T;True;1
1621256091000;14187211;1.21438;1.21444;1.21441;0;T;True;1
1621256092000;14187212;1.21438;1.21444;1.21441;0;T;True;1
1621256093000;14187213;1.21438;1.21444;1.21441;0;T;True;1
1621256094000;14187214;1.21438;1.21444;1.21441;0;T;True;1
1621256095000;14187215;1.21438;1.21444;1.21441;0;T;True;1
1621256096000;14187216;1.21438;1.21444;1.21441;0;T;True;1
1621256097000;14187221;1.21438;1.21444;1.21441;4;T;True;1
1621256098000;14187222;1.21438;1.21444;1.21441;0;T;True;1
1621256099000;14187224;1.21438;1.21444;1.21441;1;T;True;1
1621256100000;14187226;1.21438;1.21444;1.21441;1;T;True;1
1621256101000;14187232;1.21438;1.21444;1.21441;5;T;True;1
1621256102000;14187233;1.21438;1.21444;1.21441;0;T;True;1
1621256103000;14187234;1.21438;1.21444;1.21441;0;T;True;1
1621256104000;14187235;1.21438;1.21444;1.21441;0;T;True;1
1621256105000;14187245;1.21436;1.21442;1.21439;9;T;True;1
1621256106000;14187250;1.21436;1.21442;1.21439;4;T;True;1
1621256107000;14187255;1.21436;1.21442;1.21439;4;T;True;1
1621256108000;14187259;1.21434;1.2144;1.21437;3;T;True;1
1621256109000;14187262;1.21434;1.2144;1.21437;2;T;True;1
1621256110000;14187266;1.21436;1.21442;1.21439;3;T;True;1
1621256111000;14187270;1.21438;1.21444;1.21441;3;T;True;1
1621256112000;14187273;1.21436;1.21442;1.21439;2;T;True;1
1621256113000;14187274;1.21436;1.21442;1.21439;0;T;True;1
1621256114000;14187279;1.21437;1.21443;1.2144;4;T;True;1
1621256115000;14187281;1.21438;1.21444;1.21441;1;T;True;1
1621256116000;14187282;1.21438;1.21444;1.21441;0;T;True;1
1621256117000;14187284;1.21437;1.21443;1.2144;1;T;True;1
1621256118000;14187285;1.21437;1.21443;1.2144;0;T;True;1
1621256119000;14187287;1.21438;1.21444;1.21441;1;T;True;1
1621256120000;14187288;1.21438;1.21444;1.21441;0;T;True;1
1621256121000;14187289;1.21438;1.21444;1.21441;0;T;True;1
1621256122000;14187290;1.21438;1.21444;1.21441;0;T;True;1
1621256123000;14187292;1.21438;1.21444;1.21441;1;T;True;1
1621256124000;14187295;1.21439;1.21445;1.21442;2;T;True;1
1621256125000;14187296;1.21439;1.21445;1.21442;0;T;True;1
1621256126000;14187298;1.2144;1.21446;1.21443;1;T;True;1
1621256127000;14187301;1.21441;1.21447;1.21444;2;T;True;1
1621256128000;14187302;1.21441;1.21447;1.21444;0;T;True;1
1621256129000;14187303;1.21441;1.21447;1.21444;0;T;True;1
1621256130000;14187304;1.21441;1.21447;1.21444;0;T;True;1
1621256131000;14187305;1.21441;1.21447;1.21444;0;T;True;1
1621256132000;14187306;1.21441;1.21447;1.21444;0;T;True;1
1621256133000;14187307;1.21441;1.21447;1.21444;0;T;True;1
1621256134000;14187309;1.2144;1.21446;1.21443;1;T;True;1
1621256135000;14187310;1.2144;1.21446;1.21443;0;T;True;1
1621256136000;14187311;1.2144;1.21446;1.21443;0;T;True;1
1621256137000;14187313;1.21441;1.21447;1.21444;1;T;True;1
1621256138000;14187314;1.21441;1.21447;1.21444;0;T;True;1
1621256139000;14187316;1.21441;1.21447;1.21444;1;T;True;1
1621256140000;14187318;1.2144;1.21446;1.21443;1;T;True;1
1621256141000;14187321;1.2144;1.21446;1.21443;2;T;True;1
1621256142000;14187322;1.2144;1.21446;1.21443;0;T;True;1
1621256143000;14187324;1.21441;1.21447;1.21444;1;T;True;1
1621256144000;14187327;1.21441;1.21447;1.21444;2;T;True;1
1621256145000;14187330;1.2144;1.21446;1.21443;2;T;True;1
1621256146000;14187335;1.2144;1.21446;1.21443;4;T;True;1
1621256147000;14187336;1.2144;1.21446;1.21443;0;T;True;1
1621256148000;14187339;1.2144;1.21446;1.21443;2;T;True;1
1621256149000;14187341;1.2144;1.21446;1.21443;1;T;True;1
1621256150000;14187342;1.2144;1.21446;1.21443;0;T;True;1
1621256151000;14187343;1.2144;1.21446;1.21443;0;T;True;1
1621256152000;14187345;1.21441;1.21447;1.21444;1;T;True;1
1621256153000;14187347;1.2144;1.21446;1.21443;1;T;True;1
1621256154000;14187350;1.2144;1.21446;1.21443;2;T;True;1
1621256155000;14187353;1.2144;1.21446;1.21443;2;T;True;1
1621256156000;14187354;1.2144;1.21446;1.21443;0;T;True;1
1621256157000;14187355;1.2144;1.21446;1.21443;0;T;True;1
1621256158000;14187358;1.2144;1.21446;1.21443;2;T;True;1
1621256159000;14187367;1.21436;1.21442;1.21439;8;T;True;1
1621256160000;14187368;1.21436;1.21442;1.21439;0;T;True;1
1621256161000;14187369;1.21436;1.21442;1.21439;0;T;True;1
1621256162000;14187374;1.21438;1.21444;1.21441;4;T;True;1
1621256163000;14187380;1.2144;1.21446;1.21443;5;T;True;1
1621256164000;14187383;1.21442;1.21448;1.21445;2;T;True;1
1621256165000;14187386;1.21442;1.21448;1.21445;2;T;True;1
1621256166000;14187387;1.21442;1.21448;1.21445;0;T;True;1
1621256167000;14187388;1.21442;1.21448;1.21445;0;T;True;1
1621256168000;14187389;1.21442;1.21448;1.21445;0;T;True;1
1621256169000;14187392;1.2144;1.21446;1.21443;2;T;True;1
1621256170000;14187393;1.2144;1.21446;1.21443;0;T;True;1
1621256171000;14187394;1.2144;1.21446;1.21443;0;T;True;1
1621256172000;14187395;1.2144;1.21446;1.21443;0;T;True;1
1621256173000;14187396;1.2144;1.21446;1.21443;0;T;True;1
1621256174000;14187398;1.2144;1.21446;1.21443;1;T;True;1
1621256175000;14187400;1.2144;1.21446;1.21443;1;T;True;1
1621256176000;14187406;1.21442;1.21448;1.21445;5;T;True;1
1621256177000;14187407;1.21442;1.21448;1.21445;0;T;True;1
1621256178000;14187408;1.21442;1.21448;1.21445;0;T;True;1
1621256179000;14187410;1.21442;1.21448;1.21445;1;T;True;1
1621256180000;14187411;1.21442;1.21448;1.21445;0;T;True;1
1621256181000;14187412;1.21442;1.21448;1.21445;0;T;True;1
1621256182000;14187414;1.21443;1.21449;1.21446;1;T;True;1
1621256183000;14187415;1.21443;1.21449;1.21446;0;T;True;1
1621256184000;14187417;1.21443;1.21449;1.21446;1;T;True;1
1621256185000;14187418;1.21443;1.21449;1.21446;0;T;True;1
1621256186000;14187420;1.21443;1.21449;1.21446;1;T;True;1
1621256187000;14187421;1.21443;1.21449;1.21446;0;T;True;1
1621256188000;14187426;1.21444;1.2145;1.21447;4;T;True;1
1621256189000;14187427;1.21444;1.2145;1.21447;0;T;True;1
1621256190000;14187433;1.21446;1.21452;1.21449;5;T;True;1
1621256191000;14187435;1.21446;1.21452;1.21449;1;T;True;1
1621256192000;14187437;1.21446;1.21452;1.21449;1;T;True;1
1621256193000;14187443;1.21442;1.21448;1.21445;5;T;True;1
1621256194000;14187444;1.21442;1.21448;1.21445;0;T;True;1
