ts;n;bid;ask;value;volume;phase;round;active_id
1621256262000;14187641;1.2142;1.21426;1.21423;6;T;True;1
1621256263000;14187643;1.2142;1.21426;1.21423;1;T;True;1
1621256264000;14187644;1.2142;1.21426;1.21423;0;T;True;1
1621256265000;14187645;1.2142;1.21426;1.21423;0;T;True;1
1621256266000;14187646;1.2142;1.21426;1.21423;0;T;True;1
1621256267000;14187649;1.2142;1.21426;1.21423;2;T;True;1
1621256268000;14187651;1.2142;1.21426;1.21423;1;T;True;1
1621256269000;14187658;1.21415;1.21421;1.21418;6;T;True;1
1621256270000;14187659;1.21415;1.21421;1.21418;0;T;True;1
1621256271000;14187660;1.21415;1.21421;1.21418;0;T;True;1
1621256272000;14187661;1.21415;1.21421;1.21418;0;T;True;1
1621256273000;14187662;1.21415;1.21421;1.21418;0;T;True;1
1621256274000;14187665;1.21414;1.2142;1.21417;2;T;True;1
1621256275000;14187668;1.21414;1.2142;1.21417;2;T;True;1
1621256276000;14187674;1.2141;1.21416;1.21413;5;T;True;1
1621256277000;14187683;1.21406;1.21412;1.21409;8;T;True;1
1621256278000;14187688;1.21408;1.21414;1.21411;4;T;True;1
1621256279000;14187694;1.21409;1.21415;1.21412;5;T;True;1
1621256280000;14187699;1.2141;1.21416;1.21413;4;T;True;1
1621256281000;14187701;1.2141;1.21416;1.21413;1;T;True;1
1621256282000;14187703;1.2141;1.21416;1.21413;1;T;True;1
1621256283000;14187705;1.2141;1.21416;1.21413;1;T;True;1
1621256284000;14187712;1.21406;1.21412;1.21409;6;T;True;1
1621256285000;14187717;1.2141;1.21416;1.21413;4;T;True;1
1621256286000;14187718;1.2141;1.21416;1.21413;0;T;True;1
1621256287000;14187719;1.2141;1.21416;1.21413;0;T;True;1
1621256288000;14187721;1.2141;1.21416;1.21413;1;T;True;1
1621256289000;14187723;1.2141;1.21416;1.21413;1;T;True;1
1621256290000;14187724;1.2141;1.21416;1.21413;0;T;True;1
1621256291000;14187725;1.2141;1.21416;1.21413;0;T;True;1
1621256292000;14187728;1.21408;1.21414;1.21411;2;T;True;1
1621256293000;14187731;1.21409;1.21415;1.21412;2;T;True;1
1621256294000;14187734;1.21409;1.21415;1.21412;2;T;True;1
1621256295000;14187736;1.2141;1.21416;1.21413;1;T;True;1
1621256296000;14187738;1.2141;1.21416;1.21413;1;T;True;1
1621256297000;14187742;1.2141;1.21416;1.21413;3;T;True;1
1621256298000;14187744;1.2141;1.21416;1.21413;1;T;True;1
1621256299000;14187745;1.2141;1.21416;1.21413;0;T;True;1
1621256300000;14187747;1.21408;1.21414;1.21411;1;T;True;1
1621256301000;14187748;1.21408;1.21414;1.21411;0;T;True;1
1621256302000;14187760;1.2142;1.21426;1.21423;11;T;True;1
1621256303000;14187763;1.2142;1.21426;1.21423;2;T;True;1
1621256304000;14187767;1.2142;1.21426;1.21423;3;T;True;1
1621256305000;14187771;1.21421;1.21427;1.21424;3;T;True;1
1621256306000;14187774;1.21422;1.21428;1.21425;2;T;True;1
1621256307000;14187775;1.21422;1.21428;1.21425;0;T;True;1
1621256308000;14187776;1.21422;1.21428;1.21425;0;T;True;1
1621256309000;14187781;1.21424;1.2143;1.21427;4;T;True;1
1621256310000;14187783;1.21424;1.2143;1.21427;1;T;True;1
1621256311000;14187786;1.21424;1.2143;1.21427;2;T;True;1
1621256312000;14187788;1.21424;1.2143;1.21427;1;T;True;1
1621256313000;14187789;1.21424;1.2143;1.21427;0;T;True;1
1621256314000;14187791;1.21424;1.2143;1.21427;1;T;True;1
1621256315000;14187792;1.21424;1.2143;1.21427;0;T;True;1
1621256316000;14187793;1.21424;1.2143;1.21427;0;T;True;1
1621256317000;14187795;1.21424;1.2143;1.21427;1;T;True;1
1621256318000;14187796;1.21424;1.2143;1.21427;0;T;True;1
1621256319000;14187800;1.21424;1.2143;1.21427;3;T;True;1
1621256320000;14187801;1.21424;1.2143;1.21427;0;T;True;1
1621256321000;14187803;1.21423;1.21429;1.21426;1;T;True;1
1621256322000;14187809;1.2142;1.21426;1.21423;5;T;True;1
1621256323000;14187812;1.2142;1.21426;1.21423;2;T;True;1
1621256324000;14187813;1.2142;1.21426;1.21423;0;T;True;1
1621256325000;14187819;1.2142;1.21426;1.21423;5;T;True;1
1621256326000;14187826;1.21421;1.21427;1.21424;6;T;True;1
1621256327000;14187829;1.21421;1.21427;1.21424;2;T;True;1
1621256328000;14187832;1.21422;1.21428;1.21425;2;T;True;1
1621256329000;14187838;1.21421;1.21427;1.21424;5;T;True;1
1621256330000;14187841;1.21422;1.21428;1.21425;2;T;True;1
1621256331000;14187846;1.21424;1.2143;1.21427;4;T;True;1
1621256332000;14187849;1.21426;1.21432;1.21429;2;T;True;1
1621256333000;14187850;1.21426;1.21432;1.21429;0;T;True;1
1621256334000;14187851;1.21426;1.21432;1.21429;0;T;True;1
1621256335000;14187857;1.2143;1.21436;1.21433;5;T;True;1
1621256336000;14187860;1.2143;1.21436;1.21433;2;T;True;1
1621256337000;14187865;1.21428;1.21434;1.21431;4;T;True;1
1621256338000;14187867;1.21427;1.21433;1.2143;1;T;True;1
1621256339000;14187872;1.21429;1.21435;1.21432;4;T;True;1
1621256340000;14187876;1.21428;1.21434;1.21431;3;T;True;1
1621256341000;14187880;1.21428;1.21434;1.21431;3;T;True;1
1621256342000;14187884;1.21427;1.21433;1.2143;3;T;True;1
1621256343000;14187894;1.2143;1.21436;1.21433;9;T;True;1
1621256344000;14187895;1.2143;1.21436;1.21433;0;T;True;1
1621256345000;14187897;1.21429;1.21435;1.21432;1;T;True;1
1621256346000;14187899;1.21428;1.21434;1.21431;1;T;True;1
1621256347000;14187900;1.21428;1.21434;1.21431;0;T;True;1
1621256348000;14187901;1.21428;1.21434;1.21431;0;T;True;1
1621256349000;14187904;1.21428;1.21434;1.21431;2;T;True;1
1621256350000;14187905;1.21428;1.21434;1.21431;0;T;True;1
1621256351000;14187907;1.21428;1.21434;1.21431;1;T;True;1
1621256352000;14187912;1.21428;1.21434;1.21431;4;T;True;1
1621256353000;14187913;1.21428;1.21434;1.21431;0;T;True;1
1621256354000;14187919;1.21426;1.21432;1.21429;5;T;True;1
1621256355000;14187920;1.21426;1.21432;1.21429;0;T;True;1
1621256356000;14187921;1.21426;1.21432;1.21429;0;T;True;1
1621256357000;14187923;1.21426;1.21432;1.21429;1;T;True;1
1621256358000;14187930;1.21428;1.21434;1.21431;6;T;True;1
1621256359000;14187931;1.21428;1.21434;1.21431;0;T;True;1
1621256360000;14187933;1.21428;1.21434;1.21431;1;T;True;1
1621256361000;14187940;1.21426;1.21432;1.21429;6;T;True;1
1621256362000;14187942;1.21424;1.2143;1.21427;1;T;True;1
1621256363000;14187943;1.21424;1.2143;1.21427;0;T;True;1
1621256364000;14187946;1.21424;1.2143;1.21427;2;T;True;1
1621256365000;14187949;1.21424;1.2143;1.21427;2;T;True;1
1621256366000;14187950;1.21424;1.2143;1.21427;0;T;True;1
1621256367000;14187951;1.21424;1.2143;1.21427;0;T;True;1
1621256368000;14187955;1.21424;1.2143;1.21427;3;T;True;1
1621256369000;14187959;1.21422;1.21428;1.21425;3;T;True;1
1621256370000;14187961;1.21422;1.21428;1.21425;1;T;True;1
1621256371000;14187963;1.21422;1.21428;1.21425;1;T;True;1
1621256372000;14187965;1.21421;1.21427;1.21424;1;T;True;1
1621256373000;14187969;1.21421;1.21427;1.21424;3;T;True;1
1621256374000;14187981;1.21414;1.2142;1.21417;11;T;True;1
1621256375000;14187986;1.21414;1.2142;1.21417;4;T;True;1
1621256376000;14187988;1.21414;1.2142;1.21417;1;T;True;1
1621256377000;14187999;1.21413;1.21419;1.21416;10;T;True;1
1621256378000;14188002;1.21412;1.21418;1.21415;2;T;True;1
1621256379000;14188005;1.21411;1.21417;1.21414;2;T;True;1
1621256380000;14188008;1.21411;1.21417;1.21414;2;T;True;1
1621256381000;14188010;1.21411;1.21417;1.21414;1;T;True;1
1621256382000;14188019;1.21407;1.21413;1.2141;8;T;True;1
1621256383000;14188024;1.21408;1.21414;1.21411;4;T;True;1
1621256384000;14188032;1.21407;1.21413;1.2141;7;T;True;1
1621256385000;14188033;1.21407;1.21413;1.2141;0;T;True;1
1621256386000;14188035;1.21407;1.21413;1.2141;1;T;True;1
1621256387000;14188037;1.21407;1.21413;1.2141;1;T;True;1
1621256388000;14188040;1.21406;1.21412;1.21409;2;T;True;1
1621256389000;14188045;1.21404;1.2141;1.21407;4;T;True;1
1621256390000;14188049;1.21404;1.2141;1.21407;3;T;True;1
1621256391000;14188058;1.21401;1.21407;1.21404;8;T;True;1
1621256392000;14188062;1.21401;1.21407;1.21404;3;T;True;1
1621256393000;14188066;1.214;1.21406;1.21403;3;T;True;1
1621256394000;14188069;1.214;1.21406;1.21403;2;T;True;1
1621256395000;14188071;1.21399;1.21405;1.21402;1;T;True;1
1621256396000;14188074;1.21399;1.21405;1.21402;2;T;True;1
1621256397000;14188077;1.21398;1.21404;1.21401;2;T;True;1
1621256398000;14188083;1.21396;1.21402;1.21399;5;T;True;1
1621256399000;14188089;1.21396;1.21402;1.21399;5;T;True;1
1621256400000;14188093;1.21396;1.21402;1.21399;3;T;True;1
1621256401000;14188106;1.21391;1.21397;1.21394;12;T;True;1
1621256402000;14188114;1.21386;1.21392;1.21389;7;T;True;1
1621256403000;14188120;1.21389;1.21395;1.21392;5;T;True;1
1621256404000;14188124;1.21388;1.21394;1.21391;3;T;True;1
1621256405000;14188135;1.21378;1.21384;1.21381;10;T;True;1
1621256406000;14188143;1.21374;1.2138;1.21377;7;T;True;1
1621256407000;14188155;1.2138;1.21386;1.21383;11;T;True;1
1621256408000;14188156;1.2138;1.21386;1.21383;0;T;True;1
1621256409000;14188162;1.21384;1.2139;1.21387;5;T;True;1
1621256410000;14188167;1.21386;1.21392;1.21389;4;T;True;1
1621256411000;14188169;1.21386;1.21392;1.21389;1;T;True;1
1621256412000;14188172;1.21384;1.2139;1.21387;2;T;True;1
1621256413000;14188177;1.21382;1.21388;1.21385;4;T;True;1
1621256414000;14188184;1.21384;1.2139;1.21387;6;T;True;1
1621256415000;14188185;1.21384;1.2139;1.21387;0;T;True;1
1621256416000;14188198;1.21379;1.21385;1.21382;12;T;True;1
1621256417000;14188207;1.2138;1.21386;1.21383;8;T;True;1
1621256418000;14188219;1.21382;1.21388;1.21385;11;T;True;1
1621256419000;14188220;1.21382;1.21388;1.21385;0;T;True;1
1621256420000;14188224;1.21386;1.21392;1.21389;3;T;True;1
1621256421000;14188229;1.21388;1.21394;1.21391;4;T;True;1
1621256422000;14188230;1.21388;1.21394;1.21391;0;T;True;1
1621256423000;14188231;1.21388;1.21394;1.21391;0;T;True;1
1621256424000;14188234;1.2139;1.21396;1.21393;2;T;True;1
1621256425000;14188235;1.2139;1.21396;1.21393;0;T;True;1
1621256426000;14188245;1.21399;1.21405;1.21402;9;T;True;1
1621256427000;14188247;1.21398;1.21404;1.21401;1;T;True;1
1621256428000;14188250;1.214;1.21406;1.21403;2;T;True;1
1621256429000;14188253;1.21402;1.21408;1.21405;2;T;True;1
1621256430000;14188254;1.21402;1.21408;1.21405;0;T;True;1
1621256431000;14188255;1.21402;1.21408;1.21405;0;T;True;1
1621256432000;14188256;1.21402;1.21408;1.21405;0;T;True;1
1621256433000;14188259;1.21402;1.21408;1.21405;2;T;True;1
1621256434000;14188261;1.21403;1.21409;1.21406;1;T;True;1
1621256435000;14188265;1.21404;1.2141;1.21407;3;T;True;1
1621256436000;14188266;1.21404;1.2141;1.21407;0;T;True;1
1621256437000;14188270;1.21405;1.21411;1.21408;3;T;True;1
1621256438000;14188271;1.21405;1.21411;1.21408;0;T;True;1
1621256439000;14188272;1.21405;1.21411;1.21408;0;T;True;1
1621256440000;14188279;1.21401;1.21407;1.21404;6;T;True;1
1621256441000;14188283;1.21402;1.21408;1.21405;3;T;True;1
1621256442000;14188289;1.214;1.21406;1.21403;5;T;True;1
1621256443000;14188290;1.214;1.21406;1.21403;0;T;True;1
1621256444000;14188293;1.21401;1.21407;1.21404;2;T;True;1
1621256445000;14188295;1.214;1.21406;1.21403;1;T;True;1
1621256446000;14188296;1.214;1.21406;1.21403;0;T;True;1
1621256447000;14188297;1.214;1.21406;1.21403;0;T;True;1
1621256448000;14188299;1.21401;1.21407;1.21404;1;T;True;1
1621256449000;14188300;1.21401;1.21407;1.21404;0;T;True;1
1621256450000;14188301;1.21401;1.21407;1.21404;0;T;True;1
1621256451000;14188305;1.21404;1.2141;1.21407;3;T;True;1
1621256452000;14188306;1.21404;1.2141;1.21407;0;T;True;1
1621256453000;14188309;1.21404;1.2141;1.21407;2;T;True;1
1621256454000;14188320;1.21414;1.2142;1.21417;10;T;True;1
1621256455000;14188327;1.21416;1.21422;1.21419;6;T;True;1
1621256456000;14188332;1.21419;1.21425;1.21422;4;T;True;1
1621256457000;14188333;1.21419;1.21425;1.21422;0;T;True;1
1621256458000;14188336;1.21418;1.21424;1.21421;2;T;True;1
1621256459000;14188339;1.21418;1.21424;1.21421;2;T;True;1
1621256460000;14188344;1.21418;1.21424;1.21421;4;T;True;1
1621256461000;14188347;1.2142;1.21426;1.21423;2;T;True;1
1621256462000;14188353;1.21424;1.2143;1.21427;5;T;True;1
1621256463000;14188355;1.21424;1.2143;1.21427;1;T;True;1
1621256464000;14188360;1.21426;1.21432;1.21429;4;T;True;1
1621256465000;14188366;1.2143;1.21436;1.21433;5;T;True;1
1621256466000;14188370;1.21431;1.21437;1.21434;3;T;True;1
1621256467000;14188377;1.2143;1.21436;1.21433;6;T;True;1
1621256468000;14188378;1.2143;1.21436;1.21433;0;T;True;1
1621256469000;14188379;1.2143;1.21436;1.21433;0;T;True;1
1621256470000;14188381;1.21431;1.21437;1.21434;1;T;True;1
1621256471000;14188382;1.21431;1.21437;1.21434;0;T;True;1
1621256472000;14188386;1.21428;1.21434;1.21431;3;T;True;1
1621256473000;14188389;1.2143;1.21436;1.21433;2;T;True;1
1621256474000;14188397;1.21436;1.21442;1.21439;7;T;True;1
1621256475000;14188400;1.21436;1.21442;1.21439;2;T;True;1
1621256476000;14188408;1.21438;1.21444;1.21441;7;T;True;1
1621256477000;14188410;1.21438;1.21444;1.21441;1;T;True;1
1621256478000;14188412;1.21438;1.21444;1.21441;1;T;True;1
1621256479000;14188413;1.21438;1.21444;1.21441;0;T;True;1
1621256480000;14188417;1.21434;1.2144;1.21437;3;T;True;1
1621256481000;14188422;1.2143;1.21436;1.21433;4;T;True;1
1621256482000;14188426;1.2143;1.21436;1.21433;3;T;True;1
1621256483000;14188432;1.2143;1.21436;1.21433;5;T;True;1
1621256484000;14188434;1.2143;1.21436;1.21433;1;T;True;1
1621256485000;14188436;1.2143;1.21436;1.21433;1;T;True;1
1621256486000;14188437;1.2143;1.21436;1.21433;0;T;True;1
1621256487000;14188446;1.21432;1.21438;1.21435;8;T;True;1
1621256488000;14188448;1.21432;1.21438;1.21435;1;T;True;1
1621256489000;14188449;1.21432;1.21438;1.21435;0;T;True;1
1621256490000;14188451;1.21432;1.21438;1.21435;1;T;True;1
1621256491000;14188453;1.21432;1.21438;1.21435;1;T;True;1
1621256492000;14188457;1.21432;1.21438;1.21435;3;T;True;1
1621256493000;14188465;1.2143;1.21436;1.21433;7;T;True;1
1621256494000;14188471;1.21427;1.21433;1.2143;5;T;True;1
1621256495000;14188472;1.21427;1.21433;1.2143;0;T;True;1
1621256496000;14188474;1.21427;1.21433;1.2143;1;T;True;1
1621256497000;14188475;1.21427;1.21433;1.2143;0;T;True;1
1621256498000;14188476;1.21427;1.21433;1.2143;0;T;True;1
1621256499000;14188477;1.21427;1.21433;1.2143;0;T;True;1
1621256500000;14188479;1.21427;1.21433;1.2143;1;T;True;1
1621256501000;14188480;1.21427;1.21433;1.2143;0;T;True;1
1621256502000;14188489;1.21424;1.2143;1.21427;8;T;True;1
1621256503000;14188498;1.21424;1.2143;1.21427;8;T;True;1
1621256504000;14188500;1.21424;1.2143;1.21427;1;T;True;1
1621256505000;14188501;1.21424;1.2143;1.21427;0;T;True;1
1621256506000;14188502;1.21424;1.2143;1.21427;0;T;True;1
1621256507000;14188504;1.21424;1.2143;1.21427;1;T;True;1
1621256508000;14188505;1.21424;1.2143;1.21427;0;T;True;1
1621256509000;14188506;1.21424;1.2143;1.21427;0;T;True;1
1621256510000;14188509;1.21426;1.21432;1.21429;2;T;True;1
1621256511000;14188510;1.21426;1.21432;1.21429;0;T;True;1
1621256512000;14188511;1.21426;1.21432;1.21429;0;T;True;1
1621256513000;14188512;1.21426;1.21432;1.21429;0;T;True;1
1621256514000;14188516;1.21424;1.2143;1.21427;3;T;True;1
1621256515000;14188522;1.21425;1.21431;1.21428;5;T;True;1
1621256516000;14188524;1.21424;1.2143;1.21427;1;T;True;1
1621256517000;14188527;1.21426;1.21432;1.21429;2;T;True;1
1621256518000;14188531;1.21424;1.2143;1.21427;3;T;True;1
1621256519000;14188532;1.21424;1.2143;1.21427;0;T;True;1
1621256520000;14188537;1.21426;1.21432;1.21429;4;T;True;1
1621256521000;14188541;1.21424;1.2143;1.21427;3;T;True;1
1621256522000;14188542;1.21424;1.2143;1.21427;0;T;True;1
1621256523000;14188544;1.21424;1.2143;1.21427;1;T;True;1
1621256524000;14188545;1.21424;1.2143;1.21427;0;T;True;1
1621256525000;14188546;1.21424;1.2143;1.21427;0;T;True;1
1621256526000;14188551;1.21426;1.21432;1.21429;4;T;True;1
1621256527000;14188552;1.21426;1.21432;1.21429;0;T;True;1
1621256528000;14188553;1.21426;1.21432;1.21429;0;T;True;1
1621256529000;14188562;1.21429;1.21435;1.21432;8;T;True;1
1621256530000;14188569;1.2143;1.21436;1.21433;6;T;True;1
1621256531000;14188571;1.2143;1.21436;1.21433;1;T;True;1
1621256532000;14188586;1.2143;1.21436;1.21433;14;T;True;1
1621256533000;14188590;1.2143;1.21436;1.21433;3;T;True;1
1621256534000;14188592;1.2143;1.21436;1.21433;1;T;True;1
1621256535000;14188595;1.2143;1.21436;1.21433;2;T;True;1
1621256536000;14188597;1.2143;1.21436;1.21433;1;T;True;1
1621256537000;14188601;1.2143;1.21436;1.21433;3;T;True;1
1621256538000;14188602;1.2143;1.21436;1.21433;0;T;True;1
1621256539000;14188606;1.2143;1.21436;1.21433;3;T;True;1
1621256540000;14188607;1.2143;1.21436;1.21433;0;T;True;1
1621256541000;14188609;1.2143;1.21436;1.21433;1;T;True;1
1621256542000;14188612;1.21429;1.21435;1.21432;2;T;True;1
1621256543000;14188619;1.2143;1.21436;1.21433;6;T;True;1
1621256544000;14188624;1.2143;1.21436;1.21433;4;T;True;1
1621256545000;14188629;1.21429;1.21435;1.21432;4;T;True;1
1621256546000;14188637;1.21421;1.21427;1.21424;7;T;True;1
1621256547000;14188644;1.2142;1.21426;1.21423;6;T;True;1
1621256548000;14188645;1.2142;1.21426;1.21423;0;T;True;1
1621256549000;14188646;1.2142;1.21426;1.21423;0;T;True;1
1621256550000;14188649;1.2142;1.21426;1.21423;2;T;True;1
1621256551000;14188658;1.2142;1.21426;1.21423;8;T;True;1
1621256552000;14188664;1.21423;1.21429;1.21426;5;T;True;1
1621256553000;14188672;1.21421;1.21427;1.21424;7;T;True;1
1621256554000;14188677;1.2142;1.21426;1.21423;4;T;True;1
1621256555000;14188678;1.2142;1.21426;1.21423;0;T;True;1
1621256556000;14188681;1.21421;1.21427;1.21424;2;T;True;1
1621256557000;14188683;1.2142;1.21426;1.21423;1;T;True;1
1621256558000;14188689;1.2142;1.21426;1.21423;5;T;True;1
1621256559000;14188690;1.2142;1.21426;1.21423;0;T;True;1
1621256560000;14188695;1.21418;1.21424;1.21421;4;T;True;1
1621256561000;14188696;1.21418;1.21424;1.21421;0;T;True;1
1621256562000;14188699;1.21419;1.21425;1.21422;2;T;True;1
1621256563000;14188701;1.21419;1.21425;1.21422;1;T;True;1
1621256564000;14188702;1.21419;1.21425;1.21422;0;T;True;1
1621256565000;14188705;1.21418;1.21424;1.21421;2;T;True;1
1621256566000;14188708;1.21418;1.21424;1.21421;2;T;True;1
1621256567000;14188709;1.21418;1.21424;1.21421;0;T;True;1
1621256568000;14188710;1.21418;1.21424;1.21421;0;T;True;1
1621256569000;14188711;1.21418;1.21424;1.21421;0;T;True;1
1621256570000;14188712;1.21418;1.21424;1.21421;0;T;True;1
1621256571000;14188713;1.21418;1.21424;1.21421;0;T;True;1
1621256572000;14188714;1.21418;1.21424;1.21421;0;T;True;1
1621256573000;14188715;1.21418;1.21424;1.21421;0;T;True;1
1621256574000;14188716;1.21418;1.21424;1.21421;0;T;True;1
1621256575000;14188717;1.21418;1.21424;1.21421;0;T;True;1
1621256576000;14188718;1.21418;1.21424;1.21421;0;T;True;1
1621256577000;14188730;1.21423;1.21429;1.21426;11;T;True;1
1621256578000;14188731;1.21423;1.21429;1.21426;0;T;True;1
1621256579000;14188736;1.21422;1.21428;1.21425;4;T;True;1
1621256580000;14188740;1.21424;1.2143;1.21427;3;T;True;1
1621256581000;14188743;1.21426;1.21432;1.21429;2;T;True;1
1621256582000;14188744;1.21426;1.21432;1.21429;0;T;True;1
1621256583000;14188748;1.21428;1.21434;1.21431;3;T;True;1
1621256584000;14188753;1.21427;1.21433;1.2143;4;T;True;1
1621256585000;14188754;1.21427;1.21433;1.2143;0;T;True;1
1621256586000;14188755;1.21427;1.21433;1.2143;0;T;True;1
1621256587000;14188761;1.21426;1.21432;1.21429;5;T;True;1
1621256588000;14188762;1.21426;1.21432;1.21429;0;T;True;1
1621256589000;14188763;1.21426;1.21432;1.21429;0;T;True;1
1621256590000;14188764;1.21426;1.21432;1.21429;0;T;True;1
1621256591000;14188765;1.21426;1.21432;1.21429;0;T;True;1
1621256592000;14188771;1.21424;1.2143;1.21427;5;T;True;1
1621256593000;14188779;1.21425;1.21431;1.21428;7;T;True;1
1621256594000;14188782;1.21426;1.21432;1.21429;2;T;True;1
1621256595000;14188783;1.21426;1.21432;1.21429;0;T;True;1
1621256596000;14188785;1.21426;1.21432;1.21429;1;T;True;1
1621256597000;14188786;1.21426;1.21432;1.21429;0;T;True;1
1621256598000;14188795;1.2142;1.21426;1.21423;8;T;True;1
1621256599000;14188796;1.2142;1.21426;1.21423;0;T;True;1
1621256600000;14188802;1.2142;1.21426;1.21423;5;T;True;1
1621256601000;14188803;1.2142;1.21426;1.21423;0;T;True;1
1621256602000;14188804;1.2142;1.21426;1.21423;0;T;True;1
1621256603000;14188806;1.2142;1.21426;1.21423;1;T;True;1
1621256604000;14188810;1.2142;1.21426;1.21423;3;T;True;1
1621256605000;14188814;1.2142;1.21426;1.21423;3;T;True;1
1621256606000;14188826;1.21426;1.21432;1.21429;11;T;True;1
1621256607000;14188828;1.21427;1.21433;1.2143;1;T;True;1
1621256608000;14188832;1.21428;1.21434;1.21431;3;T;True;1
1621256609000;14188833;1.21428;1.21434;1.21431;0;T;True;1
1621256610000;14188834;1.21428;1.21434;1.21431;0;T;True;1
1621256611000;14188838;1.21425;1.21431;1.21428;3;T;True;1
1621256612000;14188844;1.21426;1.21432;1.21429;5;T;True;1
1621256613000;14188848;1.21426;1.21432;1.21429;3;T;True;1
1621256614000;14188851;1.21426;1.21432;1.21429;2;T;True;1
1621256615000;14188852;1.21426;1.21432;1.21429;0;T;True;1
1621256616000;14188853;1.21426;1.21432;1.21429;0;T;True;1
1621256617000;14188858;1.21422;1.21428;1.21425;4;T;True;1
1621256618000;14188859;1.21422;1.21428;1.21425;0;T;True;1
1621256619000;14188867;1.21426;1.21432;1.21429;7;T;True;1
1621256620000;14188870;1.21425;1.21431;1.21428;2;T;True;1
1621256621000;14188875;1.21425;1.21431;1.21428;4;T;True;1
1621256622000;14188878;1.21425;1.21431;1.21428;2;T;True;1
1621256623000;14188883;1.21423;1.21429;1.21426;4;T;True;1
1621256624000;14188886;1.21424;1.2143;1.21427;2;T;True;1
1621256625000;14188888;1.21424;1.2143;1.21427;1;T;True;1
1621256626000;14188889;1.21424;1.2143;1.21427;0;T;True;1
1621256627000;14188892;1.21426;1.21432;1.21429;2;T;True;1
1621256628000;14188893;1.21426;1.21432;1.21429;0;T;True;1
1621256629000;14188896;1.21425;1.21431;1.21428;2;T;True;1
1621256630000;14188898;1.21426;1.21432;1.21429;1;T;True;1
1621256631000;14188902;1.21428;1.21434;1.21431;3;T;True;1
1621256632000;14188903;1.21428;1.21434;1.21431;0;T;True;1
1621256633000;14188905;1.21428;1.21434;1.21431;1;T;True;1
1621256634000;14188907;1.2143;1.21436;1.21433;1;T;True;1
1621256635000;14188912;1.21432;1.21438;1.21435;4;T;True;1
1621256636000;14188916;1.21433;1.21439;1.21436;3;T;True;1
1621256637000;14188917;1.21433;1.21439;1.21436;0;T;True;1
1621256638000;14188919;1.21432;1.21438;1.21435;1;T;True;1
1621256639000;14188921;1.21428;1.21434;1.21431;1;T;True;1
1621256640000;14188922;1.21428;1.21434;1.21431;0;T;True;1
1621256641000;14188927;1.2143;1.21436;1.21433;4;T;True;1
1621256642000;14188928;1.2143;1.21436;1.21433;0;T;True;1
1621256643000;14188929;1.2143;1.21436;1.21433;0;T;True;1
1621256644000;14188930;1.2143;1.21436;1.21433;0;T;True;1
1621256645000;14188932;1.21428;1.21434;1.21431;1;T;True;1
1621256646000;14188934;1.21428;1.21434;1.21431;1;T;True;1
1621256647000;14188938;1.2143;1.21436;1.21433;3;T;True;1
1621256648000;14188939;1.2143;1.21436;1.21433;0;T;True;1
1621256649000;14188941;1.2143;1.21436;1.21433;1;T;True;1
1621256650000;14188942;1.2143;1.21436;1.21433;0;T;True;1
1621256651000;14188943;1.2143;1.21436;1.21433;0;T;True;1
1621256652000;14188944;1.2143;1.21436;1.21433;0;T;True;1
1621256653000;14188945;1.2143;1.21436;1.21433;0;T;True;1
1621256654000;14188946;1.2143;1.21436;1.21433;0;T;True;1
1621256655000;14188947;1.2143;1.21436;1.21433;0;T;True;1
1621256656000;14188955;1.21426;1.21432;1.21429;7;T;True;1
1621256657000;14188958;1.21424;1.2143;1.21427;2;T;True;1
1621256658000;14188961;1.21423;1.21429;1.21426;2;T;True;1
1621256659000;14188965;1.21424;1.2143;1.21427;3;T;True;1
1621256660000;14188966;1.21424;1.2143;1.21427;0;T;True;1
1621256661000;14188972;1.21429;1.21435;1.21432;5;T;True;1
1621256662000;14188977;1.2143;1.21436;1.21433;4;T;True;1
1621256663000;14188979;1.2143;1.21436;1.21433;1;T;True;1
1621256664000;14188990;1.21427;1.21433;1.2143;10;T;True;1
1621256665000;14188993;1.21426;1.21432;1.21429;2;T;True;1
1621256666000;14189006;1.21424;1.2143;1.21427;12;T;True;1
1621256667000;14189007;1.21424;1.2143;1.21427;0;T;True;1
1621256668000;14189014;1.21424;1.2143;1.21427;6;T;True;1
1621256669000;14189015;1.21424;1.2143;1.21427;0;T;True;1
1621256670000;14189016;1.21424;1.2143;1.21427;0;T;True;1
1621256671000;14189023;1.21426;1.21432;1.21429;6;T;True;1
1621256672000;14189024;1.21426;1.21432;1.21429;0;T;True;1
1621256673000;14189025;1.21426;1.21432;1.21429;0;T;True;1
1621256674000;14189027;1.21427;1.21433;1.2143;1;T;True;1
1621256675000;14189028;1.21427;1.21433;1.2143;0;T;True;1
1621256676000;14189030;1.21427;1.21433;1.2143;1;T;True;1
1621256677000;14189033;1.21429;1.21435;1.21432;2;T;True;1
1621256678000;14189037;1.21428;1.21434;1.21431;3;T;True;1
1621256679000;14189042;1.2143;1.21436;1.21433;4;T;True;1
1621256680000;14189044;1.2143;1.21436;1.21433;1;T;True;1
1621256681000;14189051;1.21428;1.21434;1.21431;6;T;True;1
1621256682000;14189056;1.21429;1.21435;1.21432;4;T;True;1
1621256683000;14189062;1.21427;1.21433;1.2143;5;T;True;1
1621256684000;14189066;1.21426;1.21432;1.21429;3;T;True;1
1621256685000;14189068;1.21426;1.21432;1.21429;1;T;True;1
1621256686000;14189072;1.21426;1.21432;1.21429;3;T;True;1
1621256687000;14189075;1.21424;1.2143;1.21427;2;T;True;1
1621256688000;14189080;1.21422;1.21428;1.21425;4;T;True;1
1621256689000;14189086;1.21422;1.21428;1.21425;5;T;True;1
1621256690000;14189088;1.21422;1.21428;1.21425;1;T;True;1
1621256691000;14189090;1.21421;1.21427;1.21424;1;T;True;1
1621256692000;14189091;1.21421;1.21427;1.21424;0;T;True;1
1621256693000;14189102;1.21421;1.21427;1.21424;10;T;True;1
1621256694000;14189105;1.21421;1.21427;1.21424;2;T;True;1
1621256695000;14189108;1.21421;1.21427;1.21424;2;T;True;1
1621256696000;14189113;1.21421;1.21427;1.21424;4;T;True;1
1621256697000;14189115;1.21421;1.21427;1.21424;1;T;True;1
1621256698000;14189120;1.21418;1.21424;1.21421;4;T;True;1
1621256699000;14189124;1.21418;1.21424;1.21421;3;T;True;1
1621256700000;14189130;1.2142;1.21426;1.21423;5;T;True;1
1621256701000;14189134;1.2142;1.21426;1.21423;3;T;True;1
1621256702000;14189136;1.2142;1.21426;1.21423;1;T;True;1
1621256703000;14189144;1.21418;1.21424;1.21421;7;T;True;1
1621256704000;14189146;1.21418;1.21424;1.21421;1;T;True;1
1621256705000;14189148;1.21418;1.21424;1.21421;1;T;True;1
1621256706000;14189151;1.21416;1.21422;1.21419;2;T;True;1
1621256707000;14189153;1.21416;1.21422;1.21419;1;T;True;1
1621256708000;14189154;1.21416;1.21422;1.21419;0;T;True;1
1621256709000;14189158;1.21416;1.21422;1.21419;3;T;True;1
1621256710000;14189161;1.21416;1.21422;1.21419;2;T;True;1
1621256711000;14189162;1.21416;1.21422;1.21419;0;T;True;1
1621256712000;14189168;1.21418;1.21424;1.21421;5;T;True;1
1621256713000;14189172;1.2142;1.21426;1.21423;3;T;True;1
1621256714000;14189174;1.21419;1.21425;1.21422;1;T;True;1
1621256715000;14189180;1.2142;1.21426;1.21423;5;T;True;1
1621256716000;14189182;1.2142;1.21426;1.21423;1;T;True;1
1621256717000;14189184;1.21421;1.21427;1.21424;1;T;True;1
1621256718000;14189192;1.21424;1.2143;1.21427;7;T;True;1
1621256719000;14189195;1.21426;1.21432;1.21429;2;T;True;1
1621256720000;14189199;1.21426;1.21432;1.21429;3;T;True;1
1621256721000;14189204;1.21425;1.21431;1.21428;4;T;True;1
1621256722000;14189206;1.21426;1.21432;1.21429;1;T;True;1
1621256723000;14189210;1.21424;1.2143;1.21427;3;T;True;1
1621256724000;14189214;1.21422;1.21428;1.21425;3;T;True;1
1621256725000;14189215;1.21422;1.21428;1.21425;0;T;True;1
1621256726000;14189218;1.21424;1.2143;1.21427;2;T;True;1
1621256727000;14189224;1.21422;1.21428;1.21425;5;T;True;1
1621256728000;14189227;1.21422;1.21428;1.21425;2;T;True;1
1621256729000;14189229;1.21421;1.21427;1.21424;1;T;True;1
1621256730000;14189230;1.21421;1.21427;1.21424;0;T;True;1
1621256731000;14189233;1.21422;1.21428;1.21425;2;T;True;1
1621256732000;14189236;1.2142;1.21426;1.21423;2;T;True;1
1621256733000;14189239;1.2142;1.21426;1.21423;2;T;True;1
1621256734000;14189241;1.2142;1.21426;1.21423;1;T;True;1
1621256735000;14189244;1.2142;1.21426;1.21423;2;T;True;1
1621256736000;14189245;1.2142;1.21426;1.21423;0;T;True;1
1621256737000;14189249;1.21418;1.21424;1.21421;3;T;True;1
1621256738000;14189252;1.21418;1.21424;1.21421;2;T;True;1
1621256739000;14189253;1.21418;1.21424;1.21421;0;T;True;1
1621256740000;14189254;1.21418;1.21424;1.21421;0;T;True;1
1621256741000;14189255;1.21418;1.21424;1.21421;0;T;True;1
1621256742000;14189264;1.21424;1.2143;1.21427;8;T;True;1
1621256743000;14189265;1.21424;1.2143;1.21427;0;T;True;1
1621256744000;14189266;1.21424;1.2143;1.21427;0;T;True;1
1621256745000;14189267;1.21424;1.2143;1.21427;0;T;True;1
1621256746000;14189268;1.21424;1.2143;1.21427;0;T;True;1
1621256747000;14189269;1.21424;1.2143;1.21427;0;T;True;1
1621256748000;14189270;1.21424;1.2143;1.21427;0;T;True;1
1621256749000;14189271;1.21424;1.2143;1.21427;0;T;True;1
1621256750000;14189276;1.21428;1.21434;1.21431;4;T;True;1
1621256751000;14189279;1.21426;1.21432;1.21429;2;T;True;1
1621256752000;14189280;1.21426;1.21432;1.21429;0;T;True;1
1621256753000;14189283;1.21424;1.2143;1.21427;2;T;True;1
1621256754000;14189289;1.21418;1.21424;1.21421;5;T;True;1
1621256755000;14189291;1.21418;1.21424;1.21421;1;T;True;1
1621256756000;14189293;1.21418;1.21424;1.21421;1;T;True;1
1621256757000;14189298;1.21416;1.21422;1.21419;4;T;True;1
1621256758000;14189299;1.21416;1.21422;1.21419;0;T;True;1
1621256759000;14189302;1.21416;1.21422;1.21419;2;T;True;1
1621256760000;14189304;1.21415;1.21421;1.21418;1;T;True;1
1621256761000;14189314;1.21409;1.21415;1.21412;9;T;True;1
1621256762000;14189320;1.2141;1.21416;1.21413;5;T;True;1
1621256763000;14189327;1.21406;1.21412;1.21409;6;T;True;1
1621256764000;14189332;1.21404;1.2141;1.21407;4;T;True;1
1621256765000;14189335;1.21404;1.2141;1.21407;2;T;True;1
1621256766000;14189337;1.21404;1.2141;1.21407;1;T;True;1
1621256767000;14189339;1.21404;1.2141;1.21407;1;T;True;1
1621256768000;14189341;1.21404;1.2141;1.21407;1;T;True;1
1621256769000;14189343;1.21404;1.2141;1.21407;1;T;True;1
1621256770000;14189351;1.21408;1.21414;1.21411;7;T;True;1
1621256771000;14189352;1.21408;1.21414;1.21411;0;T;True;1
1621256772000;14189353;1.21408;1.21414;1.21411;0;T;True;1
1621256773000;14189354;1.21408;1.21414;1.21411;0;T;True;1
1621256774000;14189356;1.21408;1.21414;1.21411;1;T;True;1
1621256775000;14189357;1.21408;1.21414;1.21411;0;T;True;1
1621256776000;14189358;1.21408;1.21414;1.21411;0;T;True;1
1621256777000;14189359;1.21408;1.21414;1.21411;0;T;True;1
1621256778000;14189364;1.21407;1.21413;1.2141;4;T;True;1
1621256779000;14189365;1.21407;1.21413;1.2141;0;T;True;1
1621256780000;14189369;1.21408;1.21414;1.21411;3;T;True;1
1621256781000;14189374;1.21408;1.21414;1.21411;4;T;True;1
1621256782000;14189383;1.21414;1.2142;1.21417;8;T;True;1
1621256783000;14189385;1.21414;1.2142;1.21417;1;T;True;1
1621256784000;14189395;1.21418;1.21424;1.21421;9;T;True;1
1621256785000;14189396;1.21418;1.21424;1.21421;0;T;True;1
1621256786000;14189401;1.21417;1.21423;1.2142;4;T;True;1
1621256787000;14189402;1.21417;1.21423;1.2142;0;T;True;1
1621256788000;14189416;1.21423;1.21429;1.21426;13;T;True;1
1621256789000;14189417;1.21423;1.21429;1.21426;0;T;True;1
1621256790000;14189418;1.21423;1.21429;1.21426;0;T;True;1
1621256791000;14189421;1.21423;1.21429;1.21426;2;T;True;1
1621256792000;14189422;1.21423;1.21429;1.21426;0;T;True;1
1621256793000;14189423;1.21423;1.21429;1.21426;0;T;True;1
1621256794000;14189424;1.21423;1.21429;1.21426;0;T;True;1
1621256795000;14189425;1.21423;1.21429;1.21426;0;T;True;1
1621256796000;14189426;1.21423;1.21429;1.21426;0;T;True;1
1621256797000;14189429;1.21424;1.2143;1.21427;2;T;True;1
1621256798000;14189430;1.21424;1.2143;1.21427;0;T;True;1
1621256799000;14189431;1.21424;1.2143;1.21427;0;T;True;1
1621256800000;14189432;1.21424;1.2143;1.21427;0;T;True;1
1621256801000;14189435;1.21424;1.2143;1.21427;2;T;True;1
1621256802000;14189436;1.21424;1.2143;1.21427;0;T;True;1
1621256803000;14189437;1.21424;1.2143;1.21427;0;T;True;1
1621256804000;14189447;1.21426;1.21432;1.21429;9;T;True;1
1621256805000;14189451;1.21428;1.21434;1.21431;3;T;True;1
1621256806000;14189456;1.21425;1.21431;1.21428;4;T;True;1
1621256807000;14189461;1.21428;1.21434;1.21431;4;T;True;1
1621256808000;14189465;1.21429;1.21435;1.21432;3;T;True;1
1621256809000;14189467;1.2143;1.21436;1.21433;1;T;True;1
1621256810000;14189473;1.21432;1.21438;1.21435;5;T;True;1
1621256811000;14189474;1.21432;1.21438;1.21435;0;T;True;1
1621256812000;14189479;1.21432;1.21438;1.21435;4;T;True;1
1621256813000;14189481;1.21434;1.2144;1.21437;1;T;True;1
1621256814000;14189484;1.21432;1.21438;1.21435;2;T;True;1
1621256815000;14189485;1.21432;1.21438;1.21435;0;T;True;1
1621256816000;14189486;1.21432;1.21438;1.21435;0;T;True;1
1621256817000;14189490;1.21426;1.21432;1.21429;3;T;True;1
1621256818000;14189493;1.21426;1.21432;1.21429;2;T;True;1
1621256819000;14189495;1.21426;1.21432;1.21429;1;T;True;1
1621256820000;14189499;1.21428;1.21434;1.21431;3;T;True;1
1621256821000;14189506;1.21428;1.21434;1.21431;6;T;True;1
1621256822000;14189507;1.21428;1.21434;1.21431;0;T;True;1
1621256823000;14189508;1.21428;1.21434;1.21431;0;T;True;1
1621256824000;14189509;1.21428;1.21434;1.21431;0;T;True;1
1621256825000;14189511;1.21428;1.21434;1.21431;1;T;True;1
1621256826000;14189512;1.21428;1.21434;1.21431;0;T;True;1
1621256827000;14189514;1.21428;1.21434;1.21431;1;T;True;1
1621256828000;14189515;1.21428;1.21434;1.21431;0;T;True;1
1621256829000;14189516;1.21428;1.21434;1.21431;0;T;True;1
1621256830000;14189517;1.21428;1.21434;1.21431;0;T;True;1
1621256831000;14189518;1.21428;1.21434;1.21431;0;T;True;1
1621256832000;14189519;1.21428;1.21434;1.21431;0;T;True;1
1621256833000;14189520;1.21428;1.21434;1.21431;0;T;True;1
1621256834000;14189521;1.21428;1.21434;1.21431;0;T;True;1
1621256835000;14189530;1.21434;1.2144;1.21437;8;T;True;1
1621256836000;14189531;1.21434;1.2144;1.21437;0;T;True;1
1621256837000;14189532;1.21434;1.2144;1.21437;0;T;True;1
1621256838000;14189533;1.21434;1.2144;1.21437;0;T;True;1
1621256839000;14189534;1.21434;1.2144;1.21437;0;T;True;1
1621256840000;14189537;1.21436;1.21442;1.21439;2;T;True;1
1621256841000;14189538;1.21436;1.21442;1.21439;0;T;True;1
1621256842000;14189539;1.21436;1.21442;1.21439;0;T;True;1
1621256843000;14189541;1.21436;1.21442;1.21439;1;T;True;1
1621256844000;14189542;1.21436;1.21442;1.21439;0;T;True;1
1621256845000;14189543;1.21436;1.21442;1.21439;0;T;True;1
1621256846000;14189548;1.21441;1.21447;1.21444;4;T;True;1
1621256847000;14189550;1.21442;1.21448;1.21445;1;T;True;1
1621256848000;14189556;1.21438;1.21444;1.21441;5;T;True;1
1621256849000;14189561;1.21439;1.21445;1.21442;4;T;True;1
1621256850000;14189563;1.21438;1.21444;1.21441;1;T;True;1
1621256851000;14189566;1.21437;1.21443;1.2144;2;T;True;1
1621256852000;14189568;1.21436;1.21442;1.21439;1;T;True;1
1621256853000;14189572;1.2144;1.21446;1.21443;3;T;True;1
1621256854000;14189573;1.2144;1.21446;1.21443;0;T;True;1
1621256855000;14189574;1.2144;1.21446;1.21443;0;T;True;1
1621256856000;14189575;1.2144;1.21446;1.21443;0;T;True;1
1621256857000;14189576;1.2144;1.21446;1.21443;0;T;True;1
1621256858000;14189579;1.2144;1.21446;1.21443;2;T;True;1
1621256859000;14189582;1.2144;1.21446;1.21443;2;T;True;1
1621256860000;14189584;1.2144;1.21446;1.21443;1;T;True;1
1621256861000;14189587;1.2144;1.21446;1.21443;2;T;True;1
1621256862000;14189589;1.2144;1.21446;1.21443;1;T;True;1
1621256863000;14189594;1.2144;1.21446;1.21443;4;T;True;1
1621256864000;14189600;1.21445;1.21451;1.21448;5;T;True;1
1621256865000;14189601;1.21445;1.21451;1.21448;0;T;True;1
1621256866000;14189602;1.21445;1.21451;1.21448;0;T;True;1
1621256867000;14189605;1.21444;1.2145;1.21447;2;T;True;1
1621256868000;14189607;1.21442;1.21448;1.21445;1;T;True;1
1621256869000;14189608;1.21442;1.21448;1.21445;0;T;True;1
1621256870000;14189609;1.21442;1.21448;1.21445;0;T;True;1
1621256871000;14189611;1.21442;1.21448;1.21445;1;T;True;1
1621256872000;14189612;1.21442;1.21448;1.21445;0;T;True;1
1621256873000;14189619;1.21442;1.21448;1.21445;6;T;True;1
1621256874000;14189626;1.21444;1.2145;1.21447;6;T;True;1
1621256875000;14189627;1.21444;1.2145;1.21447;0;T;True;1
1621256876000;14189631;1.21446;1.21452;1.21449;3;T;True;1
1621256877000;14189633;1.21446;1.21452;1.21449;1;T;True;1
1621256878000;14189636;1.21446;1.21452;1.21449;2;T;True;1
1621256879000;14189641;1.21443;1.21449;1.21446;4;T;True;1
1621256880000;14189643;1.21443;1.21449;1.21446;1;T;True;1
1621256881000;14189646;1.21443;1.21449;1.21446;2;T;True;1
1621256882000;14189651;1.2144;1.21446;1.21443;4;T;True;1
1621256883000;14189652;1.2144;1.21446;1.21443;0;T;True;1
1621256884000;14189653;1.2144;1.21446;1.21443;0;T;True;1
1621256885000;14189655;1.21442;1.21448;1.21445;1;T;True;1
1621256886000;14189670;1.21444;1.2145;1.21447;14;T;True;1
1621256887000;14189673;1.21444;1.2145;1.21447;2;T;True;1
1621256888000;14189675;1.21444;1.2145;1.21447;1;T;True;1
1621256889000;14189679;1.21444;1.2145;1.21447;3;T;True;1
1621256890000;14189682;1.21444;1.2145;1.21447;2;T;True;1
1621256891000;14189684;1.21445;1.21451;1.21448;1;T;True;1
1621256892000;14189686;1.21445;1.21451;1.21448;1;T;True;1
1621256893000;14189689;1.21446;1.21452;1.21449;2;T;True;1
1621256894000;14189698;1.21447;1.21453;1.2145;8;T;True;1
1621256895000;14189701;1.21447;1.21453;1.2145;2;T;True;1
1621256896000;14189705;1.21446;1.21452;1.21449;3;T;True;1
1621256897000;14189707;1.21446;1.21452;1.21449;1;T;True;1
1621256898000;14189709;1.21446;1.21452;1.21449;1;T;True;1
1621256899000;14189715;1.21446;1.21452;1.21449;5;T;True;1
1621256900000;14189717;1.21446;1.21452;1.21449;1;T;True;1
1621256901000;14189719;1.21446;1.21452;1.21449;1;T;True;1
1621256902000;14189720;1.21446;1.21452;1.21449;0;T;True;1
1621256903000;14189723;1.21445;1.21451;1.21448;2;T;True;1
1621256904000;14189725;1.21445;1.21451;1.21448;1;T;True;1
1621256905000;14189726;1.21445;1.21451;1.21448;0;T;True;1
1621256906000;14189737;1.21456;1.21462;1.21459;10;T;True;1
1621256907000;14189744;1.21452;1.21458;1.21455;6;T;True;1
1621256908000;14189747;1.21452;1.21458;1.21455;2;T;True;1
1621256909000;14189749;1.21452;1.21458;1.21455;1;T;True;1
1621256910000;14189751;1.21452;1.21458;1.21455;1;T;True;1
1621256911000;14189756;1.21452;1.21458;1.21455;4;T;True;1
1621256912000;14189757;1.21452;1.21458;1.21455;0;T;True;1
1621256913000;14189762;1.21454;1.2146;1.21457;4;T;True;1
1621256914000;14189771;1.21456;1.21462;1.21459;8;T;True;1
1621256915000;14189773;1.21457;1.21463;1.2146;1;T;True;1
1621256916000;14189778;1.21461;1.21467;1.21464;4;T;True;1
1621256917000;14189783;1.21462;1.21468;1.21465;4;T;True;1
1621256918000;14189785;1.21462;1.21468;1.21465;1;T;True;1
1621256919000;14189788;1.21462;1.21468;1.21465;2;T;True;1
1621256920000;14189790;1.21462;1.21468;1.21465;1;T;True;1
1621256921000;14189795;1.21463;1.21469;1.21466;4;T;True;1
1621256922000;14189800;1.21462;1.21468;1.21465;4;T;True;1
1621256923000;14189803;1.21462;1.21468;1.21465;2;T;True;1
1621256924000;14189804;1.21462;1.21468;1.21465;0;T;True;1
1621256925000;14189806;1.21462;1.21468;1.21465;1;T;True;1
1621256926000;14189807;1.21462;1.21468;1.21465;0;T;True;1
1621256927000;14189811;1.21462;1.21468;1.21465;3;T;True;1
1621256928000;14189812;1.21462;1.21468;1.21465;0;T;True;1
1621256929000;14189813;1.21462;1.21468;1.21465;0;T;True;1
1621256930000;14189818;1.21463;1.21469;1.21466;4;T;True;1
1621256931000;14189819;1.21463;1.21469;1.21466;0;T;True;1
1621256932000;14189820;1.21463;1.21469;1.21466;0;T;True;1
1621256933000;14189822;1.21463;1.21469;1.21466;1;T;True;1
1621256934000;14189825;1.21462;1.21468;1.21465;2;T;True;1
1621256935000;14189826;1.21462;1.21468;1.21465;0;T;True;1
1621256936000;14189827;1.21462;1.21468;1.21465;0;T;True;1
1621256937000;14189837;1.21456;1.21462;1.21459;9;T;True;1
1621256938000;14189843;1.21457;1.21463;1.2146;5;T;True;1
1621256939000;14189844;1.21457;1.21463;1.2146;0;T;True;1
1621256940000;14189845;1.21457;1.21463;1.2146;0;T;True;1
1621256941000;14189847;1.21456;1.21462;1.21459;1;T;True;1
1621256942000;14189849;1.21457;1.21463;1.2146;1;T;True;1
1621256943000;14189850;1.21457;1.21463;1.2146;0;T;True;1
1621256944000;14189851;1.21457;1.21463;1.2146;0;T;True;1
1621256945000;14189852;1.21457;1.21463;1.2146;0;T;True;1
1621256946000;14189853;1.21457;1.21463;1.2146;0;T;True;1
1621256947000;14189859;1.21452;1.21458;1.21455;5;T;True;1
1621256948000;14189860;1.21452;1.21458;1.21455;0;T;True;1
1621256949000;14189862;1.21452;1.21458;1.21455;1;T;True;1
1621256950000;14189863;1.21452;1.21458;1.21455;0;T;True;1
1621256951000;14189864;1.21452;1.21458;1.21455;0;T;True;1
1621256952000;14189865;1.21452;1.21458;1.21455;0;T;True;1
1621256953000;14189866;1.21452;1.21458;1.21455;0;T;True;1
1621256954000;14189869;1.2145;1.21456;1.21453;2;T;True;1
1621256955000;14189874;1.21452;1.21458;1.21455;4;T;True;1
1621256956000;14189877;1.21454;1.2146;1.21457;2;T;True;1
1621256957000;14189883;1.21456;1.21462;1.21459;5;T;True;1
1621256958000;14189891;1.21459;1.21465;1.21462;7;T;True;1
1621256959000;14189897;1.21458;1.21464;1.21461;5;T;True;1
1621256960000;14189898;1.21458;1.21464;1.21461;0;T;True;1
1621256961000;14189900;1.21458;1.21464;1.21461;1;T;True;1
1621256962000;14189901;1.21458;1.21464;1.21461;0;T;True;1
1621256963000;14189906;1.2146;1.21466;1.21463;4;T;True;1
1621256964000;14189908;1.2146;1.21466;1.21463;1;T;True;1
1621256965000;14189915;1.21464;1.2147;1.21467;6;T;True;1
1621256966000;14189918;1.21465;1.21471;1.21468;2;T;True;1
1621256967000;14189921;1.21464;1.2147;1.21467;2;T;True;1
1621256968000;14189922;1.21464;1.2147;1.21467;0;T;True;1
1621256969000;14189923;1.21464;1.2147;1.21467;0;T;True;1
1621256970000;14189928;1.21462;1.21468;1.21465;4;T;True;1
1621256971000;14189930;1.21462;1.21468;1.21465;1;T;True;1
1621256972000;14189933;1.21462;1.21468;1.21465;2;T;True;1
1621256973000;14189934;1.21462;1.21468;1.21465;0;T;True;1
1621256974000;14189935;1.21462;1.21468;1.21465;0;T;True;1
1621256975000;14189936;1.21462;1.21468;1.21465;0;T;True;1
1621256976000;14189937;1.21462;1.21468;1.21465;0;T;True;1
1621256977000;14189942;1.2146;1.21466;1.21463;4;T;True;1
1621256978000;14189944;1.2146;1.21466;1.21463;1;T;True;1
1621256979000;14189947;1.21458;1.21464;1.21461;2;T;True;1
1621256980000;14189948;1.21458;1.21464;1.21461;0;T;True;1
1621256981000;14189950;1.21458;1.21464;1.21461;1;T;True;1
1621256982000;14189951;1.21458;1.21464;1.21461;0;T;True;1
1621256983000;14189952;1.21458;1.21464;1.21461;0;T;True;1
1621256984000;14189953;1.21458;1.21464;1.21461;0;T;True;1
1621256985000;14189956;1.21458;1.21464;1.21461;2;T;True;1
1621256986000;14189957;1.21458;1.21464;1.21461;0;T;True;1
1621256987000;14189958;1.21458;1.21464;1.21461;0;T;True;1
1621256988000;14189959;1.21458;1.21464;1.21461;0;T;True;1
1621256989000;14189960;1.21458;1.21464;1.21461;0;T;True;1
1621256990000;14189962;1.21458;1.21464;1.21461;1;T;True;1
1621256991000;14189964;1.21458;1.21464;1.21461;1;T;True;1
1621256992000;14189965;1.21458;1.21464;1.21461;0;T;True;1
1621256993000;14189967;1.21458;1.21464;1.21461;1;T;True;1
1621256994000;14189968;1.21458;1.21464;1.21461;0;T;True;1
1621256995000;14189969;1.21458;1.21464;1.21461;0;T;True;1
1621256996000;14189970;1.21458;1.21464;1.21461;0;T;True;1
1621256997000;14189971;1.21458;1.21464;1.21461;0;T;True;1
1621256998000;14189974;1.2146;1.21466;1.21463;2;T;True;1
1621256999000;14189977;1.21462;1.21468;1.21465;2;T;True;1
1621257000000;14189980;1.21464;1.2147;1.21467;2;T;True;1
1621257001000;14189985;1.21462;1.21468;1.21465;4;T;True;1
1621257002000;14189990;1.21459;1.21465;1.21462;4;T;True;1
1621257003000;14189992;1.21458;1.21464;1.21461;1;T;True;1
1621257004000;14189995;1.21458;1.21464;1.21461;2;T;True;1
1621257005000;14189997;1.21458;1.21464;1.21461;1;T;True;1
1621257006000;14190001;1.21454;1.2146;1.21457;3;T;True;1
1621257007000;14190003;1.21454;1.2146;1.21457;1;T;True;1
1621257008000;14190006;1.21451;1.21457;1.21454;2;T;True;1
1621257009000;14190011;1.2145;1.21456;1.21453;4;T;True;1
1621257010000;14190013;1.21451;1.21457;1.21454;1;T;True;1
1621257011000;14190014;1.21451;1.21457;1.21454;0;T;True;1
1621257012000;14190015;1.21451;1.21457;1.21454;0;T;True;1
1621257013000;14190016;1.21451;1.21457;1.21454;0;T;True;1
1621257014000;14190017;1.21451;1.21457;1.21454;0;T;True;1
1621257015000;14190020;1.21452;1.21458;1.21455;2;T;True;1
1621257016000;14190033;1.21456;1.21462;1.21459;12;T;True;1
1621257017000;14190036;1.21456;1.21462;1.21459;2;T;True;1
1621257018000;14190037;1.21456;1.21462;1.21459;0;T;True;1
1621257019000;14190038;1.21456;1.21462;1.21459;0;T;True;1
1621257020000;14190040;1.21457;1.21463;1.2146;1;T;True;1
1621257021000;14190043;1.21456;1.21462;1.21459;2;T;True;1
1621257022000;14190045;1.21456;1.21462;1.21459;1;T;True;1
1621257023000;14190047;1.21456;1.21462;1.21459;1;T;True;1
1621257024000;14190049;1.21456;1.21462;1.21459;1;T;True;1
1621257025000;14190054;1.21454;1.2146;1.21457;4;T;True;1
1621257026000;14190055;1.21454;1.2146;1.21457;0;T;True;1
1621257027000;14190056;1.21454;1.2146;1.21457;0;T;True;1
1621257028000;14190058;1.21453;1.21459;1.21456;1;T;True;1
1621257029000;14190059;1.21453;1.21459;1.21456;0;T;True;1
1621257030000;14190060;1.21453;1.21459;1.21456;0;T;True;1
1621257031000;14190063;1.21452;1.21458;1.21455;2;T;True;1
1621257032000;14190065;1.21452;1.21458;1.21455;1;T;True;1
1621257033000;14190067;1.21454;1.2146;1.21457;1;T;True;1
1621257034000;14190069;1.21454;1.2146;1.21457;1;T;True;1
1621257035000;14190075;1.21452;1.21458;1.21455;5;T;True;1
1621257036000;14190077;1.21451;1.21457;1.21454;1;T;True;1
1621257037000;14190078;1.21451;1.21457;1.21454;0;T;True;1
1621257038000;14190079;1.21451;1.21457;1.21454;0;T;True;1
1621257039000;14190081;1.2145;1.21456;1.21453;1;T;True;1
1621257040000;14190082;1.2145;1.21456;1.21453;0;T;True;1
1621257041000;14190083;1.2145;1.21456;1.21453;0;T;True;1
1621257042000;14190084;1.2145;1.21456;1.21453;0;T;True;1
1621257043000;14190085;1.2145;1.21456;1.21453;0;T;True;1
1621257044000;14190087;1.2145;1.21456;1.21453;1;T;True;1
1621257045000;14190093;1.21454;1.2146;1.21457;5;T;True;1
1621257046000;14190096;1.21453;1.21459;1.21456;2;T;True;1
1621257047000;14190097;1.21453;1.21459;1.21456;0;T;True;1
1621257048000;14190102;1.21454;1.2146;1.21457;4;T;True;1
1621257049000;14190108;1.21453;1.21459;1.21456;5;T;True;1
1621257050000;14190114;1.21456;1.21462;1.21459;5;T;True;1
1621257051000;14190116;1.21456;1.21462;1.21459;1;T;True;1
1621257052000;14190118;1.21455;1.21461;1.21458;1;T;True;1
1621257053000;14190119;1.21455;1.21461;1.21458;0;T;True;1
1621257054000;14190121;1.21455;1.21461;1.21458;1;T;True;1
1621257055000;14190122;1.21455;1.21461;1.21458;0;T;True;1
1621257056000;14190123;1.21455;1.21461;1.21458;0;T;True;1
1621257057000;14190124;1.21455;1.21461;1.21458;0;T;True;1
1621257058000;14190125;1.21455;1.21461;1.21458;0;T;True;1
1621257059000;14190133;1.21455;1.21461;1.21458;7;T;True;1
1621257060000;14190137;1.21455;1.21461;1.21458;3;T;True;1
1621257061000;14190139;1.21455;1.21461;1.21458;1;T;True;1
1621257062000;14190143;1.21455;1.21461;1.21458;3;T;True;1
1621257063000;14190145;1.21454;1.2146;1.21457;1;T;True;1
1621257064000;14190146;1.21454;1.2146;1.21457;0;T;True;1
1621257065000;14190149;1.21456;1.21462;1.21459;2;T;True;1
1621257066000;14190150;1.21456;1.21462;1.21459;0;T;True;1
1621257067000;14190151;1.21456;1.21462;1.21459;0;T;True;1
1621257068000;14190155;1.21456;1.21462;1.21459;3;T;True;1
1621257069000;14190159;1.21456;1.21462;1.21459;3;T;True;1
1621257070000;14190160;1.21456;1.21462;1.21459;0;T;True;1
1621257071000;14190163;1.21456;1.21462;1.21459;2;T;True;1
1621257072000;14190165;1.21456;1.21462;1.21459;1;T;True;1
1621257073000;14190170;1.21459;1.21465;1.21462;4;T;True;1
1621257074000;14190174;1.21457;1.21463;1.2146;3;T;True;1
1621257075000;14190175;1.21457;1.21463;1.2146;0;T;True;1
1621257076000;14190176;1.21457;1.21463;1.2146;0;T;True;1
1621257077000;14190177;1.21457;1.21463;1.2146;0;T;True;1
1621257078000;14190178;1.21457;1.21463;1.2146;0;T;True;1
1621257079000;14190179;1.21457;1.21463;1.2146;0;T;True;1
1621257080000;14190183;1.21455;1.21461;1.21458;3;T;True;1
1621257081000;14190184;1.21455;1.21461;1.21458;0;T;True;1
1621257082000;14190185;1.21455;1.21461;1.21458;0;T;True;1
1621257083000;14190189;1.21456;1.21462;1.21459;3;T;True;1
1621257084000;14190190;1.21456;1.21462;1.21459;0;T;True;1
1621257085000;14190194;1.21456;1.21462;1.21459;3;T;True;1
1621257086000;14190195;1.21456;1.21462;1.21459;0;T;True;1
1621257087000;14190196;1.21456;1.21462;1.21459;0;T;True;1
1621257088000;14190199;1.21456;1.21462;1.21459;2;T;True;1
1621257089000;14190200;1.21456;1.21462;1.21459;0;T;True;1
1621257090000;14190203;1.21455;1.21461;1.21458;2;T;True;1
1621257091000;14190207;1.21455;1.21461;1.21458;3;T;True;1
1621257092000;14190209;1.21455;1.21461;1.21458;1;T;True;1
1621257093000;14190215;1.21457;1.21463;1.2146;5;T;True;1
1621257094000;14190217;1.21457;1.21463;1.2146;1;T;True;1
1621257095000;14190218;1.21457;1.21463;1.2146;0;T;True;1
1621257096000;14190219;1.21457;1.21463;1.2146;0;T;True;1
1621257097000;14190220;1.21457;1.21463;1.2146;0;T;True;1
1621257098000;14190221;1.21457;1.21463;1.2146;0;T;True;1
1621257099000;14190223;1.21456;1.21462;1.21459;1;T;True;1
1621257100000;14190230;1.21457;1.21463;1.2146;6;T;True;1
1621257101000;14190236;1.21455;1.21461;1.21458;5;T;True;1
1621257102000;14190240;1.21455;1.21461;1.21458;3;T;True;1
1621257103000;14190245;1.21456;1.21462;1.21459;4;T;True;1
1621257104000;14190246;1.21456;1.21462;1.21459;0;T;True;1
1621257105000;14190247;1.21456;1.21462;1.21459;0;T;True;1
1621257106000;14190249;1.21456;1.21462;1.21459;1;T;True;1
1621257107000;14190252;1.21456;1.21462;1.21459;2;T;True;1
1621257108000;14190256;1.21454;1.2146;1.21457;3;T;True;1
1621257109000;14190261;1.21456;1.21462;1.21459;4;T;True;1
1621257110000;14190267;1.21459;1.21465;1.21462;5;T;True;1
1621257111000;14190268;1.21459;1.21465;1.21462;0;T;True;1
1621257112000;14190273;1.2146;1.21466;1.21463;4;T;True;1
1621257113000;14190274;1.2146;1.21466;1.21463;0;T;True;1
1621257114000;14190276;1.2146;1.21466;1.21463;1;T;True;1
1621257115000;14190279;1.2146;1.21466;1.21463;2;T;True;1
1621257116000;14190281;1.2146;1.21466;1.21463;1;T;True;1
1621257117000;14190286;1.21458;1.21464;1.21461;4;T;True;1
1621257118000;14190289;1.21456;1.21462;1.21459;2;T;True;1
1621257119000;14190291;1.21456;1.21462;1.21459;1;T;True;1
1621257120000;14190292;1.21456;1.21462;1.21459;0;T;True;1
1621257121000;14190295;1.21455;1.21461;1.21458;2;T;True;1
1621257122000;14190298;1.21455;1.21461;1.21458;2;T;True;1
1621257123000;14190299;1.21455;1.21461;1.21458;0;T;True;1
1621257124000;14190302;1.21456;1.21462;1.21459;2;T;True;1
1621257125000;14190303;1.21456;1.21462;1.21459;0;T;True;1
1621257126000;14190306;1.21455;1.21461;1.21458;2;T;True;1
1621257127000;14190309;1.21455;1.21461;1.21458;2;T;True;1
1621257128000;14190311;1.21455;1.21461;1.21458;1;T;True;1
1621257129000;14190312;1.21455;1.21461;1.21458;0;T;True;1
1621257130000;14190313;1.21455;1.21461;1.21458;0;T;True;1
1621257131000;14190314;1.21455;1.21461;1.21458;0;T;True;1
1621257132000;14190315;1.21455;1.21461;1.21458;0;T;True;1
1621257133000;14190316;1.21455;1.21461;1.21458;0;T;True;1
1621257134000;14190317;1.21455;1.21461;1.21458;0;T;True;1
1621257135000;14190319;1.21456;1.21462;1.21459;1;T;True;1
1621257136000;14190320;1.21456;1.21462;1.21459;0;T;True;1
1621257137000;14190321;1.21456;1.21462;1.21459;0;T;True;1
1621257138000;14190322;1.21456;1.21462;1.21459;0;T;True;1
1621257139000;14190323;1.21456;1.21462;1.21459;0;T;True;1
1621257140000;14190324;1.21456;1.21462;1.21459;0;T;True;1
1621257141000;14190325;1.21456;1.21462;1.21459;0;T;True;1
1621257142000;14190333;1.21452;1.21458;1.21455;7;T;True;1
1621257143000;14190338;1.21455;1.21461;1.21458;4;T;True;1
1621257144000;14190348;1.2145;1.21456;1.21453;9;T;True;1
1621257145000;14190351;1.2145;1.21456;1.21453;2;T;True;1
1621257146000;14190353;1.21451;1.21457;1.21454;1;T;True;1
1621257147000;14190354;1.21451;1.21457;1.21454;0;T;True;1
1621257148000;14190362;1.2145;1.21456;1.21453;7;T;True;1
1621257149000;14190363;1.2145;1.21456;1.21453;0;T;True;1
1621257150000;14190366;1.2145;1.21456;1.21453;2;T;True;1
1621257151000;14190374;1.21447;1.21453;1.2145;7;T;True;1
1621257152000;14190378;1.21446;1.21452;1.21449;3;T;True;1
1621257153000;14190381;1.21447;1.21453;1.2145;2;T;True;1
1621257154000;14190386;1.21447;1.21453;1.2145;4;T;True;1
1621257155000;14190390;1.21444;1.2145;1.21447;3;T;True;1
1621257156000;14190399;1.21444;1.2145;1.21447;8;T;True;1
1621257157000;14190405;1.21446;1.21452;1.21449;5;T;True;1
1621257158000;14190416;1.21441;1.21447;1.21444;10;T;True;1
1621257159000;14190423;1.21444;1.2145;1.21447;6;T;True;1
1621257160000;14190425;1.21444;1.2145;1.21447;1;T;True;1
1621257161000;14190426;1.21444;1.2145;1.21447;0;T;True;1
1621257162000;14190429;1.21444;1.2145;1.21447;2;T;True;1
1621257163000;14190430;1.21444;1.2145;1.21447;0;T;True;1
1621257164000;14190432;1.21444;1.2145;1.21447;1;T;True;1
1621257165000;14190434;1.21444;1.2145;1.21447;1;T;True;1
1621257166000;14190437;1.21444;1.2145;1.21447;2;T;True;1
1621257167000;14190438;1.21444;1.2145;1.21447;0;T;True;1
1621257168000;14190439;1.21444;1.2145;1.21447;0;T;True;1
1621257169000;14190440;1.21444;1.2145;1.21447;0;T;True;1
1621257170000;14190444;1.21444;1.2145;1.21447;3;T;True;1
1621257171000;14190446;1.21444;1.2145;1.21447;1;T;True;1
1621257172000;14190448;1.21444;1.2145;1.21447;1;T;True;1
1621257173000;14190450;1.21444;1.2145;1.21447;1;T;True;1
1621257174000;14190451;1.21444;1.2145;1.21447;0;T;True;1
1621257175000;14190452;1.21444;1.2145;1.21447;0;T;True;1
1621257176000;14190453;1.21444;1.2145;1.21447;0;T;True;1
1621257177000;14190455;1.21444;1.2145;1.21447;1;T;True;1
1621257178000;14190460;1.21444;1.2145;1.21447;4;T;True;1
1621257179000;14190461;1.21444;1.2145;1.21447;0;T;True;1
1621257180000;14190462;1.21444;1.2145;1.21447;0;T;True;1
1621257181000;14190467;1.21442;1.21448;1.21445;4;T;True;1
1621257182000;14190468;1.21442;1.21448;1.21445;0;T;True;1
1621257183000;14190472;1.21442;1.21448;1.21445;3;T;True;1
1621257184000;14190474;1.21444;1.2145;1.21447;1;T;True;1
1621257185000;14190476;1.21443;1.21449;1.21446;1;T;True;1
1621257186000;14190479;1.21444;1.2145;1.21447;2;T;True;1
1621257187000;14190488;1.2145;1.21456;1.21453;8;T;True;1
1621257188000;14190490;1.2145;1.21456;1.21453;1;T;True;1
1621257189000;14190492;1.2145;1.21456;1.21453;1;T;True;1
1621257190000;14190500;1.21451;1.21457;1.21454;7;T;True;1
1621257191000;14190505;1.21453;1.21459;1.21456;4;T;True;1
1621257192000;14190506;1.21453;1.21459;1.21456;0;T;True;1
1621257193000;14190508;1.21454;1.2146;1.21457;1;T;True;1
1621257194000;14190512;1.21456;1.21462;1.21459;3;T;True;1
1621257195000;14190513;1.21456;1.21462;1.21459;0;T;True;1
1621257196000;14190516;1.21454;1.2146;1.21457;2;T;True;1
1621257197000;14190519;1.21454;1.2146;1.21457;2;T;True;1
1621257198000;14190525;1.2145;1.21456;1.21453;5;T;True;1
1621257199000;14190527;1.2145;1.21456;1.21453;1;T;True;1
1621257200000;14190528;1.2145;1.21456;1.21453;0;T;True;1
1621257201000;14190534;1.21448;1.21454;1.21451;5;T;True;1
1621257202000;14190537;1.21447;1.21453;1.2145;2;T;True;1
1621257203000;14190538;1.21447;1.21453;1.2145;0;T;True;1
1621257204000;14190545;1.21449;1.21455;1.21452;6;T;True;1
1621257205000;14190547;1.2145;1.21456;1.21453;1;T;True;1
1621257206000;14190548;1.2145;1.21456;1.21453;0;T;True;1
1621257207000;14190549;1.2145;1.21456;1.21453;0;T;True;1
1621257208000;14190550;1.2145;1.21456;1.21453;0;T;True;1
1621257209000;14190561;1.21443;1.21449;1.21446;10;T;True;1
1621257210000;14190562;1.21443;1.21449;1.21446;0;T;True;1
1621257211000;14190567;1.21443;1.21449;1.21446;4;T;True;1
1621257212000;14190568;1.21443;1.21449;1.21446;0;T;True;1
1621257213000;14190569;1.21443;1.21449;1.21446;0;T;True;1
1621257214000;14190573;1.21441;1.21447;1.21444;3;T;True;1
1621257215000;14190574;1.21441;1.21447;1.21444;0;T;True;1
1621257216000;14190577;1.2144;1.21446;1.21443;2;T;True;1
1621257217000;14190579;1.2144;1.21446;1.21443;1;T;True;1
1621257218000;14190584;1.2144;1.21446;1.21443;4;T;True;1
1621257219000;14190588;1.21442;1.21448;1.21445;3;T;True;1
1621257220000;14190592;1.21443;1.21449;1.21446;3;T;True;1
1621257221000;14190594;1.21443;1.21449;1.21446;1;T;True;1
1621257222000;14190596;1.21443;1.21449;1.21446;1;T;True;1
1621257223000;14190597;1.21443;1.21449;1.21446;0;T;True;1
1621257224000;14190598;1.21443;1.21449;1.21446;0;T;True;1
1621257225000;14190600;1.21443;1.21449;1.21446;1;T;True;1
1621257226000;14190601;1.21443;1.21449;1.21446;0;T;True;1
1621257227000;14190604;1.21441;1.21447;1.21444;2;T;True;1
1621257228000;14190607;1.21441;1.21447;1.21444;2;T;True;1
1621257229000;14190614;1.21444;1.2145;1.21447;6;T;True;1
1621257230000;14190615;1.21444;1.2145;1.21447;0;T;True;1
1621257231000;14190617;1.21444;1.2145;1.21447;1;T;True;1
1621257232000;14190618;1.21444;1.2145;1.21447;0;T;True;1
1621257233000;14190619;1.21444;1.2145;1.21447;0;T;True;1
1621257234000;14190621;1.21444;1.2145;1.21447;1;T;True;1
1621257235000;14190622;1.21444;1.2145;1.21447;0;T;True;1
1621257236000;14190625;1.21444;1.2145;1.21447;2;T;True;1
1621257237000;14190627;1.21444;1.2145;1.21447;1;T;True;1
1621257238000;14190629;1.21444;1.2145;1.21447;1;T;True;1
1621257239000;14190630;1.21444;1.2145;1.21447;0;T;True;1
1621257240000;14190631;1.21444;1.2145;1.21447;0;T;True;1
1621257241000;14190633;1.21444;1.2145;1.21447;1;T;True;1
1621257242000;14190640;1.21448;1.21454;1.21451;6;T;True;1
1621257243000;14190645;1.21444;1.2145;1.21447;4;T;True;1
1621257244000;14190647;1.21444;1.2145;1.21447;1;T;True;1
1621257245000;14190649;1.21444;1.2145;1.21447;1;T;True;1
1621257246000;14190650;1.21444;1.2145;1.21447;0;T;True;1
1621257247000;14190651;1.21444;1.2145;1.21447;0;T;True;1
1621257248000;14190653;1.21446;1.21452;1.21449;1;T;True;1
1621257249000;14190658;1.21444;1.2145;1.21447;4;T;True;1
1621257250000;14190659;1.21444;1.2145;1.21447;0;T;True;1
1621257251000;14190661;1.21444;1.2145;1.21447;1;T;True;1
1621257252000;14190663;1.21446;1.21452;1.21449;1;T;True;1
1621257253000;14190664;1.21446;1.21452;1.21449;0;T;True;1
1621257254000;14190666;1.21446;1.21452;1.21449;1;T;True;1
1621257255000;14190671;1.21442;1.21448;1.21445;4;T;True;1
1621257256000;14190676;1.21441;1.21447;1.21444;4;T;True;1
1621257257000;14190680;1.21442;1.21448;1.21445;3;T;True;1
1621257258000;14190682;1.21442;1.21448;1.21445;1;T;True;1
1621257259000;14190684;1.21442;1.21448;1.21445;1;T;True;1
1621257260000;14190688;1.21444;1.2145;1.21447;3;T;True;1
1621257261000;14190690;1.21442;1.21448;1.21445;1;T;True;1
1621257262000;14190692;1.21441;1.21447;1.21444;1;T;True;1
1621257263000;14190694;1.21442;1.21448;1.21445;1;T;True;1
1621257264000;14190700;1.21444;1.2145;1.21447;5;T;True;1
1621257265000;14190701;1.21444;1.2145;1.21447;0;T;True;1
1621257266000;14190702;1.21444;1.2145;1.21447;0;T;True;1
1621257267000;14190707;1.21442;1.21448;1.21445;4;T;True;1
1621257268000;14190712;1.21444;1.2145;1.21447;4;T;True;1
1621257269000;14190716;1.21443;1.21449;1.21446;3;T;True;1
1621257270000;14190717;1.21443;1.21449;1.21446;0;T;True;1
1621257271000;14190718;1.21443;1.21449;1.21446;0;T;True;1
1621257272000;14190719;1.21443;1.21449;1.21446;0;T;True;1
1621257273000;14190721;1.21442;1.21448;1.21445;1;T;True;1
1621257274000;14190723;1.21442;1.21448;1.21445;1;T;True;1
1621257275000;14190725;1.21442;1.21448;1.21445;1;T;True;1
1621257276000;14190731;1.2144;1.21446;1.21443;5;T;True;1
1621257277000;14190732;1.2144;1.21446;1.21443;0;T;True;1
1621257278000;14190734;1.2144;1.21446;1.21443;1;T;True;1
1621257279000;14190740;1.21437;1.21443;1.2144;5;T;True;1
1621257280000;14190741;1.21437;1.21443;1.2144;0;T;True;1
1621257281000;14190742;1.21437;1.21443;1.2144;0;T;True;1
1621257282000;14190743;1.21437;1.21443;1.2144;0;T;True;1
1621257283000;14190744;1.21437;1.21443;1.2144;0;T;True;1
1621257284000;14190745;1.21437;1.21443;1.2144;0;T;True;1
1621257285000;14190750;1.2144;1.21446;1.21443;4;T;True;1
1621257286000;14190754;1.21441;1.21447;1.21444;3;T;True;1
1621257287000;14190755;1.21441;1.21447;1.21444;0;T;True;1
1621257288000;14190756;1.21441;1.21447;1.21444;0;T;True;1
1621257289000;14190759;1.21442;1.21448;1.21445;2;T;True;1
1621257290000;14190764;1.21442;1.21448;1.21445;4;T;True;1
1621257291000;14190767;1.21444;1.2145;1.21447;2;T;True;1
1621257292000;14190768;1.21444;1.2145;1.21447;0;T;True;1
1621257293000;14190769;1.21444;1.2145;1.21447;0;T;True;1
1621257294000;14190770;1.21444;1.2145;1.21447;0;T;True;1
1621257295000;14190774;1.21442;1.21448;1.21445;3;T;True;1
1621257296000;14190775;1.21442;1.21448;1.21445;0;T;True;1
1621257297000;14190778;1.2144;1.21446;1.21443;2;T;True;1
1621257298000;14190780;1.2144;1.21446;1.21443;1;T;True;1
1621257299000;14190781;1.2144;1.21446;1.21443;0;T;True;1
1621257300000;14190782;1.2144;1.21446;1.21443;0;T;True;1
1621257301000;14190787;1.21436;1.21442;1.21439;4;T;True;1
1621257302000;14190789;1.21437;1.21443;1.2144;1;T;True;1
1621257303000;14190790;1.21437;1.21443;1.2144;0;T;True;1
1621257304000;14190791;1.21437;1.21443;1.2144;0;T;True;1
1621257305000;14190795;1.21436;1.21442;1.21439;3;T;True;1
1621257306000;14190800;1.21434;1.2144;1.21437;4;T;True;1
1621257307000;14190801;1.21434;1.2144;1.21437;0;T;True;1
1621257308000;14190802;1.21434;1.2144;1.21437;0;T;True;1
1621257309000;14190804;1.21434;1.2144;1.21437;1;T;True;1
1621257310000;14190806;1.21434;1.2144;1.21437;1;T;True;1
1621257311000;14190809;1.21435;1.21441;1.21438;2;T;True;1
1621257312000;14190813;1.21435;1.21441;1.21438;3;T;True;1
1621257313000;14190817;1.21434;1.2144;1.21437;3;T;True;1
1621257314000;14190818;1.21434;1.2144;1.21437;0;T;True;1
1621257315000;14190820;1.21434;1.2144;1.21437;1;T;True;1
1621257316000;14190824;1.21435;1.21441;1.21438;3;T;True;1
1621257317000;14190825;1.21435;1.21441;1.21438;0;T;True;1
1621257318000;14190827;1.21436;1.21442;1.21439;1;T;True;1
1621257319000;14190830;1.21435;1.21441;1.21438;2;T;True;1
1621257320000;14190832;1.21434;1.2144;1.21437;1;T;True;1
1621257321000;14190836;1.21438;1.21444;1.21441;3;T;True;1
1621257322000;14190839;1.21438;1.21444;1.21441;2;T;True;1
1621257323000;14190840;1.21438;1.21444;1.21441;0;T;True;1
1621257324000;14190841;1.21438;1.21444;1.21441;0;T;True;1
1621257325000;14190843;1.21438;1.21444;1.21441;1;T;True;1
1621257326000;14190848;1.21434;1.2144;1.21437;4;T;True;1
1621257327000;14190851;1.21436;1.21442;1.21439;2;T;True;1
1621257328000;14190856;1.21434;1.2144;1.21437;4;T;True;1
1621257329000;14190859;1.21434;1.2144;1.21437;2;T;True;1
1621257330000;14190863;1.21432;1.21438;1.21435;3;T;True;1
1621257331000;14190864;1.21432;1.21438;1.21435;0;T;True;1
1621257332000;14190877;1.21437;1.21443;1.2144;12;T;True;1
1621257333000;14190886;1.21441;1.21447;1.21444;8;T;True;1
1621257334000;14190887;1.21441;1.21447;1.21444;0;T;True;1
1621257335000;14190889;1.21441;1.21447;1.21444;1;T;True;1
1621257336000;14190891;1.21441;1.21447;1.21444;1;T;True;1
1621257337000;14190892;1.21441;1.21447;1.21444;0;T;True;1
1621257338000;14190894;1.21442;1.21448;1.21445;1;T;True;1
1621257339000;14190898;1.21445;1.21451;1.21448;3;T;True;1
1621257340000;14190906;1.21449;1.21455;1.21452;7;T;True;1
1621257341000;14190909;1.21448;1.21454;1.21451;2;T;True;1
1621257342000;14190910;1.21448;1.21454;1.21451;0;T;True;1
1621257343000;14190911;1.21448;1.21454;1.21451;0;T;True;1
1621257344000;14190912;1.21448;1.21454;1.21451;0;T;True;1
1621257345000;14190913;1.21448;1.21454;1.21451;0;T;True;1
1621257346000;14190920;1.21454;1.2146;1.21457;6;T;True;1
1621257347000;14190923;1.21455;1.21461;1.21458;2;T;True;1
1621257348000;14190930;1.21454;1.2146;1.21457;6;T;True;1
1621257349000;14190933;1.21452;1.21458;1.21455;2;T;True;1
1621257350000;14190940;1.21454;1.2146;1.21457;6;T;True;1
1621257351000;14190943;1.21456;1.21462;1.21459;2;T;True;1
1621257352000;14190960;1.21452;1.21458;1.21455;16;T;True;1
1621257353000;14190970;1.2145;1.21456;1.21453;9;T;True;1
1621257354000;14190979;1.21446;1.21452;1.21449;8;T;True;1
1621257355000;14190987;1.21448;1.21454;1.21451;7;T;True;1
1621257356000;14190990;1.21448;1.21454;1.21451;2;T;True;1
1621257357000;14190992;1.2145;1.21456;1.21453;1;T;True;1
1621257358000;14190994;1.2145;1.21456;1.21453;1;T;True;1
1621257359000;14190999;1.21447;1.21453;1.2145;4;T;True;1
1621257360000;14191002;1.21447;1.21453;1.2145;2;T;True;1
1621257361000;14191007;1.21444;1.2145;1.21447;4;T;True;1
1621257362000;14191017;1.21442;1.21448;1.21445;9;T;True;1
1621257363000;14191018;1.21442;1.21448;1.21445;0;T;True;1
1621257364000;14191019;1.21442;1.21448;1.21445;0;T;True;1
1621257365000;14191020;1.21442;1.21448;1.21445;0;T;True;1
1621257366000;14191021;1.21442;1.21448;1.21445;0;T;True;1
1621257367000;14191024;1.21439;1.21445;1.21442;2;T;True;1
1621257368000;14191029;1.21439;1.21445;1.21442;4;T;True;1
1621257369000;14191031;1.21439;1.21445;1.21442;1;T;True;1
1621257370000;14191032;1.21439;1.21445;1.21442;0;T;True;1
1621257371000;14191034;1.2144;1.21446;1.21443;1;T;True;1
1621257372000;14191035;1.2144;1.21446;1.21443;0;T;True;1
1621257373000;14191041;1.21438;1.21444;1.21441;5;T;True;1
1621257374000;14191047;1.21444;1.2145;1.21447;5;T;True;1
1621257375000;14191048;1.21444;1.2145;1.21447;0;T;True;1
1621257376000;14191049;1.21444;1.2145;1.21447;0;T;True;1
1621257377000;14191052;1.21444;1.2145;1.21447;2;T;True;1
1621257378000;14191053;1.21444;1.2145;1.21447;0;T;True;1
1621257379000;14191054;1.21444;1.2145;1.21447;0;T;True;1
1621257380000;14191055;1.21444;1.2145;1.21447;0;T;True;1
1621257381000;14191056;1.21444;1.2145;1.21447;0;T;True;1
1621257382000;14191063;1.21444;1.2145;1.21447;6;T;True;1
1621257383000;14191065;1.21445;1.21451;1.21448;1;T;True;1
1621257384000;14191067;1.21444;1.2145;1.21447;1;T;True;1
1621257385000;14191069;1.21444;1.2145;1.21447;1;T;True;1
1621257386000;14191073;1.21441;1.21447;1.21444;3;T;True;1
1621257387000;14191074;1.21441;1.21447;1.21444;0;T;True;1
1621257388000;14191077;1.2144;1.21446;1.21443;2;T;True;1
1621257389000;14191079;1.2144;1.21446;1.21443;1;T;True;1
1621257390000;14191080;1.2144;1.21446;1.21443;0;T;True;1
1621257391000;14191083;1.2144;1.21446;1.21443;2;T;True;1
1621257392000;14191088;1.21444;1.2145;1.21447;4;T;True;1
1621257393000;14191093;1.21444;1.2145;1.21447;4;T;True;1
1621257394000;14191094;1.21444;1.2145;1.21447;0;T;True;1
1621257395000;14191095;1.21444;1.2145;1.21447;0;T;True;1
1621257396000;14191098;1.21445;1.21451;1.21448;2;T;True;1
1621257397000;14191105;1.21444;1.2145;1.21447;6;T;True;1
1621257398000;14191106;1.21444;1.2145;1.21447;0;T;True;1
1621257399000;14191109;1.21445;1.21451;1.21448;2;T;True;1
1621257400000;14191111;1.21444;1.2145;1.21447;1;T;True;1
1621257401000;14191113;1.21443;1.21449;1.21446;1;T;True;1
1621257402000;14191115;1.21444;1.2145;1.21447;1;T;True;1
1621257403000;14191121;1.2144;1.21446;1.21443;5;T;True;1
1621257404000;14191122;1.2144;1.21446;1.21443;0;T;True;1
1621257405000;14191123;1.2144;1.21446;1.21443;0;T;True;1
1621257406000;14191124;1.2144;1.21446;1.21443;0;T;True;1
1621257407000;14191125;1.2144;1.21446;1.21443;0;T;True;1
1621257408000;14191126;1.2144;1.21446;1.21443;0;T;True;1
1621257409000;14191127;1.2144;1.21446;1.21443;0;T;True;1
1621257410000;14191130;1.21441;1.21447;1.21444;2;T;True;1
1621257411000;14191133;1.21442;1.21448;1.21445;2;T;True;1
1621257412000;14191136;1.21443;1.21449;1.21446;2;T;True;1
1621257413000;14191137;1.21443;1.21449;1.21446;0;T;True;1
1621257414000;14191138;1.21443;1.21449;1.21446;0;T;True;1
1621257415000;14191139;1.21443;1.21449;1.21446;0;T;True;1
1621257416000;14191140;1.21443;1.21449;1.21446;0;T;True;1
1621257417000;14191141;1.21443;1.21449;1.21446;0;T;True;1
1621257418000;14191143;1.21444;1.2145;1.21447;1;T;True;1
1621257419000;14191145;1.21443;1.21449;1.21446;1;T;True;1
1621257420000;14191148;1.21445;1.21451;1.21448;2;T;True;1
1621257421000;14191151;1.21445;1.21451;1.21448;2;T;True;1
1621257422000;14191152;1.21445;1.21451;1.21448;0;T;True;1
1621257423000;14191153;1.21445;1.21451;1.21448;0;T;True;1
1621257424000;14191155;1.21445;1.21451;1.21448;1;T;True;1
1621257425000;14191156;1.21445;1.21451;1.21448;0;T;True;1
1621257426000;14191157;1.21445;1.21451;1.21448;0;T;True;1
1621257427000;14191158;1.21445;1.21451;1.21448;0;T;True;1
1621257428000;14191159;1.21445;1.21451;1.21448;0;T;True;1
1621257429000;14191164;1.21448;1.21454;1.21451;4;T;True;1
1621257430000;14191166;1.21448;1.21454;1.21451;1;T;True;1
1621257431000;14191167;1.21448;1.21454;1.21451;0;T;True;1
1621257432000;14191168;1.21448;1.21454;1.21451;0;T;True;1
1621257433000;14191169;1.21448;1.21454;1.21451;0;T;True;1
1621257434000;14191170;1.21448;1.21454;1.21451;0;T;True;1
1621257435000;14191171;1.21448;1.21454;1.21451;0;T;True;1
1621257436000;14191172;1.21448;1.21454;1.21451;0;T;True;1
1621257437000;14191173;1.21448;1.21454;1.21451;0;T;True;1
1621257438000;14191176;1.21448;1.21454;1.21451;2;T;True;1
1621257439000;14191177;1.21448;1.21454;1.21451;0;T;True;1
1621257440000;14191178;1.21448;1.21454;1.21451;0;T;True;1
1621257441000;14191179;1.21448;1.21454;1.21451;0;T;True;1
1621257442000;14191180;1.21448;1.21454;1.21451;0;T;True;1
1621257443000;14191181;1.21448;1.21454;1.21451;0;T;True;1
1621257444000;14191182;1.21448;1.21454;1.21451;0;T;True;1
1621257445000;14191185;1.2145;1.21456;1.21453;2;T;True;1
1621257446000;14191187;1.2145;1.21456;1.21453;1;T;True;1
1621257447000;14191188;1.2145;1.21456;1.21453;0;T;True;1
1621257448000;14191189;1.2145;1.21456;1.21453;0;T;True;1
1621257449000;14191190;1.2145;1.21456;1.21453;0;T;True;1
1621257450000;14191192;1.2145;1.21456;1.21453;1;T;True;1
1621257451000;14191195;1.21451;1.21457;1.21454;2;T;True;1
1621257452000;14191197;1.21451;1.21457;1.21454;1;T;True;1
1621257453000;14191198;1.21451;1.21457;1.21454;0;T;True;1
1621257454000;14191201;1.2145;1.21456;1.21453;2;T;True;1
1621257455000;14191206;1.2145;1.21456;1.21453;4;T;True;1
1621257456000;14191207;1.2145;1.21456;1.21453;0;T;True;1
1621257457000;14191208;1.2145;1.21456;1.21453;0;T;True;1
1621257458000;14191215;1.2145;1.21456;1.21453;6;T;True;1
1621257459000;14191219;1.21452;1.21458;1.21455;3;T;True;1
1621257460000;14191220;1.21452;1.21458;1.21455;0;T;True;1
1621257461000;14191222;1.21452;1.21458;1.21455;1;T;True;1
1621257462000;14191225;1.21454;1.2146;1.21457;2;T;True;1
1621257463000;14191228;1.21455;1.21461;1.21458;2;T;True;1
1621257464000;14191231;1.21454;1.2146;1.21457;2;T;True;1
1621257465000;14191233;1.21455;1.21461;1.21458;1;T;True;1
1621257466000;14191235;1.21456;1.21462;1.21459;1;T;True;1
1621257467000;14191236;1.21456;1.21462;1.21459;0;T;True;1
1621257468000;14191237;1.21456;1.21462;1.21459;0;T;True;1
1621257469000;14191238;1.21456;1.21462;1.21459;0;T;True;1
1621257470000;14191239;1.21456;1.21462;1.21459;0;T;True;1
1621257471000;14191240;1.21456;1.21462;1.21459;0;T;True;1
1621257472000;14191241;1.21456;1.21462;1.21459;0;T;True;1
1621257473000;14191242;1.21456;1.21462;1.21459;0;T;True;1
1621257474000;14191245;1.21456;1.21462;1.21459;2;T;True;1
1621257475000;14191246;1.21456;1.21462;1.21459;0;T;True;1
1621257476000;14191247;1.21456;1.21462;1.21459;0;T;True;1
1621257477000;14191248;1.21456;1.21462;1.21459;0;T;True;1
1621257478000;14191249;1.21456;1.21462;1.21459;0;T;True;1
1621257479000;14191250;1.21456;1.21462;1.21459;0;T;True;1
1621257480000;14191252;1.21456;1.21462;1.21459;1;T;True;1
1621257481000;14191254;1.21456;1.21462;1.21459;1;T;True;1
1621257482000;14191255;1.21456;1.21462;1.21459;0;T;True;1
1621257483000;14191256;1.21456;1.21462;1.21459;0;T;True;1
1621257484000;14191257;1.21456;1.21462;1.21459;0;T;True;1
1621257485000;14191258;1.21456;1.21462;1.21459;0;T;True;1
1621257486000;14191259;1.21456;1.21462;1.21459;0;T;True;1
1621257487000;14191260;1.21456;1.21462;1.21459;0;T;True;1
1621257488000;14191262;1.21456;1.21462;1.21459;1;T;True;1
1621257489000;14191263;1.21456;1.21462;1.21459;0;T;True;1
1621257490000;14191264;1.21456;1.21462;1.21459;0;T;True;1
1621257491000;14191266;1.21456;1.21462;1.21459;1;T;True;1
1621257492000;14191267;1.21456;1.21462;1.21459;0;T;True;1
1621257493000;14191269;1.21456;1.21462;1.21459;1;T;True;1
1621257494000;14191270;1.21456;1.21462;1.21459;0;T;True;1
1621257495000;14191271;1.21456;1.21462;1.21459;0;T;True;1
1621257496000;14191273;1.21456;1.21462;1.21459;1;T;True;1
1621257497000;14191274;1.21456;1.21462;1.21459;0;T;True;1
1621257498000;14191275;1.21456;1.21462;1.21459;0;T;True;1
1621257499000;14191276;1.21456;1.21462;1.21459;0;T;True;1
1621257500000;14191277;1.21456;1.21462;1.21459;0;T;True;1
1621257501000;14191284;1.2146;1.21466;1.21463;6;T;True;1
1621257502000;14191290;1.21464;1.2147;1.21467;5;T;True;1
1621257503000;14191292;1.21464;1.2147;1.21467;1;T;True;1
1621257504000;14191294;1.21464;1.2147;1.21467;1;T;True;1
1621257505000;14191297;1.21464;1.2147;1.21467;2;T;True;1
1621257506000;14191298;1.21464;1.2147;1.21467;0;T;True;1
1621257507000;14191299;1.21464;1.2147;1.21467;0;T;True;1
1621257508000;14191301;1.21462;1.21468;1.21465;1;T;True;1
1621257509000;14191302;1.21462;1.21468;1.21465;0;T;True;1
1621257510000;14191304;1.21462;1.21468;1.21465;1;T;True;1
1621257511000;14191308;1.21464;1.2147;1.21467;3;T;True;1
1621257512000;14191309;1.21464;1.2147;1.21467;0;T;True;1
1621257513000;14191310;1.21464;1.2147;1.21467;0;T;True;1
1621257514000;14191311;1.21464;1.2147;1.21467;0;T;True;1
1621257515000;14191315;1.21464;1.2147;1.21467;3;T;True;1
1621257516000;14191317;1.21465;1.21471;1.21468;1;T;True;1
1621257517000;14191321;1.21465;1.21471;1.21468;3;T;True;1
1621257518000;14191325;1.21466;1.21472;1.21469;3;T;True;1
1621257519000;14191326;1.21466;1.21472;1.21469;0;T;True;1
1621257520000;14191328;1.21465;1.21471;1.21468;1;T;True;1
1621257521000;14191330;1.21466;1.21472;1.21469;1;T;True;1
1621257522000;14191331;1.21466;1.21472;1.21469;0;T;True;1
1621257523000;14191332;1.21466;1.21472;1.21469;0;T;True;1
1621257524000;14191333;1.21466;1.21472;1.21469;0;T;True;1
1621257525000;14191335;1.21466;1.21472;1.21469;1;T;True;1
1621257526000;14191336;1.21466;1.21472;1.21469;0;T;True;1
1621257527000;14191337;1.21466;1.21472;1.21469;0;T;True;1
1621257528000;14191338;1.21466;1.21472;1.21469;0;T;True;1
1621257529000;14191339;1.21466;1.21472;1.21469;0;T;True;1
1621257530000;14191340;1.21466;1.21472;1.21469;0;T;True;1
1621257531000;14191342;1.21466;1.21472;1.21469;1;T;True;1
1621257532000;14191343;1.21466;1.21472;1.21469;0;T;True;1
1621257533000;14191344;1.21466;1.21472;1.21469;0;T;True;1
1621257534000;14191349;1.21464;1.2147;1.21467;4;T;True;1
1621257535000;14191350;1.21464;1.2147;1.21467;0;T;True;1
1621257536000;14191351;1.21464;1.2147;1.21467;0;T;True;1
1621257537000;14191352;1.21464;1.2147;1.21467;0;T;True;1
1621257538000;14191353;1.21464;1.2147;1.21467;0;T;True;1
1621257539000;14191358;1.21464;1.2147;1.21467;4;T;True;1
1621257540000;14191361;1.21465;1.21471;1.21468;2;T;True;1
1621257541000;14191364;1.21465;1.21471;1.21468;2;T;True;1
1621257542000;14191365;1.21465;1.21471;1.21468;0;T;True;1
1621257543000;14191369;1.21465;1.21471;1.21468;3;T;True;1
1621257544000;14191371;1.21465;1.21471;1.21468;1;T;True;1
1621257545000;14191374;1.21465;1.21471;1.21468;2;T;True;1
1621257546000;14191379;1.21466;1.21472;1.21469;4;T;True;1
1621257547000;14191380;1.21466;1.21472;1.21469;0;T;True;1
1621257548000;14191381;1.21466;1.21472;1.21469;0;T;True;1
1621257549000;14191382;1.21466;1.21472;1.21469;0;T;True;1
1621257550000;14191383;1.21466;1.21472;1.21469;0;T;True;1
1621257551000;14191385;1.21466;1.21472;1.21469;1;T;True;1
1621257552000;14191386;1.21466;1.21472;1.21469;0;T;True;1
1621257553000;14191387;1.21466;1.21472;1.21469;0;T;True;1
1621257554000;14191391;1.21468;1.21474;1.21471;3;T;True;1
1621257555000;14191394;1.21466;1.21472;1.21469;2;T;True;1
1621257556000;14191396;1.21466;1.21472;1.21469;1;T;True;1
1621257557000;14191397;1.21466;1.21472;1.21469;0;T;True;1
1621257558000;14191398;1.21466;1.21472;1.21469;0;T;True;1
1621257559000;14191399;1.21466;1.21472;1.21469;0;T;True;1
1621257560000;14191401;1.21466;1.21472;1.21469;1;T;True;1
1621257561000;14191402;1.21466;1.21472;1.21469;0;T;True;1
1621257562000;14191403;1.21466;1.21472;1.21469;0;T;True;1
1621257563000;14191404;1.21466;1.21472;1.21469;0;T;True;1
1621257564000;14191406;1.21466;1.21472;1.21469;1;T;True;1
1621257565000;14191413;1.21466;1.21472;1.21469;6;T;True;1
1621257566000;14191415;1.21466;1.21472;1.21469;1;T;True;1
1621257567000;14191416;1.21466;1.21472;1.21469;0;T;True;1
1621257568000;14191417;1.21466;1.21472;1.21469;0;T;True;1
1621257569000;14191418;1.21466;1.21472;1.21469;0;T;True;1
1621257570000;14191419;1.21466;1.21472;1.21469;0;T;True;1
1621257571000;14191420;1.21466;1.21472;1.21469;0;T;True;1
1621257572000;14191421;1.21466;1.21472;1.21469;0;T;True;1
1621257573000;14191422;1.21466;1.21472;1.21469;0;T;True;1
1621257574000;14191425;1.21465;1.21471;1.21468;2;T;True;1
1621257575000;14191426;1.21465;1.21471;1.21468;0;T;True;1
1621257576000;14191429;1.21464;1.2147;1.21467;2;T;True;1
1621257577000;14191430;1.21464;1.2147;1.21467;0;T;True;1
1621257578000;14191431;1.21464;1.2147;1.21467;0;T;True;1
1621257579000;14191434;1.21465;1.21471;1.21468;2;T;True;1
1621257580000;14191437;1.21465;1.21471;1.21468;2;T;True;1
1621257581000;14191438;1.21465;1.21471;1.21468;0;T;True;1
1621257582000;14191439;1.21465;1.21471;1.21468;0;T;True;1
1621257583000;14191444;1.21465;1.21471;1.21468;4;T;True;1
1621257584000;14191447;1.21466;1.21472;1.21469;2;T;True;1
1621257585000;14191450;1.21465;1.21471;1.21468;2;T;True;1
1621257586000;14191451;1.21465;1.21471;1.21468;0;T;True;1
1621257587000;14191455;1.21466;1.21472;1.21469;3;T;True;1
1621257588000;14191456;1.21466;1.21472;1.21469;0;T;True;1
1621257589000;14191461;1.21466;1.21472;1.21469;4;T;True;1
1621257590000;14191462;1.21466;1.21472;1.21469;0;T;True;1
1621257591000;14191463;1.21466;1.21472;1.21469;0;T;True;1
1621257592000;14191464;1.21466;1.21472;1.21469;0;T;True;1
1621257593000;14191466;1.21466;1.21472;1.21469;1;T;True;1
1621257594000;14191467;1.21466;1.21472;1.21469;0;T;True;1
1621257595000;14191470;1.21466;1.21472;1.21469;2;T;True;1
1621257596000;14191472;1.21466;1.21472;1.21469;1;T;True;1
1621257597000;14191473;1.21466;1.21472;1.21469;0;T;True;1
1621257598000;14191474;1.21466;1.21472;1.21469;0;T;True;1
1621257599000;14191476;1.21466;1.21472;1.21469;1;T;True;1
1621257600000;14191479;1.21466;1.21472;1.21469;2;T;True;1
1621257601000;14191482;1.21465;1.21471;1.21468;2;T;True;1
1621257602000;14191491;1.21466;1.21472;1.21469;8;T;True;1
1621257603000;14191495;1.21465;1.21471;1.21468;3;T;True;1
1621257604000;14191497;1.21465;1.21471;1.21468;1;T;True;1
1621257605000;14191498;1.21465;1.21471;1.21468;0;T;True;1
1621257606000;14191501;1.21466;1.21472;1.21469;2;T;True;1
1621257607000;14191502;1.21466;1.21472;1.21469;0;T;True;1
1621257608000;14191503;1.21466;1.21472;1.21469;0;T;True;1
1621257609000;14191504;1.21466;1.21472;1.21469;0;T;True;1
1621257610000;14191505;1.21466;1.21472;1.21469;0;T;True;1
1621257611000;14191506;1.21466;1.21472;1.21469;0;T;True;1
1621257612000;14191510;1.21466;1.21472;1.21469;3;T;True;1
1621257613000;14191515;1.21466;1.21472;1.21469;4;T;True;1
1621257614000;14191518;1.21466;1.21472;1.21469;2;T;True;1
1621257615000;14191520;1.21466;1.21472;1.21469;1;T;True;1
1621257616000;14191523;1.21466;1.21472;1.21469;2;T;True;1
1621257617000;14191524;1.21466;1.21472;1.21469;0;T;True;1
1621257618000;14191525;1.21466;1.21472;1.21469;0;T;True;1
1621257619000;14191527;1.21466;1.21472;1.21469;1;T;True;1
1621257620000;14191529;1.21466;1.21472;1.21469;1;T;True;1
1621257621000;14191532;1.21466;1.21472;1.21469;2;T;True;1
1621257622000;14191533;1.21466;1.21472;1.21469;0;T;True;1
1621257623000;14191534;1.21466;1.21472;1.21469;0;T;True;1
1621257624000;14191535;1.21466;1.21472;1.21469;0;T;True;1
1621257625000;14191536;1.21466;1.21472;1.21469;0;T;True;1
1621257626000;14191537;1.21466;1.21472;1.21469;0;T;True;1
1621257627000;14191541;1.21465;1.21471;1.21468;3;T;True;1
1621257628000;14191546;1.21466;1.21472;1.21469;4;T;True;1
1621257629000;14191548;1.21466;1.21472;1.21469;1;T;True;1
1621257630000;14191549;1.21466;1.21472;1.21469;0;T;True;1
1621257631000;14191550;1.21466;1.21472;1.21469;0;T;True;1
1621257632000;14191551;1.21466;1.21472;1.21469;0;T;True;1
1621257633000;14191554;1.21466;1.21472;1.21469;2;T;True;1
1621257634000;14191555;1.21466;1.21472;1.21469;0;T;True;1
1621257635000;14191556;1.21466;1.21472;1.21469;0;T;True;1
1621257636000;14191558;1.21466;1.21472;1.21469;1;T;True;1
1621257637000;14191560;1.21466;1.21472;1.21469;1;T;True;1
1621257638000;14191561;1.21466;1.21472;1.21469;0;T;True;1
1621257639000;14191563;1.21466;1.21472;1.21469;1;T;True;1
1621257640000;14191564;1.21466;1.21472;1.21469;0;T;True;1
1621257641000;14191566;1.21466;1.21472;1.21469;1;T;True;1
1621257642000;14191567;1.21466;1.21472;1.21469;0;T;True;1
1621257643000;14191568;1.21466;1.21472;1.21469;0;T;True;1
1621257644000;14191569;1.21466;1.21472;1.21469;0;T;True;1
1621257645000;14191570;1.21466;1.21472;1.21469;0;T;True;1
1621257646000;14191572;1.21466;1.21472;1.21469;1;T;True;1
1621257647000;14191573;1.21466;1.21472;1.21469;0;T;True;1
1621257648000;14191574;1.21466;1.21472;1.21469;0;T;True;1
1621257649000;14191575;1.21466;1.21472;1.21469;0;T;True;1
1621257650000;14191578;1.21464;1.2147;1.21467;2;T;True;1
1621257651000;14191579;1.21464;1.2147;1.21467;0;T;True;1
1621257652000;14191582;1.21464;1.2147;1.21467;2;T;True;1
1621257653000;14191584;1.21465;1.21471;1.21468;1;T;True;1
1621257654000;14191585;1.21465;1.21471;1.21468;0;T;True;1
1621257655000;14191588;1.21464;1.2147;1.21467;2;T;True;1
1621257656000;14191591;1.21464;1.2147;1.21467;2;T;True;1
1621257657000;14191592;1.21464;1.2147;1.21467;0;T;True;1
1621257658000;14191593;1.21464;1.2147;1.21467;0;T;True;1
1621257659000;14191595;1.21464;1.2147;1.21467;1;T;True;1
1621257660000;14191596;1.21464;1.2147;1.21467;0;T;True;1
1621257661000;14191597;1.21464;1.2147;1.21467;0;T;True;1
1621257662000;14191604;1.21466;1.21472;1.21469;6;T;True;1
1621257663000;14191610;1.2147;1.21476;1.21473;5;T;True;1
1621257664000;14191611;1.2147;1.21476;1.21473;0;T;True;1
1621257665000;14191618;1.21468;1.21474;1.21471;6;T;True;1
1621257666000;14191619;1.21468;1.21474;1.21471;0;T;True;1
1621257667000;14191620;1.21468;1.21474;1.21471;0;T;True;1
1621257668000;14191621;1.21468;1.21474;1.21471;0;T;True;1
1621257669000;14191622;1.21468;1.21474;1.21471;0;T;True;1
1621257670000;14191625;1.21468;1.21474;1.21471;2;T;True;1
1621257671000;14191628;1.2147;1.21476;1.21473;2;T;True;1
1621257672000;14191629;1.2147;1.21476;1.21473;0;T;True;1
1621257673000;14191630;1.2147;1.21476;1.21473;0;T;True;1
1621257674000;14191632;1.2147;1.21476;1.21473;1;T;True;1
1621257675000;14191634;1.21469;1.21475;1.21472;1;T;True;1
1621257676000;14191639;1.2147;1.21476;1.21473;4;T;True;1
1621257677000;14191640;1.2147;1.21476;1.21473;0;T;True;1
1621257678000;14191641;1.2147;1.21476;1.21473;0;T;True;1
1621257679000;14191642;1.2147;1.21476;1.21473;0;T;True;1
1621257680000;14191643;1.2147;1.21476;1.21473;0;T;True;1
1621257681000;14191646;1.2147;1.21476;1.21473;2;T;True;1
1621257682000;14191647;1.2147;1.21476;1.21473;0;T;True;1
1621257683000;14191648;1.2147;1.21476;1.21473;0;T;True;1
1621257684000;14191653;1.21472;1.21478;1.21475;4;T;True;1
1621257685000;14191654;1.21472;1.21478;1.21475;0;T;True;1
1621257686000;14191655;1.21472;1.21478;1.21475;0;T;True;1
1621257687000;14191657;1.21472;1.21478;1.21475;1;T;True;1
1621257688000;14191658;1.21472;1.21478;1.21475;0;T;True;1
1621257689000;14191660;1.21473;1.21479;1.21476;1;T;True;1
1621257690000;14191661;1.21473;1.21479;1.21476;0;T;True;1
1621257691000;14191662;1.21473;1.21479;1.21476;0;T;True;1
1621257692000;14191667;1.21474;1.2148;1.21477;4;T;True;1
1621257693000;14191669;1.21474;1.2148;1.21477;1;T;True;1
1621257694000;14191670;1.21474;1.2148;1.21477;0;T;True;1
1621257695000;14191671;1.21474;1.2148;1.21477;0;T;True;1
1621257696000;14191672;1.21474;1.2148;1.21477;0;T;True;1
1621257697000;14191673;1.21474;1.2148;1.21477;0;T;True;1
1621257698000;14191675;1.21474;1.2148;1.21477;1;T;True;1
1621257699000;14191679;1.21474;1.2148;1.21477;3;T;True;1
1621257700000;14191682;1.21473;1.21479;1.21476;2;T;True;1
1621257701000;14191684;1.21473;1.21479;1.21476;1;T;True;1
1621257702000;14191686;1.21474;1.2148;1.21477;1;T;True;1
1621257703000;14191689;1.21474;1.2148;1.21477;2;T;True;1
1621257704000;14191691;1.21474;1.2148;1.21477;1;T;True;1
1621257705000;14191695;1.21474;1.2148;1.21477;3;T;True;1
1621257706000;14191696;1.21474;1.2148;1.21477;0;T;True;1
1621257707000;14191699;1.21474;1.2148;1.21477;2;T;True;1
1621257708000;14191700;1.21474;1.2148;1.21477;0;T;True;1
1621257709000;14191703;1.21474;1.2148;1.21477;2;T;True;1
1621257710000;14191704;1.21474;1.2148;1.21477;0;T;True;1
1621257711000;14191705;1.21474;1.2148;1.21477;0;T;True;1
1621257712000;14191706;1.21474;1.2148;1.21477;0;T;True;1
1621257713000;14191708;1.21474;1.2148;1.21477;1;T;True;1
1621257714000;14191709;1.21474;1.2148;1.21477;0;T;True;1
1621257715000;14191710;1.21474;1.2148;1.21477;0;T;True;1
1621257716000;14191711;1.21474;1.2148;1.21477;0;T;True;1
1621257717000;14191712;1.21474;1.2148;1.21477;0;T;True;1
1621257718000;14191713;1.21474;1.2148;1.21477;0;T;True;1
1621257719000;14191715;1.21474;1.2148;1.21477;1;T;True;1
1621257720000;14191717;1.21474;1.2148;1.21477;1;T;True;1
1621257721000;14191719;1.21474;1.2148;1.21477;1;T;True;1
1621257722000;14191720;1.21474;1.2148;1.21477;0;T;True;1
1621257723000;14191722;1.21474;1.2148;1.21477;1;T;True;1
1621257724000;14191723;1.21474;1.2148;1.21477;0;T;True;1
1621257725000;14191724;1.21474;1.2148;1.21477;0;T;True;1
1621257726000;14191726;1.21474;1.2148;1.21477;1;T;True;1
1621257727000;14191732;1.2147;1.21476;1.21473;5;T;True;1
1621257728000;14191734;1.2147;1.21476;1.21473;1;T;True;1
1621257729000;14191737;1.2147;1.21476;1.21473;2;T;True;1
1621257730000;14191738;1.2147;1.21476;1.21473;0;T;True;1
1621257731000;14191739;1.2147;1.21476;1.21473;0;T;True;1
1621257732000;14191744;1.21474;1.2148;1.21477;4;T;True;1
1621257733000;14191745;1.21474;1.2148;1.21477;0;T;True;1
1621257734000;14191746;1.21474;1.2148;1.21477;0;T;True;1
1621257735000;14191748;1.21474;1.2148;1.21477;1;T;True;1
1621257736000;14191749;1.21474;1.2148;1.21477;0;T;True;1
1621257737000;14191751;1.21474;1.2148;1.21477;1;T;True;1
1621257738000;14191752;1.21474;1.2148;1.21477;0;T;True;1
1621257739000;14191753;1.21474;1.2148;1.21477;0;T;True;1
1621257740000;14191754;1.21474;1.2148;1.21477;0;T;True;1
1621257741000;14191755;1.21474;1.2148;1.21477;0;T;True;1
1621257742000;14191757;1.21475;1.21481;1.21478;1;T;True;1
1621257743000;14191758;1.21475;1.21481;1.21478;0;T;True;1
1621257744000;14191759;1.21475;1.21481;1.21478;0;T;True;1
1621257745000;14191760;1.21475;1.21481;1.21478;0;T;True;1
1621257746000;14191761;1.21475;1.21481;1.21478;0;T;True;1
1621257747000;14191762;1.21475;1.21481;1.21478;0;T;True;1
1621257748000;14191763;1.21475;1.21481;1.21478;0;T;True;1
1621257749000;14191765;1.21475;1.21481;1.21478;1;T;True;1
1621257750000;14191766;1.21475;1.21481;1.21478;0;T;True;1
1621257751000;14191767;1.21475;1.21481;1.21478;0;T;True;1
1621257752000;14191769;1.21475;1.21481;1.21478;1;T;True;1
1621257753000;14191770;1.21475;1.21481;1.21478;0;T;True;1
1621257754000;14191778;1.2148;1.21486;1.21483;7;T;True;1
1621257755000;14191781;1.2148;1.21486;1.21483;2;T;True;1
1621257756000;14191783;1.2148;1.21486;1.21483;1;T;True;1
1621257757000;14191784;1.2148;1.21486;1.21483;0;T;True;1
1621257758000;14191785;1.2148;1.21486;1.21483;0;T;True;1
1621257759000;14191787;1.2148;1.21486;1.21483;1;T;True;1
1621257760000;14191789;1.2148;1.21486;1.21483;1;T;True;1
1621257761000;14191790;1.2148;1.21486;1.21483;0;T;True;1
1621257762000;14191793;1.2148;1.21486;1.21483;2;T;True;1
1621257763000;14191794;1.2148;1.21486;1.21483;0;T;True;1
1621257764000;14191795;1.2148;1.21486;1.21483;0;T;True;1
1621257765000;14191796;1.2148;1.21486;1.21483;0;T;True;1
1621257766000;14191799;1.2148;1.21486;1.21483;2;T;True;1
1621257767000;14191802;1.2148;1.21486;1.21483;2;T;True;1
1621257768000;14191804;1.21482;1.21488;1.21485;1;T;True;1
1621257769000;14191805;1.21482;1.21488;1.21485;0;T;True;1
1621257770000;14191806;1.21482;1.21488;1.21485;0;T;True;1
1621257771000;14191807;1.21482;1.21488;1.21485;0;T;True;1
1621257772000;14191808;1.21482;1.21488;1.21485;0;T;True;1
1621257773000;14191809;1.21482;1.21488;1.21485;0;T;True;1
1621257774000;14191810;1.21482;1.21488;1.21485;0;T;True;1
1621257775000;14191811;1.21482;1.21488;1.21485;0;T;True;1
1621257776000;14191816;1.2148;1.21486;1.21483;4;T;True;1
1621257777000;14191819;1.2148;1.21486;1.21483;2;T;True;1
1621257778000;14191820;1.2148;1.21486;1.21483;0;T;True;1
1621257779000;14191821;1.2148;1.21486;1.21483;0;T;True;1
1621257780000;14191822;1.2148;1.21486;1.21483;0;T;True;1
1621257781000;14191824;1.2148;1.21486;1.21483;1;T;True;1
1621257782000;14191825;1.2148;1.21486;1.21483;0;T;True;1
1621257783000;14191827;1.21481;1.21487;1.21484;1;T;True;1
1621257784000;14191828;1.21481;1.21487;1.21484;0;T;True;1
1621257785000;14191829;1.21481;1.21487;1.21484;0;T;True;1
1621257786000;14191833;1.21478;1.21484;1.21481;3;T;True;1
1621257787000;14191835;1.21478;1.21484;1.21481;1;T;True;1
1621257788000;14191837;1.2148;1.21486;1.21483;1;T;True;1
1621257789000;14191838;1.2148;1.21486;1.21483;0;T;True;1
1621257790000;14191839;1.2148;1.21486;1.21483;0;T;True;1
1621257791000;14191842;1.2148;1.21486;1.21483;2;T;True;1
1621257792000;14191843;1.2148;1.21486;1.21483;0;T;True;1
1621257793000;14191844;1.2148;1.21486;1.21483;0;T;True;1
1621257794000;14191845;1.2148;1.21486;1.21483;0;T;True;1
1621257795000;14191846;1.2148;1.21486;1.21483;0;T;True;1
1621257796000;14191847;1.2148;1.21486;1.21483;0;T;True;1
1621257797000;14191848;1.2148;1.21486;1.21483;0;T;True;1
1621257798000;14191849;1.2148;1.21486;1.21483;0;T;True;1
1621257799000;14191850;1.2148;1.21486;1.21483;0;T;True;1
1621257800000;14191851;1.2148;1.21486;1.21483;0;T;True;1
1621257801000;14191852;1.2148;1.21486;1.21483;0;T;True;1
1621257802000;14191853;1.2148;1.21486;1.21483;0;T;True;1
1621257803000;14191860;1.21486;1.21492;1.21489;6;T;True;1
1621257804000;14191861;1.21486;1.21492;1.21489;0;T;True;1
1621257805000;14191862;1.21486;1.21492;1.21489;0;T;True;1
1621257806000;14191864;1.21486;1.21492;1.21489;1;T;True;1
1621257807000;14191867;1.21486;1.21492;1.21489;2;T;True;1
1621257808000;14191870;1.21485;1.21491;1.21488;2;T;True;1
1621257809000;14191875;1.21484;1.2149;1.21487;4;T;True;1
1621257810000;14191876;1.21484;1.2149;1.21487;0;T;True;1
1621257811000;14191877;1.21484;1.2149;1.21487;0;T;True;1
1621257812000;14191879;1.21484;1.2149;1.21487;1;T;True;1
1621257813000;14191880;1.21484;1.2149;1.21487;0;T;True;1
1621257814000;14191883;1.21486;1.21492;1.21489;2;T;True;1
1621257815000;14191884;1.21486;1.21492;1.21489;0;T;True;1
1621257816000;14191885;1.21486;1.21492;1.21489;0;T;True;1
1621257817000;14191886;1.21486;1.21492;1.21489;0;T;True;1
1621257818000;14191892;1.21486;1.21492;1.21489;5;T;True;1
1621257819000;14191893;1.21486;1.21492;1.21489;0;T;True;1
1621257820000;14191894;1.21486;1.21492;1.21489;0;T;True;1
1621257821000;14191896;1.21486;1.21492;1.21489;1;T;True;1
1621257822000;14191897;1.21486;1.21492;1.21489;0;T;True;1
1621257823000;14191900;1.21489;1.21495;1.21492;2;T;True;1
1621257824000;14191902;1.2149;1.21496;1.21493;1;T;True;1
1621257825000;14191904;1.2149;1.21496;1.21493;1;T;True;1
1621257826000;14191905;1.2149;1.21496;1.21493;0;T;True;1
1621257827000;14191906;1.2149;1.21496;1.21493;0;T;True;1
1621257828000;14191908;1.2149;1.21496;1.21493;1;T;True;1
1621257829000;14191913;1.21491;1.21497;1.21494;4;T;True;1
1621257830000;14191915;1.2149;1.21496;1.21493;1;T;True;1
1621257831000;14191916;1.2149;1.21496;1.21493;0;T;True;1
1621257832000;14191917;1.2149;1.21496;1.21493;0;T;True;1
1621257833000;14191919;1.2149;1.21496;1.21493;1;T;True;1
1621257834000;14191920;1.2149;1.21496;1.21493;0;T;True;1
1621257835000;14191921;1.2149;1.21496;1.21493;0;T;True;1
1621257836000;14191922;1.2149;1.21496;1.21493;0;T;True;1
1621257837000;14191923;1.2149;1.21496;1.21493;0;T;True;1
1621257838000;14191924;1.2149;1.21496;1.21493;0;T;True;1
1621257839000;14191925;1.2149;1.21496;1.21493;0;T;True;1
1621257840000;14191926;1.2149;1.21496;1.21493;0;T;True;1
1621257841000;14191927;1.2149;1.21496;1.21493;0;T;True;1
1621257842000;14191928;1.2149;1.21496;1.21493;0;T;True;1
1621257843000;14191930;1.2149;1.21496;1.21493;1;T;True;1
1621257844000;14191933;1.21492;1.21498;1.21495;2;T;True;1
1621257845000;14191936;1.21492;1.21498;1.21495;2;T;True;1
1621257846000;14191943;1.21493;1.21499;1.21496;6;T;True;1
1621257847000;14191947;1.21494;1.215;1.21497;3;T;True;1
1621257848000;14191950;1.21492;1.21498;1.21495;2;T;True;1
1621257849000;14191954;1.21491;1.21497;1.21494;3;T;True;1
1621257850000;14191955;1.21491;1.21497;1.21494;0;T;True;1
1621257851000;14191957;1.21491;1.21497;1.21494;1;T;True;1
1621257852000;14191961;1.21492;1.21498;1.21495;3;T;True;1
1621257853000;14191962;1.21492;1.21498;1.21495;0;T;True;1
1621257854000;14191967;1.21492;1.21498;1.21495;4;T;True;1
1621257855000;14191969;1.21493;1.21499;1.21496;1;T;True;1
1621257856000;14191971;1.21492;1.21498;1.21495;1;T;True;1
1621257857000;14191974;1.21492;1.21498;1.21495;2;T;True;1
1621257858000;14191978;1.21492;1.21498;1.21495;3;T;True;1
1621257859000;14191980;1.21492;1.21498;1.21495;1;T;True;1
1621257860000;14191984;1.21492;1.21498;1.21495;3;T;True;1
1621257861000;14191985;1.21492;1.21498;1.21495;0;T;True;1
1621257862000;14191990;1.21492;1.21498;1.21495;4;T;True;1
1621257863000;14191991;1.21492;1.21498;1.21495;0;T;True;1
1621257864000;14191994;1.21492;1.21498;1.21495;2;T;True;1
1621257865000;14191996;1.21492;1.21498;1.21495;1;T;True;1
1621257866000;14191997;1.21492;1.21498;1.21495;0;T;True;1
1621257867000;14192003;1.21494;1.215;1.21497;5;T;True;1
1621257868000;14192005;1.21495;1.21501;1.21498;1;T;True;1
1621257869000;14192006;1.21495;1.21501;1.21498;0;T;True;1
1621257870000;14192007;1.21495;1.21501;1.21498;0;T;True;1
1621257871000;14192008;1.21495;1.21501;1.21498;0;T;True;1
1621257872000;14192009;1.21495;1.21501;1.21498;0;T;True;1
1621257873000;14192011;1.21495;1.21501;1.21498;1;T;True;1
1621257874000;14192012;1.21495;1.21501;1.21498;0;T;True;1
1621257875000;14192014;1.21496;1.21502;1.21499;1;T;True;1
1621257876000;14192016;1.21496;1.21502;1.21499;1;T;True;1
1621257877000;14192023;1.21496;1.21502;1.21499;6;T;True;1
1621257878000;14192026;1.21495;1.21501;1.21498;2;T;True;1
1621257879000;14192028;1.21496;1.21502;1.21499;1;T;True;1
1621257880000;14192030;1.21496;1.21502;1.21499;1;T;True;1
1621257881000;14192031;1.21496;1.21502;1.21499;0;T;True;1
1621257882000;14192032;1.21496;1.21502;1.21499;0;T;True;1
1621257883000;14192033;1.21496;1.21502;1.21499;0;T;True;1
1621257884000;14192034;1.21496;1.21502;1.21499;0;T;True;1
1621257885000;14192038;1.21492;1.21498;1.21495;3;T;True;1
1621257886000;14192041;1.21492;1.21498;1.21495;2;T;True;1
1621257887000;14192042;1.21492;1.21498;1.21495;0;T;True;1
1621257888000;14192045;1.2149;1.21496;1.21493;2;T;True;1
1621257889000;14192049;1.21492;1.21498;1.21495;3;T;True;1
1621257890000;14192051;1.21492;1.21498;1.21495;1;T;True;1
1621257891000;14192052;1.21492;1.21498;1.21495;0;T;True;1
1621257892000;14192053;1.21492;1.21498;1.21495;0;T;True;1
1621257893000;14192054;1.21492;1.21498;1.21495;0;T;True;1
1621257894000;14192056;1.21492;1.21498;1.21495;1;T;True;1
1621257895000;14192057;1.21492;1.21498;1.21495;0;T;True;1
1621257896000;14192058;1.21492;1.21498;1.21495;0;T;True;1
1621257897000;14192060;1.21491;1.21497;1.21494;1;T;True;1
1621257898000;14192061;1.21491;1.21497;1.21494;0;T;True;1
1621257899000;14192062;1.21491;1.21497;1.21494;0;T;True;1
1621257900000;14192064;1.21492;1.21498;1.21495;1;T;True;1
1621257901000;14192074;1.21486;1.21492;1.21489;9;T;True;1
1621257902000;14192077;1.21484;1.2149;1.21487;2;T;True;1
1621257903000;14192078;1.21484;1.2149;1.21487;0;T;True;1
1621257904000;14192080;1.21484;1.2149;1.21487;1;T;True;1
1621257905000;14192085;1.21482;1.21488;1.21485;4;T;True;1
1621257906000;14192089;1.21482;1.21488;1.21485;3;T;True;1
1621257907000;14192092;1.21482;1.21488;1.21485;2;T;True;1
1621257908000;14192093;1.21482;1.21488;1.21485;0;T;True;1
1621257909000;14192094;1.21482;1.21488;1.21485;0;T;True;1
1621257910000;14192106;1.21482;1.21488;1.21485;11;T;True;1
1621257911000;14192108;1.21482;1.21488;1.21485;1;T;True;1
1621257912000;14192109;1.21482;1.21488;1.21485;0;T;True;1
1621257913000;14192110;1.21482;1.21488;1.21485;0;T;True;1
1621257914000;14192112;1.21482;1.21488;1.21485;1;T;True;1
1621257915000;14192114;1.21482;1.21488;1.21485;1;T;True;1
1621257916000;14192117;1.21482;1.21488;1.21485;2;T;True;1
1621257917000;14192118;1.21482;1.21488;1.21485;0;T;True;1
1621257918000;14192120;1.21482;1.21488;1.21485;1;T;True;1
1621257919000;14192122;1.21482;1.21488;1.21485;1;T;True;1
1621257920000;14192123;1.21482;1.21488;1.21485;0;T;True;1
1621257921000;14192124;1.21482;1.21488;1.21485;0;T;True;1
1621257922000;14192126;1.21482;1.21488;1.21485;1;T;True;1
1621257923000;14192131;1.21485;1.21491;1.21488;4;T;True;1
1621257924000;14192132;1.21485;1.21491;1.21488;0;T;True;1
1621257925000;14192137;1.21484;1.2149;1.21487;4;T;True;1
1621257926000;14192139;1.21484;1.2149;1.21487;1;T;True;1
1621257927000;14192142;1.21483;1.21489;1.21486;2;T;True;1
1621257928000;14192146;1.21484;1.2149;1.21487;3;T;True;1
1621257929000;14192150;1.21482;1.21488;1.21485;3;T;True;1
1621257930000;14192153;1.21482;1.21488;1.21485;2;T;True;1
1621257931000;14192155;1.21481;1.21487;1.21484;1;T;True;1
1621257932000;14192157;1.21482;1.21488;1.21485;1;T;True;1
1621257933000;14192158;1.21482;1.21488;1.21485;0;T;True;1
1621257934000;14192163;1.21481;1.21487;1.21484;4;T;True;1
1621257935000;14192164;1.21481;1.21487;1.21484;0;T;True;1
1621257936000;14192166;1.2148;1.21486;1.21483;1;T;True;1
1621257937000;14192170;1.2148;1.21486;1.21483;3;T;True;1
1621257938000;14192172;1.2148;1.21486;1.21483;1;T;True;1
1621257939000;14192174;1.21481;1.21487;1.21484;1;T;True;1
1621257940000;14192176;1.21482;1.21488;1.21485;1;T;True;1
1621257941000;14192177;1.21482;1.21488;1.21485;0;T;True;1
1621257942000;14192178;1.21482;1.21488;1.21485;0;T;True;1
1621257943000;14192179;1.21482;1.21488;1.21485;0;T;True;1
1621257944000;14192180;1.21482;1.21488;1.21485;0;T;True;1
1621257945000;14192181;1.21482;1.21488;1.21485;0;T;True;1
1621257946000;14192182;1.21482;1.21488;1.21485;0;T;True;1
1621257947000;14192183;1.21482;1.21488;1.21485;0;T;True;1
1621257948000;14192184;1.21482;1.21488;1.21485;0;T;True;1
1621257949000;14192185;1.21482;1.21488;1.21485;0;T;True;1
1621257950000;14192190;1.21477;1.21483;1.2148;4;T;True;1
1621257951000;14192193;1.21478;1.21484;1.21481;2;T;True;1
1621257952000;14192194;1.21478;1.21484;1.21481;0;T;True;1
1621257953000;14192200;1.2148;1.21486;1.21483;5;T;True;1
1621257954000;14192201;1.2148;1.21486;1.21483;0;T;True;1
1621257955000;14192204;1.21482;1.21488;1.21485;2;T;True;1
1621257956000;14192205;1.21482;1.21488;1.21485;0;T;True;1
1621257957000;14192206;1.21482;1.21488;1.21485;0;T;True;1
1621257958000;14192208;1.21482;1.21488;1.21485;1;T;True;1
1621257959000;14192209;1.21482;1.21488;1.21485;0;T;True;1
1621257960000;14192211;1.21482;1.21488;1.21485;1;T;True;1
1621257961000;14192215;1.21485;1.21491;1.21488;3;T;True;1
1621257962000;14192217;1.21486;1.21492;1.21489;1;T;True;1
1621257963000;14192218;1.21486;1.21492;1.21489;0;T;True;1
1621257964000;14192220;1.21486;1.21492;1.21489;1;T;True;1
1621257965000;14192221;1.21486;1.21492;1.21489;0;T;True;1
1621257966000;14192229;1.2149;1.21496;1.21493;7;T;True;1
1621257967000;14192231;1.21491;1.21497;1.21494;1;T;True;1
1621257968000;14192233;1.21491;1.21497;1.21494;1;T;True;1
1621257969000;14192244;1.21484;1.2149;1.21487;10;T;True;1
1621257970000;14192249;1.2148;1.21486;1.21483;4;T;True;1
1621257971000;14192256;1.21476;1.21482;1.21479;6;T;True;1
1621257972000;14192263;1.21472;1.21478;1.21475;6;T;True;1
1621257973000;14192266;1.2147;1.21476;1.21473;2;T;True;1
1621257974000;14192267;1.2147;1.21476;1.21473;0;T;True;1
1621257975000;14192269;1.2147;1.21476;1.21473;1;T;True;1
1621257976000;14192270;1.2147;1.21476;1.21473;0;T;True;1
1621257977000;14192271;1.2147;1.21476;1.21473;0;T;True;1
1621257978000;14192279;1.21466;1.21472;1.21469;7;T;True;1
1621257979000;14192283;1.21468;1.21474;1.21471;3;T;True;1
1621257980000;14192286;1.21466;1.21472;1.21469;2;T;True;1
1621257981000;14192289;1.21466;1.21472;1.21469;2;T;True;1
1621257982000;14192291;1.21465;1.21471;1.21468;1;T;True;1
1621257983000;14192301;1.2147;1.21476;1.21473;9;T;True;1
1621257984000;14192307;1.21474;1.2148;1.21477;5;T;True;1
1621257985000;14192312;1.21472;1.21478;1.21475;4;T;True;1
1621257986000;14192320;1.2148;1.21486;1.21483;7;T;True;1
1621257987000;14192322;1.2148;1.21486;1.21483;1;T;True;1
1621257988000;14192323;1.2148;1.21486;1.21483;0;T;True;1
1621257989000;14192324;1.2148;1.21486;1.21483;0;T;True;1
1621257990000;14192330;1.21476;1.21482;1.21479;5;T;True;1
1621257991000;14192334;1.21478;1.21484;1.21481;3;T;True;1
1621257992000;14192336;1.21478;1.21484;1.21481;1;T;True;1
1621257993000;14192342;1.21476;1.21482;1.21479;5;T;True;1
1621257994000;14192343;1.21476;1.21482;1.21479;0;T;True;1
1621257995000;14192345;1.21476;1.21482;1.21479;1;T;True;1
