ts;n;bid;ask;value;volume;phase;round;active_id
1621267062000;14223415;1.21528;1.21534;1.21531;2;T;True;1
1621267063000;14223417;1.21528;1.21534;1.21531;1;T;True;1
1621267064000;14223418;1.21528;1.21534;1.21531;0;T;True;1
1621267065000;14223420;1.21528;1.21534;1.21531;1;T;True;1
1621267066000;14223421;1.21528;1.21534;1.21531;0;T;True;1
1621267067000;14223424;1.21529;1.21535;1.21532;2;T;True;1
1621267068000;14223425;1.21529;1.21535;1.21532;0;T;True;1
1621267069000;14223426;1.21529;1.21535;1.21532;0;T;True;1
1621267070000;14223428;1.21528;1.21534;1.21531;1;T;True;1
1621267071000;14223434;1.21532;1.21538;1.21535;5;T;True;1
1621267072000;14223437;1.21531;1.21537;1.21534;2;T;True;1
1621267073000;14223440;1.2153;1.21536;1.21533;2;T;True;1
1621267074000;14223444;1.21526;1.21532;1.21529;3;T;True;1
1621267075000;14223445;1.21526;1.21532;1.21529;0;T;True;1
1621267076000;14223446;1.21526;1.21532;1.21529;0;T;True;1
1621267077000;14223450;1.21527;1.21533;1.2153;3;T;True;1
1621267078000;14223453;1.21526;1.21532;1.21529;2;T;True;1
1621267079000;14223454;1.21526;1.21532;1.21529;0;T;True;1
1621267080000;14223455;1.21526;1.21532;1.21529;0;T;True;1
1621267081000;14223456;1.21526;1.21532;1.21529;0;T;True;1
1621267082000;14223459;1.21526;1.21532;1.21529;2;T;True;1
1621267083000;14223461;1.21526;1.21532;1.21529;1;T;True;1
1621267084000;14223462;1.21526;1.21532;1.21529;0;T;True;1
1621267085000;14223466;1.21526;1.21532;1.21529;3;T;True;1
1621267086000;14223473;1.21532;1.21538;1.21535;6;T;True;1
1621267087000;14223477;1.21534;1.2154;1.21537;3;T;True;1
1621267088000;14223479;1.21534;1.2154;1.21537;1;T;True;1
1621267089000;14223485;1.21534;1.2154;1.21537;5;T;True;1
1621267090000;14223487;1.21534;1.2154;1.21537;1;T;True;1
1621267091000;14223488;1.21534;1.2154;1.21537;0;T;True;1
1621267092000;14223491;1.21534;1.2154;1.21537;2;T;True;1
1621267093000;14223495;1.21534;1.2154;1.21537;3;T;True;1
1621267094000;14223499;1.2153;1.21536;1.21533;3;T;True;1
1621267095000;14223500;1.2153;1.21536;1.21533;0;T;True;1
1621267096000;14223502;1.21531;1.21537;1.21534;1;T;True;1
1621267097000;14223503;1.21531;1.21537;1.21534;0;T;True;1
1621267098000;14223505;1.2153;1.21536;1.21533;1;T;True;1
1621267099000;14223512;1.21532;1.21538;1.21535;6;T;True;1
1621267100000;14223513;1.21532;1.21538;1.21535;0;T;True;1
1621267101000;14223517;1.21534;1.2154;1.21537;3;T;True;1
1621267102000;14223519;1.21534;1.2154;1.21537;1;T;True;1
1621267103000;14223523;1.21534;1.2154;1.21537;3;T;True;1
1621267104000;14223524;1.21534;1.2154;1.21537;0;T;True;1
1621267105000;14223525;1.21534;1.2154;1.21537;0;T;True;1
1621267106000;14223526;1.21534;1.2154;1.21537;0;T;True;1
1621267107000;14223527;1.21534;1.2154;1.21537;0;T;True;1
1621267108000;14223528;1.21534;1.2154;1.21537;0;T;True;1
1621267109000;14223529;1.21534;1.2154;1.21537;0;T;True;1
1621267110000;14223530;1.21534;1.2154;1.21537;0;T;True;1
1621267111000;14223531;1.21534;1.2154;1.21537;0;T;True;1
1621267112000;14223532;1.21534;1.2154;1.21537;0;T;True;1
1621267113000;14223533;1.21534;1.2154;1.21537;0;T;True;1
1621267114000;14223534;1.21534;1.2154;1.21537;0;T;True;1
1621267115000;14223537;1.21534;1.2154;1.21537;2;T;True;1
1621267116000;14223540;1.21536;1.21542;1.21539;2;T;True;1
1621267117000;14223546;1.21534;1.2154;1.21537;5;T;True;1
1621267118000;14223550;1.21536;1.21542;1.21539;3;T;True;1
1621267119000;14223551;1.21536;1.21542;1.21539;0;T;True;1
1621267120000;14223554;1.21535;1.21541;1.21538;2;T;True;1
1621267121000;14223555;1.21535;1.21541;1.21538;0;T;True;1
1621267122000;14223556;1.21535;1.21541;1.21538;0;T;True;1
1621267123000;14223557;1.21535;1.21541;1.21538;0;T;True;1
1621267124000;14223559;1.21536;1.21542;1.21539;1;T;True;1
1621267125000;14223560;1.21536;1.21542;1.21539;0;T;True;1
1621267126000;14223568;1.21539;1.21545;1.21542;7;T;True;1
1621267127000;14223570;1.21539;1.21545;1.21542;1;T;True;1
1621267128000;14223572;1.2154;1.21546;1.21543;1;T;True;1
1621267129000;14223573;1.2154;1.21546;1.21543;0;T;True;1
1621267130000;14223576;1.2154;1.21546;1.21543;2;T;True;1
1621267131000;14223577;1.2154;1.21546;1.21543;0;T;True;1
1621267132000;14223578;1.2154;1.21546;1.21543;0;T;True;1
1621267133000;14223579;1.2154;1.21546;1.21543;0;T;True;1
1621267134000;14223585;1.21535;1.21541;1.21538;5;T;True;1
1621267135000;14223587;1.21534;1.2154;1.21537;1;T;True;1
1621267136000;14223589;1.21534;1.2154;1.21537;1;T;True;1
1621267137000;14223594;1.21537;1.21543;1.2154;4;T;True;1
1621267138000;14223596;1.21536;1.21542;1.21539;1;T;True;1
1621267139000;14223598;1.21537;1.21543;1.2154;1;T;True;1
1621267140000;14223601;1.21537;1.21543;1.2154;2;T;True;1
1621267141000;14223604;1.21536;1.21542;1.21539;2;T;True;1
1621267142000;14223608;1.21539;1.21545;1.21542;3;T;True;1
1621267143000;14223614;1.21539;1.21545;1.21542;5;T;True;1
1621267144000;14223619;1.2154;1.21546;1.21543;4;T;True;1
1621267145000;14223622;1.2154;1.21546;1.21543;2;T;True;1
1621267146000;14223623;1.2154;1.21546;1.21543;0;T;True;1
1621267147000;14223628;1.21536;1.21542;1.21539;4;T;True;1
1621267148000;14223630;1.21536;1.21542;1.21539;1;T;True;1
1621267149000;14223631;1.21536;1.21542;1.21539;0;T;True;1
1621267150000;14223637;1.21538;1.21544;1.21541;5;T;True;1
1621267151000;14223639;1.21539;1.21545;1.21542;1;T;True;1
1621267152000;14223640;1.21539;1.21545;1.21542;0;T;True;1
1621267153000;14223642;1.2154;1.21546;1.21543;1;T;True;1
1621267154000;14223643;1.2154;1.21546;1.21543;0;T;True;1
1621267155000;14223644;1.2154;1.21546;1.21543;0;T;True;1
1621267156000;14223646;1.2154;1.21546;1.21543;1;T;True;1
1621267157000;14223647;1.2154;1.21546;1.21543;0;T;True;1
1621267158000;14223648;1.2154;1.21546;1.21543;0;T;True;1
1621267159000;14223649;1.2154;1.21546;1.21543;0;T;True;1
1621267160000;14223650;1.2154;1.21546;1.21543;0;T;True;1
1621267161000;14223651;1.2154;1.21546;1.21543;0;T;True;1
1621267162000;14223652;1.2154;1.21546;1.21543;0;T;True;1
1621267163000;14223653;1.2154;1.21546;1.21543;0;T;True;1
1621267164000;14223655;1.2154;1.21546;1.21543;1;T;True;1
1621267165000;14223656;1.2154;1.21546;1.21543;0;T;True;1
1621267166000;14223659;1.2154;1.21546;1.21543;2;T;True;1
1621267167000;14223660;1.2154;1.21546;1.21543;0;T;True;1
1621267168000;14223661;1.2154;1.21546;1.21543;0;T;True;1
1621267169000;14223663;1.2154;1.21546;1.21543;1;T;True;1
1621267170000;14223666;1.2154;1.21546;1.21543;2;T;True;1
1621267171000;14223668;1.2154;1.21546;1.21543;1;T;True;1
1621267172000;14223670;1.2154;1.21546;1.21543;1;T;True;1
1621267173000;14223672;1.2154;1.21546;1.21543;1;T;True;1
1621267174000;14223673;1.2154;1.21546;1.21543;0;T;True;1
1621267175000;14223676;1.2154;1.21546;1.21543;2;T;True;1
1621267176000;14223677;1.2154;1.21546;1.21543;0;T;True;1
1621267177000;14223684;1.21542;1.21548;1.21545;6;T;True;1
1621267178000;14223687;1.21544;1.2155;1.21547;2;T;True;1
1621267179000;14223689;1.21544;1.2155;1.21547;1;T;True;1
1621267180000;14223692;1.21544;1.2155;1.21547;2;T;True;1
1621267181000;14223693;1.21544;1.2155;1.21547;0;T;True;1
1621267182000;14223694;1.21544;1.2155;1.21547;0;T;True;1
1621267183000;14223695;1.21544;1.2155;1.21547;0;T;True;1
1621267184000;14223696;1.21544;1.2155;1.21547;0;T;True;1
1621267185000;14223697;1.21544;1.2155;1.21547;0;T;True;1
1621267186000;14223698;1.21544;1.2155;1.21547;0;T;True;1
1621267187000;14223699;1.21544;1.2155;1.21547;0;T;True;1
1621267188000;14223701;1.21545;1.21551;1.21548;1;T;True;1
1621267189000;14223702;1.21545;1.21551;1.21548;0;T;True;1
1621267190000;14223703;1.21545;1.21551;1.21548;0;T;True;1
1621267191000;14223704;1.21545;1.21551;1.21548;0;T;True;1
1621267192000;14223705;1.21545;1.21551;1.21548;0;T;True;1
1621267193000;14223706;1.21545;1.21551;1.21548;0;T;True;1
1621267194000;14223707;1.21545;1.21551;1.21548;0;T;True;1
1621267195000;14223708;1.21545;1.21551;1.21548;0;T;True;1
1621267196000;14223711;1.21544;1.2155;1.21547;2;T;True;1
1621267197000;14223712;1.21544;1.2155;1.21547;0;T;True;1
1621267198000;14223713;1.21544;1.2155;1.21547;0;T;True;1
1621267199000;14223714;1.21544;1.2155;1.21547;0;T;True;1
1621267200000;14223724;1.21544;1.2155;1.21547;9;T;True;1
1621267201000;14223726;1.21544;1.2155;1.21547;1;T;True;1
1621267202000;14223727;1.21544;1.2155;1.21547;0;T;True;1
1621267203000;14223729;1.21544;1.2155;1.21547;1;T;True;1
1621267204000;14223730;1.21544;1.2155;1.21547;0;T;True;1
1621267205000;14223738;1.21546;1.21552;1.21549;7;T;True;1
1621267206000;14223741;1.21545;1.21551;1.21548;2;T;True;1
1621267207000;14223746;1.2154;1.21546;1.21543;4;T;True;1
1621267208000;14223750;1.21541;1.21547;1.21544;3;T;True;1
1621267209000;14223753;1.21541;1.21547;1.21544;2;T;True;1
1621267210000;14223763;1.21546;1.21552;1.21549;9;T;True;1
1621267211000;14223765;1.21546;1.21552;1.21549;1;T;True;1
1621267212000;14223770;1.21545;1.21551;1.21548;4;T;True;1
1621267213000;14223773;1.21544;1.2155;1.21547;2;T;True;1
1621267214000;14223776;1.21544;1.2155;1.21547;2;T;True;1
1621267215000;14223781;1.21544;1.2155;1.21547;4;T;True;1
1621267216000;14223782;1.21544;1.2155;1.21547;0;T;True;1
1621267217000;14223784;1.21546;1.21552;1.21549;1;T;True;1
1621267218000;14223790;1.21544;1.2155;1.21547;5;T;True;1
1621267219000;14223791;1.21544;1.2155;1.21547;0;T;True;1
1621267220000;14223793;1.21544;1.2155;1.21547;1;T;True;1
1621267221000;14223805;1.21544;1.2155;1.21547;11;T;True;1
1621267222000;14223809;1.21544;1.2155;1.21547;3;T;True;1
1621267223000;14223819;1.21537;1.21543;1.2154;9;T;True;1
1621267224000;14223820;1.21537;1.21543;1.2154;0;T;True;1
1621267225000;14223821;1.21537;1.21543;1.2154;0;T;True;1
1621267226000;14223830;1.21538;1.21544;1.21541;8;T;True;1
1621267227000;14223832;1.21538;1.21544;1.21541;1;T;True;1
1621267228000;14223834;1.21536;1.21542;1.21539;1;T;True;1
1621267229000;14223838;1.21534;1.2154;1.21537;3;T;True;1
1621267230000;14223840;1.21536;1.21542;1.21539;1;T;True;1
1621267231000;14223842;1.21536;1.21542;1.21539;1;T;True;1
1621267232000;14223843;1.21536;1.21542;1.21539;0;T;True;1
1621267233000;14223847;1.21536;1.21542;1.21539;3;T;True;1
1621267234000;14223852;1.21537;1.21543;1.2154;4;T;True;1
1621267235000;14223866;1.2154;1.21546;1.21543;13;T;True;1
1621267236000;14223870;1.21538;1.21544;1.21541;3;T;True;1
1621267237000;14223879;1.21538;1.21544;1.21541;8;T;True;1
1621267238000;14223882;1.21538;1.21544;1.21541;2;T;True;1
1621267239000;14223889;1.21536;1.21542;1.21539;6;T;True;1
1621267240000;14223894;1.21534;1.2154;1.21537;4;T;True;1
1621267241000;14223897;1.21534;1.2154;1.21537;2;T;True;1
1621267242000;14223898;1.21534;1.2154;1.21537;0;T;True;1
1621267243000;14223909;1.21542;1.21548;1.21545;10;T;True;1
1621267244000;14223912;1.21542;1.21548;1.21545;2;T;True;1
1621267245000;14223913;1.21542;1.21548;1.21545;0;T;True;1
1621267246000;14223914;1.21542;1.21548;1.21545;0;T;True;1
1621267247000;14223917;1.2154;1.21546;1.21543;2;T;True;1
1621267248000;14223918;1.2154;1.21546;1.21543;0;T;True;1
1621267249000;14223923;1.21537;1.21543;1.2154;4;T;True;1
1621267250000;14223925;1.21536;1.21542;1.21539;1;T;True;1
1621267251000;14223927;1.21536;1.21542;1.21539;1;T;True;1
1621267252000;14223929;1.21536;1.21542;1.21539;1;T;True;1
1621267253000;14223931;1.21536;1.21542;1.21539;1;T;True;1
1621267254000;14223932;1.21536;1.21542;1.21539;0;T;True;1
1621267255000;14223933;1.21536;1.21542;1.21539;0;T;True;1
1621267256000;14223934;1.21536;1.21542;1.21539;0;T;True;1
1621267257000;14223941;1.2154;1.21546;1.21543;6;T;True;1
1621267258000;14223945;1.2154;1.21546;1.21543;3;T;True;1
1621267259000;14223947;1.2154;1.21546;1.21543;1;T;True;1
1621267260000;14223948;1.2154;1.21546;1.21543;0;T;True;1
1621267261000;14223955;1.2154;1.21546;1.21543;6;T;True;1
1621267262000;14223956;1.2154;1.21546;1.21543;0;T;True;1
1621267263000;14223962;1.21542;1.21548;1.21545;5;T;True;1
1621267264000;14223963;1.21542;1.21548;1.21545;0;T;True;1
1621267265000;14223965;1.21542;1.21548;1.21545;1;T;True;1
1621267266000;14223969;1.2154;1.21546;1.21543;3;T;True;1
1621267267000;14223970;1.2154;1.21546;1.21543;0;T;True;1
1621267268000;14223971;1.2154;1.21546;1.21543;0;T;True;1
1621267269000;14223981;1.21535;1.21541;1.21538;9;T;True;1
1621267270000;14223983;1.21534;1.2154;1.21537;1;T;True;1
1621267271000;14223985;1.21534;1.2154;1.21537;1;T;True;1
1621267272000;14223986;1.21534;1.2154;1.21537;0;T;True;1
1621267273000;14223992;1.21534;1.2154;1.21537;5;T;True;1
1621267274000;14223994;1.21534;1.2154;1.21537;1;T;True;1
1621267275000;14223995;1.21534;1.2154;1.21537;0;T;True;1
1621267276000;14223996;1.21534;1.2154;1.21537;0;T;True;1
1621267277000;14223997;1.21534;1.2154;1.21537;0;T;True;1
1621267278000;14223998;1.21534;1.2154;1.21537;0;T;True;1
1621267279000;14224000;1.21534;1.2154;1.21537;1;T;True;1
1621267280000;14224001;1.21534;1.2154;1.21537;0;T;True;1
1621267281000;14224002;1.21534;1.2154;1.21537;0;T;True;1
1621267282000;14224010;1.2153;1.21536;1.21533;7;T;True;1
1621267283000;14224014;1.2153;1.21536;1.21533;3;T;True;1
1621267284000;14224021;1.21529;1.21535;1.21532;6;T;True;1
1621267285000;14224022;1.21529;1.21535;1.21532;0;T;True;1
1621267286000;14224027;1.21528;1.21534;1.21531;4;T;True;1
1621267287000;14224029;1.21528;1.21534;1.21531;1;T;True;1
1621267288000;14224030;1.21528;1.21534;1.21531;0;T;True;1
1621267289000;14224032;1.21528;1.21534;1.21531;1;T;True;1
1621267290000;14224041;1.21524;1.2153;1.21527;8;T;True;1
1621267291000;14224049;1.21524;1.2153;1.21527;7;T;True;1
1621267292000;14224050;1.21524;1.2153;1.21527;0;T;True;1
1621267293000;14224052;1.21524;1.2153;1.21527;1;T;True;1
1621267294000;14224053;1.21524;1.2153;1.21527;0;T;True;1
1621267295000;14224054;1.21524;1.2153;1.21527;0;T;True;1
1621267296000;14224056;1.21524;1.2153;1.21527;1;T;True;1
1621267297000;14224058;1.21524;1.2153;1.21527;1;T;True;1
1621267298000;14224062;1.2152;1.21526;1.21523;3;T;True;1
1621267299000;14224064;1.2152;1.21526;1.21523;1;T;True;1
1621267300000;14224066;1.2152;1.21526;1.21523;1;T;True;1
1621267301000;14224071;1.2152;1.21526;1.21523;4;T;True;1
1621267302000;14224073;1.21521;1.21527;1.21524;1;T;True;1
1621267303000;14224075;1.2152;1.21526;1.21523;1;T;True;1
1621267304000;14224082;1.2152;1.21526;1.21523;6;T;True;1
1621267305000;14224085;1.21519;1.21525;1.21522;2;T;True;1
1621267306000;14224087;1.2152;1.21526;1.21523;1;T;True;1
1621267307000;14224088;1.2152;1.21526;1.21523;0;T;True;1
1621267308000;14224089;1.2152;1.21526;1.21523;0;T;True;1
1621267309000;14224094;1.21522;1.21528;1.21525;4;T;True;1
1621267310000;14224095;1.21522;1.21528;1.21525;0;T;True;1
1621267311000;14224097;1.21524;1.2153;1.21527;1;T;True;1
1621267312000;14224103;1.21526;1.21532;1.21529;5;T;True;1
1621267313000;14224110;1.2153;1.21536;1.21533;6;T;True;1
1621267314000;14224112;1.2153;1.21536;1.21533;1;T;True;1
1621267315000;14224113;1.2153;1.21536;1.21533;0;T;True;1
1621267316000;14224114;1.2153;1.21536;1.21533;0;T;True;1
1621267317000;14224116;1.21531;1.21537;1.21534;1;T;True;1
1621267318000;14224120;1.2153;1.21536;1.21533;3;T;True;1
1621267319000;14224121;1.2153;1.21536;1.21533;0;T;True;1
1621267320000;14224122;1.2153;1.21536;1.21533;0;T;True;1
1621267321000;14224124;1.21529;1.21535;1.21532;1;T;True;1
1621267322000;14224127;1.21531;1.21537;1.21534;2;T;True;1
1621267323000;14224135;1.2153;1.21536;1.21533;7;T;True;1
1621267324000;14224137;1.2153;1.21536;1.21533;1;T;True;1
1621267325000;14224138;1.2153;1.21536;1.21533;0;T;True;1
1621267326000;14224140;1.21531;1.21537;1.21534;1;T;True;1
1621267327000;14224141;1.21531;1.21537;1.21534;0;T;True;1
1621267328000;14224149;1.21533;1.21539;1.21536;7;T;True;1
1621267329000;14224152;1.21534;1.2154;1.21537;2;T;True;1
1621267330000;14224159;1.21535;1.21541;1.21538;6;T;True;1
1621267331000;14224167;1.21533;1.21539;1.21536;7;T;True;1
1621267332000;14224174;1.21534;1.2154;1.21537;6;T;True;1
1621267333000;14224181;1.21536;1.21542;1.21539;6;T;True;1
1621267334000;14224186;1.21536;1.21542;1.21539;4;T;True;1
1621267335000;14224192;1.21536;1.21542;1.21539;5;T;True;1
1621267336000;14224194;1.21537;1.21543;1.2154;1;T;True;1
1621267337000;14224197;1.21536;1.21542;1.21539;2;T;True;1
1621267338000;14224199;1.21536;1.21542;1.21539;1;T;True;1
1621267339000;14224200;1.21536;1.21542;1.21539;0;T;True;1
1621267340000;14224202;1.21536;1.21542;1.21539;1;T;True;1
1621267341000;14224209;1.21538;1.21544;1.21541;6;T;True;1
1621267342000;14224211;1.21538;1.21544;1.21541;1;T;True;1
1621267343000;14224214;1.21538;1.21544;1.21541;2;T;True;1
1621267344000;14224221;1.2154;1.21546;1.21543;6;T;True;1
1621267345000;14224222;1.2154;1.21546;1.21543;0;T;True;1
1621267346000;14224230;1.21538;1.21544;1.21541;7;T;True;1
1621267347000;14224232;1.21538;1.21544;1.21541;1;T;True;1
1621267348000;14224234;1.21536;1.21542;1.21539;1;T;True;1
1621267349000;14224236;1.21535;1.21541;1.21538;1;T;True;1
1621267350000;14224237;1.21535;1.21541;1.21538;0;T;True;1
1621267351000;14224244;1.21538;1.21544;1.21541;6;T;True;1
1621267352000;14224248;1.21536;1.21542;1.21539;3;T;True;1
1621267353000;14224251;1.21536;1.21542;1.21539;2;T;True;1
1621267354000;14224252;1.21536;1.21542;1.21539;0;T;True;1
1621267355000;14224253;1.21536;1.21542;1.21539;0;T;True;1
1621267356000;14224254;1.21536;1.21542;1.21539;0;T;True;1
1621267357000;14224255;1.21536;1.21542;1.21539;0;T;True;1
1621267358000;14224258;1.21536;1.21542;1.21539;2;T;True;1
1621267359000;14224259;1.21536;1.21542;1.21539;0;T;True;1
1621267360000;14224264;1.21532;1.21538;1.21535;4;T;True;1
1621267361000;14224268;1.21531;1.21537;1.21534;3;T;True;1
1621267362000;14224273;1.21529;1.21535;1.21532;4;T;True;1
1621267363000;14224274;1.21529;1.21535;1.21532;0;T;True;1
1621267364000;14224280;1.2153;1.21536;1.21533;5;T;True;1
1621267365000;14224284;1.21531;1.21537;1.21534;3;T;True;1
1621267366000;14224287;1.2153;1.21536;1.21533;2;T;True;1
1621267367000;14224289;1.21532;1.21538;1.21535;1;T;True;1
1621267368000;14224290;1.21532;1.21538;1.21535;0;T;True;1
1621267369000;14224297;1.21534;1.2154;1.21537;6;T;True;1
1621267370000;14224306;1.21532;1.21538;1.21535;8;T;True;1
1621267371000;14224307;1.21532;1.21538;1.21535;0;T;True;1
1621267372000;14224311;1.2153;1.21536;1.21533;3;T;True;1
1621267373000;14224313;1.2153;1.21536;1.21533;1;T;True;1
1621267374000;14224314;1.2153;1.21536;1.21533;0;T;True;1
1621267375000;14224316;1.21529;1.21535;1.21532;1;T;True;1
1621267376000;14224319;1.2153;1.21536;1.21533;2;T;True;1
1621267377000;14224320;1.2153;1.21536;1.21533;0;T;True;1
1621267378000;14224321;1.2153;1.21536;1.21533;0;T;True;1
1621267379000;14224322;1.2153;1.21536;1.21533;0;T;True;1
1621267380000;14224325;1.21528;1.21534;1.21531;2;T;True;1
1621267381000;14224330;1.21532;1.21538;1.21535;4;T;True;1
1621267382000;14224333;1.21532;1.21538;1.21535;2;T;True;1
1621267383000;14224335;1.21531;1.21537;1.21534;1;T;True;1
1621267384000;14224336;1.21531;1.21537;1.21534;0;T;True;1
1621267385000;14224338;1.2153;1.21536;1.21533;1;T;True;1
1621267386000;14224341;1.21531;1.21537;1.21534;2;T;True;1
1621267387000;14224343;1.2153;1.21536;1.21533;1;T;True;1
1621267388000;14224344;1.2153;1.21536;1.21533;0;T;True;1
1621267389000;14224345;1.2153;1.21536;1.21533;0;T;True;1
1621267390000;14224347;1.2153;1.21536;1.21533;1;T;True;1
1621267391000;14224348;1.2153;1.21536;1.21533;0;T;True;1
1621267392000;14224349;1.2153;1.21536;1.21533;0;T;True;1
1621267393000;14224351;1.2153;1.21536;1.21533;1;T;True;1
1621267394000;14224352;1.2153;1.21536;1.21533;0;T;True;1
1621267395000;14224353;1.2153;1.21536;1.21533;0;T;True;1
1621267396000;14224354;1.2153;1.21536;1.21533;0;T;True;1
1621267397000;14224355;1.2153;1.21536;1.21533;0;T;True;1
1621267398000;14224356;1.2153;1.21536;1.21533;0;T;True;1
1621267399000;14224357;1.2153;1.21536;1.21533;0;T;True;1
1621267400000;14224358;1.2153;1.21536;1.21533;0;T;True;1
1621267401000;14224359;1.2153;1.21536;1.21533;0;T;True;1
1621267402000;14224360;1.2153;1.21536;1.21533;0;T;True;1
1621267403000;14224361;1.2153;1.21536;1.21533;0;T;True;1
1621267404000;14224362;1.2153;1.21536;1.21533;0;T;True;1
1621267405000;14224363;1.2153;1.21536;1.21533;0;T;True;1
1621267406000;14224364;1.2153;1.21536;1.21533;0;T;True;1
1621267407000;14224369;1.21532;1.21538;1.21535;4;T;True;1
1621267408000;14224370;1.21532;1.21538;1.21535;0;T;True;1
1621267409000;14224373;1.2153;1.21536;1.21533;2;T;True;1
1621267410000;14224376;1.21531;1.21537;1.21534;2;T;True;1
1621267411000;14224379;1.21531;1.21537;1.21534;2;T;True;1
1621267412000;14224381;1.2153;1.21536;1.21533;1;T;True;1
1621267413000;14224383;1.2153;1.21536;1.21533;1;T;True;1
1621267414000;14224385;1.2153;1.21536;1.21533;1;T;True;1
1621267415000;14224387;1.21529;1.21535;1.21532;1;T;True;1
1621267416000;14224389;1.21529;1.21535;1.21532;1;T;True;1
1621267417000;14224393;1.2153;1.21536;1.21533;3;T;True;1
1621267418000;14224395;1.2153;1.21536;1.21533;1;T;True;1
1621267419000;14224396;1.2153;1.21536;1.21533;0;T;True;1
1621267420000;14224397;1.2153;1.21536;1.21533;0;T;True;1
1621267421000;14224398;1.2153;1.21536;1.21533;0;T;True;1
1621267422000;14224403;1.21534;1.2154;1.21537;4;T;True;1
1621267423000;14224405;1.21534;1.2154;1.21537;1;T;True;1
1621267424000;14224406;1.21534;1.2154;1.21537;0;T;True;1
1621267425000;14224408;1.21534;1.2154;1.21537;1;T;True;1
1621267426000;14224409;1.21534;1.2154;1.21537;0;T;True;1
1621267427000;14224410;1.21534;1.2154;1.21537;0;T;True;1
1621267428000;14224411;1.21534;1.2154;1.21537;0;T;True;1
1621267429000;14224412;1.21534;1.2154;1.21537;0;T;True;1
1621267430000;14224413;1.21534;1.2154;1.21537;0;T;True;1
1621267431000;14224414;1.21534;1.2154;1.21537;0;T;True;1
1621267432000;14224415;1.21534;1.2154;1.21537;0;T;True;1
1621267433000;14224419;1.21535;1.21541;1.21538;3;T;True;1
1621267434000;14224420;1.21535;1.21541;1.21538;0;T;True;1
1621267435000;14224422;1.21535;1.21541;1.21538;1;T;True;1
1621267436000;14224427;1.21533;1.21539;1.21536;4;T;True;1
1621267437000;14224430;1.21532;1.21538;1.21535;2;T;True;1
1621267438000;14224431;1.21532;1.21538;1.21535;0;T;True;1
1621267439000;14224432;1.21532;1.21538;1.21535;0;T;True;1
1621267440000;14224434;1.21531;1.21537;1.21534;1;T;True;1
1621267441000;14224436;1.21531;1.21537;1.21534;1;T;True;1
1621267442000;14224438;1.21531;1.21537;1.21534;1;T;True;1
1621267443000;14224439;1.21531;1.21537;1.21534;0;T;True;1
1621267444000;14224441;1.21531;1.21537;1.21534;1;T;True;1
1621267445000;14224442;1.21531;1.21537;1.21534;0;T;True;1
1621267446000;14224447;1.21531;1.21537;1.21534;4;T;True;1
1621267447000;14224455;1.21534;1.2154;1.21537;7;T;True;1
1621267448000;14224459;1.21532;1.21538;1.21535;3;T;True;1
1621267449000;14224464;1.21532;1.21538;1.21535;4;T;True;1
1621267450000;14224467;1.21532;1.21538;1.21535;2;T;True;1
1621267451000;14224469;1.21532;1.21538;1.21535;1;T;True;1
1621267452000;14224472;1.21531;1.21537;1.21534;2;T;True;1
1621267453000;14224476;1.2153;1.21536;1.21533;3;T;True;1
1621267454000;14224477;1.2153;1.21536;1.21533;0;T;True;1
1621267455000;14224480;1.2153;1.21536;1.21533;2;T;True;1
1621267456000;14224481;1.2153;1.21536;1.21533;0;T;True;1
1621267457000;14224483;1.2153;1.21536;1.21533;1;T;True;1
1621267458000;14224484;1.2153;1.21536;1.21533;0;T;True;1
1621267459000;14224485;1.2153;1.21536;1.21533;0;T;True;1
1621267460000;14224486;1.2153;1.21536;1.21533;0;T;True;1
1621267461000;14224487;1.2153;1.21536;1.21533;0;T;True;1
1621267462000;14224488;1.2153;1.21536;1.21533;0;T;True;1
1621267463000;14224489;1.2153;1.21536;1.21533;0;T;True;1
1621267464000;14224492;1.21532;1.21538;1.21535;2;T;True;1
1621267465000;14224495;1.21532;1.21538;1.21535;2;T;True;1
1621267466000;14224497;1.21532;1.21538;1.21535;1;T;True;1
1621267467000;14224499;1.21531;1.21537;1.21534;1;T;True;1
1621267468000;14224500;1.21531;1.21537;1.21534;0;T;True;1
1621267469000;14224501;1.21531;1.21537;1.21534;0;T;True;1
1621267470000;14224503;1.21531;1.21537;1.21534;1;T;True;1
1621267471000;14224504;1.21531;1.21537;1.21534;0;T;True;1
1621267472000;14224505;1.21531;1.21537;1.21534;0;T;True;1
1621267473000;14224507;1.21531;1.21537;1.21534;1;T;True;1
1621267474000;14224508;1.21531;1.21537;1.21534;0;T;True;1
1621267475000;14224510;1.21531;1.21537;1.21534;1;T;True;1
1621267476000;14224511;1.21531;1.21537;1.21534;0;T;True;1
1621267477000;14224512;1.21531;1.21537;1.21534;0;T;True;1
1621267478000;14224515;1.21532;1.21538;1.21535;2;T;True;1
1621267479000;14224517;1.21532;1.21538;1.21535;1;T;True;1
1621267480000;14224518;1.21532;1.21538;1.21535;0;T;True;1
1621267481000;14224520;1.21531;1.21537;1.21534;1;T;True;1
1621267482000;14224524;1.2153;1.21536;1.21533;3;T;True;1
1621267483000;14224525;1.2153;1.21536;1.21533;0;T;True;1
1621267484000;14224526;1.2153;1.21536;1.21533;0;T;True;1
1621267485000;14224531;1.2153;1.21536;1.21533;4;T;True;1
1621267486000;14224532;1.2153;1.21536;1.21533;0;T;True;1
1621267487000;14224535;1.2153;1.21536;1.21533;2;T;True;1
1621267488000;14224536;1.2153;1.21536;1.21533;0;T;True;1
1621267489000;14224537;1.2153;1.21536;1.21533;0;T;True;1
1621267490000;14224538;1.2153;1.21536;1.21533;0;T;True;1
1621267491000;14224539;1.2153;1.21536;1.21533;0;T;True;1
1621267492000;14224540;1.2153;1.21536;1.21533;0;T;True;1
1621267493000;14224541;1.2153;1.21536;1.21533;0;T;True;1
1621267494000;14224542;1.2153;1.21536;1.21533;0;T;True;1
1621267495000;14224543;1.2153;1.21536;1.21533;0;T;True;1
1621267496000;14224544;1.2153;1.21536;1.21533;0;T;True;1
1621267497000;14224550;1.21533;1.21539;1.21536;5;T;True;1
1621267498000;14224552;1.21534;1.2154;1.21537;1;T;True;1
1621267499000;14224553;1.21534;1.2154;1.21537;0;T;True;1
1621267500000;14224554;1.21534;1.2154;1.21537;0;T;True;1
1621267501000;14224555;1.21534;1.2154;1.21537;0;T;True;1
1621267502000;14224556;1.21534;1.2154;1.21537;0;T;True;1
1621267503000;14224560;1.21532;1.21538;1.21535;3;T;True;1
1621267504000;14224562;1.21532;1.21538;1.21535;1;T;True;1
1621267505000;14224564;1.21531;1.21537;1.21534;1;T;True;1
1621267506000;14224567;1.2153;1.21536;1.21533;2;T;True;1
1621267507000;14224570;1.2153;1.21536;1.21533;2;T;True;1
1621267508000;14224574;1.2153;1.21536;1.21533;3;T;True;1
1621267509000;14224575;1.2153;1.21536;1.21533;0;T;True;1
1621267510000;14224576;1.2153;1.21536;1.21533;0;T;True;1
1621267511000;14224577;1.2153;1.21536;1.21533;0;T;True;1
1621267512000;14224578;1.2153;1.21536;1.21533;0;T;True;1
1621267513000;14224579;1.2153;1.21536;1.21533;0;T;True;1
1621267514000;14224585;1.21533;1.21539;1.21536;5;T;True;1
1621267515000;14224586;1.21533;1.21539;1.21536;0;T;True;1
1621267516000;14224587;1.21533;1.21539;1.21536;0;T;True;1
1621267517000;14224589;1.21534;1.2154;1.21537;1;T;True;1
1621267518000;14224590;1.21534;1.2154;1.21537;0;T;True;1
1621267519000;14224591;1.21534;1.2154;1.21537;0;T;True;1
1621267520000;14224597;1.2154;1.21546;1.21543;5;T;True;1
1621267521000;14224605;1.21543;1.21549;1.21546;7;T;True;1
1621267522000;14224607;1.21543;1.21549;1.21546;1;T;True;1
1621267523000;14224608;1.21543;1.21549;1.21546;0;T;True;1
1621267524000;14224612;1.21544;1.2155;1.21547;3;T;True;1
1621267525000;14224617;1.21545;1.21551;1.21548;4;T;True;1
1621267526000;14224618;1.21545;1.21551;1.21548;0;T;True;1
1621267527000;14224619;1.21545;1.21551;1.21548;0;T;True;1
1621267528000;14224620;1.21545;1.21551;1.21548;0;T;True;1
1621267529000;14224621;1.21545;1.21551;1.21548;0;T;True;1
1621267530000;14224623;1.21544;1.2155;1.21547;1;T;True;1
1621267531000;14224624;1.21544;1.2155;1.21547;0;T;True;1
1621267532000;14224626;1.21544;1.2155;1.21547;1;T;True;1
1621267533000;14224627;1.21544;1.2155;1.21547;0;T;True;1
1621267534000;14224632;1.21544;1.2155;1.21547;4;T;True;1
1621267535000;14224636;1.21545;1.21551;1.21548;3;T;True;1
1621267536000;14224638;1.21545;1.21551;1.21548;1;T;True;1
1621267537000;14224639;1.21545;1.21551;1.21548;0;T;True;1
1621267538000;14224641;1.21546;1.21552;1.21549;1;T;True;1
1621267539000;14224642;1.21546;1.21552;1.21549;0;T;True;1
1621267540000;14224643;1.21546;1.21552;1.21549;0;T;True;1
1621267541000;14224644;1.21546;1.21552;1.21549;0;T;True;1
1621267542000;14224645;1.21546;1.21552;1.21549;0;T;True;1
1621267543000;14224646;1.21546;1.21552;1.21549;0;T;True;1
1621267544000;14224647;1.21546;1.21552;1.21549;0;T;True;1
1621267545000;14224648;1.21546;1.21552;1.21549;0;T;True;1
1621267546000;14224649;1.21546;1.21552;1.21549;0;T;True;1
1621267547000;14224651;1.21545;1.21551;1.21548;1;T;True;1
1621267548000;14224652;1.21545;1.21551;1.21548;0;T;True;1
1621267549000;14224654;1.21546;1.21552;1.21549;1;T;True;1
1621267550000;14224655;1.21546;1.21552;1.21549;0;T;True;1
1621267551000;14224656;1.21546;1.21552;1.21549;0;T;True;1
1621267552000;14224657;1.21546;1.21552;1.21549;0;T;True;1
1621267553000;14224658;1.21546;1.21552;1.21549;0;T;True;1
1621267554000;14224659;1.21546;1.21552;1.21549;0;T;True;1
1621267555000;14224660;1.21546;1.21552;1.21549;0;T;True;1
1621267556000;14224661;1.21546;1.21552;1.21549;0;T;True;1
1621267557000;14224662;1.21546;1.21552;1.21549;0;T;True;1
1621267558000;14224664;1.21546;1.21552;1.21549;1;T;True;1
1621267559000;14224674;1.2154;1.21546;1.21543;9;T;True;1
1621267560000;14224682;1.21548;1.21554;1.21551;7;T;True;1
1621267561000;14224683;1.21548;1.21554;1.21551;0;T;True;1
1621267562000;14224687;1.21548;1.21554;1.21551;3;T;True;1
1621267563000;14224689;1.21547;1.21553;1.2155;1;T;True;1
1621267564000;14224693;1.21546;1.21552;1.21549;3;T;True;1
1621267565000;14224696;1.21547;1.21553;1.2155;2;T;True;1
1621267566000;14224698;1.21546;1.21552;1.21549;1;T;True;1
1621267567000;14224699;1.21546;1.21552;1.21549;0;T;True;1
1621267568000;14224700;1.21546;1.21552;1.21549;0;T;True;1
1621267569000;14224702;1.21546;1.21552;1.21549;1;T;True;1
1621267570000;14224703;1.21546;1.21552;1.21549;0;T;True;1
1621267571000;14224705;1.21546;1.21552;1.21549;1;T;True;1
1621267572000;14224706;1.21546;1.21552;1.21549;0;T;True;1
1621267573000;14224708;1.21546;1.21552;1.21549;1;T;True;1
1621267574000;14224709;1.21546;1.21552;1.21549;0;T;True;1
1621267575000;14224711;1.21546;1.21552;1.21549;1;T;True;1
1621267576000;14224712;1.21546;1.21552;1.21549;0;T;True;1
1621267577000;14224714;1.21546;1.21552;1.21549;1;T;True;1
1621267578000;14224717;1.21546;1.21552;1.21549;2;T;True;1
1621267579000;14224719;1.21546;1.21552;1.21549;1;T;True;1
1621267580000;14224720;1.21546;1.21552;1.21549;0;T;True;1
1621267581000;14224721;1.21546;1.21552;1.21549;0;T;True;1
1621267582000;14224727;1.21547;1.21553;1.2155;5;T;True;1
1621267583000;14224728;1.21547;1.21553;1.2155;0;T;True;1
1621267584000;14224729;1.21547;1.21553;1.2155;0;T;True;1
1621267585000;14224732;1.21547;1.21553;1.2155;2;T;True;1
1621267586000;14224735;1.21547;1.21553;1.2155;2;T;True;1
1621267587000;14224741;1.21547;1.21553;1.2155;5;T;True;1
1621267588000;14224747;1.21551;1.21557;1.21554;5;T;True;1
1621267589000;14224749;1.21551;1.21557;1.21554;1;T;True;1
1621267590000;14224752;1.21551;1.21557;1.21554;2;T;True;1
1621267591000;14224755;1.21551;1.21557;1.21554;2;T;True;1
1621267592000;14224757;1.21551;1.21557;1.21554;1;T;True;1
1621267593000;14224759;1.21551;1.21557;1.21554;1;T;True;1
1621267594000;14224763;1.2155;1.21556;1.21553;3;T;True;1
1621267595000;14224769;1.2155;1.21556;1.21553;5;T;True;1
1621267596000;14224771;1.2155;1.21556;1.21553;1;T;True;1
1621267597000;14224774;1.21551;1.21557;1.21554;2;T;True;1
1621267598000;14224776;1.21551;1.21557;1.21554;1;T;True;1
1621267599000;14224780;1.21551;1.21557;1.21554;3;T;True;1
1621267600000;14224781;1.21551;1.21557;1.21554;0;T;True;1
1621267601000;14224783;1.21551;1.21557;1.21554;1;T;True;1
1621267602000;14224785;1.21549;1.21555;1.21552;1;T;True;1
1621267603000;14224786;1.21549;1.21555;1.21552;0;T;True;1
1621267604000;14224790;1.2155;1.21556;1.21553;3;T;True;1
1621267605000;14224791;1.2155;1.21556;1.21553;0;T;True;1
1621267606000;14224795;1.21549;1.21555;1.21552;3;T;True;1
1621267607000;14224796;1.21549;1.21555;1.21552;0;T;True;1
1621267608000;14224797;1.21549;1.21555;1.21552;0;T;True;1
1621267609000;14224802;1.21546;1.21552;1.21549;4;T;True;1
1621267610000;14224803;1.21546;1.21552;1.21549;0;T;True;1
1621267611000;14224804;1.21546;1.21552;1.21549;0;T;True;1
1621267612000;14224807;1.21546;1.21552;1.21549;2;T;True;1
1621267613000;14224808;1.21546;1.21552;1.21549;0;T;True;1
1621267614000;14224813;1.21548;1.21554;1.21551;4;T;True;1
1621267615000;14224818;1.21546;1.21552;1.21549;4;T;True;1
1621267616000;14224819;1.21546;1.21552;1.21549;0;T;True;1
1621267617000;14224822;1.21546;1.21552;1.21549;2;T;True;1
1621267618000;14224827;1.21548;1.21554;1.21551;4;T;True;1
1621267619000;14224828;1.21548;1.21554;1.21551;0;T;True;1
1621267620000;14224829;1.21548;1.21554;1.21551;0;T;True;1
1621267621000;14224834;1.21552;1.21558;1.21555;4;T;True;1
1621267622000;14224835;1.21552;1.21558;1.21555;0;T;True;1
1621267623000;14224836;1.21552;1.21558;1.21555;0;T;True;1
1621267624000;14224837;1.21552;1.21558;1.21555;0;T;True;1
1621267625000;14224838;1.21552;1.21558;1.21555;0;T;True;1
1621267626000;14224839;1.21552;1.21558;1.21555;0;T;True;1
1621267627000;14224840;1.21552;1.21558;1.21555;0;T;True;1
1621267628000;14224841;1.21552;1.21558;1.21555;0;T;True;1
1621267629000;14224842;1.21552;1.21558;1.21555;0;T;True;1
1621267630000;14224844;1.21552;1.21558;1.21555;1;T;True;1
1621267631000;14224845;1.21552;1.21558;1.21555;0;T;True;1
1621267632000;14224849;1.21552;1.21558;1.21555;3;T;True;1
1621267633000;14224853;1.21554;1.2156;1.21557;3;T;True;1
1621267634000;14224858;1.21554;1.2156;1.21557;4;T;True;1
1621267635000;14224860;1.21555;1.21561;1.21558;1;T;True;1
1621267636000;14224864;1.21555;1.21561;1.21558;3;T;True;1
1621267637000;14224865;1.21555;1.21561;1.21558;0;T;True;1
1621267638000;14224866;1.21555;1.21561;1.21558;0;T;True;1
1621267639000;14224867;1.21555;1.21561;1.21558;0;T;True;1
1621267640000;14224869;1.21555;1.21561;1.21558;1;T;True;1
1621267641000;14224871;1.21555;1.21561;1.21558;1;T;True;1
1621267642000;14224873;1.21556;1.21562;1.21559;1;T;True;1
1621267643000;14224875;1.21556;1.21562;1.21559;1;T;True;1
1621267644000;14224876;1.21556;1.21562;1.21559;0;T;True;1
1621267645000;14224880;1.21555;1.21561;1.21558;3;T;True;1
1621267646000;14224885;1.21554;1.2156;1.21557;4;T;True;1
1621267647000;14224888;1.21555;1.21561;1.21558;2;T;True;1
1621267648000;14224890;1.21554;1.2156;1.21557;1;T;True;1
1621267649000;14224894;1.21555;1.21561;1.21558;3;T;True;1
1621267650000;14224895;1.21555;1.21561;1.21558;0;T;True;1
1621267651000;14224899;1.21556;1.21562;1.21559;3;T;True;1
1621267652000;14224900;1.21556;1.21562;1.21559;0;T;True;1
1621267653000;14224905;1.2156;1.21566;1.21563;4;T;True;1
1621267654000;14224907;1.2156;1.21566;1.21563;1;T;True;1
1621267655000;14224910;1.21558;1.21564;1.21561;2;T;True;1
1621267656000;14224914;1.21558;1.21564;1.21561;3;T;True;1
1621267657000;14224915;1.21558;1.21564;1.21561;0;T;True;1
1621267658000;14224917;1.21558;1.21564;1.21561;1;T;True;1
1621267659000;14224919;1.21558;1.21564;1.21561;1;T;True;1
1621267660000;14224920;1.21558;1.21564;1.21561;0;T;True;1
1621267661000;14224923;1.21558;1.21564;1.21561;2;T;True;1
1621267662000;14224926;1.21558;1.21564;1.21561;2;T;True;1
1621267663000;14224927;1.21558;1.21564;1.21561;0;T;True;1
1621267664000;14224930;1.2156;1.21566;1.21563;2;T;True;1
1621267665000;14224932;1.2156;1.21566;1.21563;1;T;True;1
1621267666000;14224936;1.21558;1.21564;1.21561;3;T;True;1
1621267667000;14224940;1.21557;1.21563;1.2156;3;T;True;1
1621267668000;14224942;1.21556;1.21562;1.21559;1;T;True;1
1621267669000;14224949;1.2156;1.21566;1.21563;6;T;True;1
1621267670000;14224952;1.2156;1.21566;1.21563;2;T;True;1
1621267671000;14224953;1.2156;1.21566;1.21563;0;T;True;1
1621267672000;14224954;1.2156;1.21566;1.21563;0;T;True;1
1621267673000;14224955;1.2156;1.21566;1.21563;0;T;True;1
1621267674000;14224957;1.2156;1.21566;1.21563;1;T;True;1
1621267675000;14224958;1.2156;1.21566;1.21563;0;T;True;1
1621267676000;14224961;1.2156;1.21566;1.21563;2;T;True;1
1621267677000;14224962;1.2156;1.21566;1.21563;0;T;True;1
1621267678000;14224963;1.2156;1.21566;1.21563;0;T;True;1
1621267679000;14224964;1.2156;1.21566;1.21563;0;T;True;1
1621267680000;14224966;1.2156;1.21566;1.21563;1;T;True;1
1621267681000;14224967;1.2156;1.21566;1.21563;0;T;True;1
1621267682000;14224970;1.21559;1.21565;1.21562;2;T;True;1
1621267683000;14224972;1.2156;1.21566;1.21563;1;T;True;1
1621267684000;14224975;1.2156;1.21566;1.21563;2;T;True;1
1621267685000;14224976;1.2156;1.21566;1.21563;0;T;True;1
1621267686000;14224977;1.2156;1.21566;1.21563;0;T;True;1
1621267687000;14224979;1.2156;1.21566;1.21563;1;T;True;1
1621267688000;14224985;1.2156;1.21566;1.21563;5;T;True;1
1621267689000;14224986;1.2156;1.21566;1.21563;0;T;True;1
1621267690000;14224988;1.2156;1.21566;1.21563;1;T;True;1
1621267691000;14224989;1.2156;1.21566;1.21563;0;T;True;1
1621267692000;14224990;1.2156;1.21566;1.21563;0;T;True;1
1621267693000;14224993;1.21562;1.21568;1.21565;2;T;True;1
1621267694000;14225001;1.21563;1.21569;1.21566;7;T;True;1
1621267695000;14225003;1.21563;1.21569;1.21566;1;T;True;1
1621267696000;14225004;1.21563;1.21569;1.21566;0;T;True;1
1621267697000;14225005;1.21563;1.21569;1.21566;0;T;True;1
1621267698000;14225008;1.21563;1.21569;1.21566;2;T;True;1
1621267699000;14225012;1.21563;1.21569;1.21566;3;T;True;1
1621267700000;14225015;1.21564;1.2157;1.21567;2;T;True;1
1621267701000;14225016;1.21564;1.2157;1.21567;0;T;True;1
1621267702000;14225017;1.21564;1.2157;1.21567;0;T;True;1
1621267703000;14225018;1.21564;1.2157;1.21567;0;T;True;1
1621267704000;14225019;1.21564;1.2157;1.21567;0;T;True;1
1621267705000;14225020;1.21564;1.2157;1.21567;0;T;True;1
1621267706000;14225023;1.21562;1.21568;1.21565;2;T;True;1
1621267707000;14225027;1.21564;1.2157;1.21567;3;T;True;1
1621267708000;14225030;1.21564;1.2157;1.21567;2;T;True;1
1621267709000;14225032;1.21564;1.2157;1.21567;1;T;True;1
1621267710000;14225033;1.21564;1.2157;1.21567;0;T;True;1
1621267711000;14225034;1.21564;1.2157;1.21567;0;T;True;1
1621267712000;14225037;1.21564;1.2157;1.21567;2;T;True;1
1621267713000;14225038;1.21564;1.2157;1.21567;0;T;True;1
1621267714000;14225039;1.21564;1.2157;1.21567;0;T;True;1
1621267715000;14225040;1.21564;1.2157;1.21567;0;T;True;1
1621267716000;14225041;1.21564;1.2157;1.21567;0;T;True;1
1621267717000;14225042;1.21564;1.2157;1.21567;0;T;True;1
1621267718000;14225043;1.21564;1.2157;1.21567;0;T;True;1
1621267719000;14225044;1.21564;1.2157;1.21567;0;T;True;1
1621267720000;14225045;1.21564;1.2157;1.21567;0;T;True;1
1621267721000;14225046;1.21564;1.2157;1.21567;0;T;True;1
1621267722000;14225047;1.21564;1.2157;1.21567;0;T;True;1
1621267723000;14225048;1.21564;1.2157;1.21567;0;T;True;1
1621267724000;14225049;1.21564;1.2157;1.21567;0;T;True;1
1621267725000;14225050;1.21564;1.2157;1.21567;0;T;True;1
1621267726000;14225051;1.21564;1.2157;1.21567;0;T;True;1
1621267727000;14225054;1.21565;1.21571;1.21568;2;T;True;1
1621267728000;14225056;1.21565;1.21571;1.21568;1;T;True;1
1621267729000;14225058;1.21565;1.21571;1.21568;1;T;True;1
1621267730000;14225061;1.21566;1.21572;1.21569;2;T;True;1
1621267731000;14225062;1.21566;1.21572;1.21569;0;T;True;1
1621267732000;14225063;1.21566;1.21572;1.21569;0;T;True;1
1621267733000;14225065;1.21566;1.21572;1.21569;1;T;True;1
1621267734000;14225066;1.21566;1.21572;1.21569;0;T;True;1
1621267735000;14225067;1.21566;1.21572;1.21569;0;T;True;1
1621267736000;14225068;1.21566;1.21572;1.21569;0;T;True;1
1621267737000;14225069;1.21566;1.21572;1.21569;0;T;True;1
1621267738000;14225070;1.21566;1.21572;1.21569;0;T;True;1
1621267739000;14225071;1.21566;1.21572;1.21569;0;T;True;1
1621267740000;14225072;1.21566;1.21572;1.21569;0;T;True;1
1621267741000;14225073;1.21566;1.21572;1.21569;0;T;True;1
1621267742000;14225074;1.21566;1.21572;1.21569;0;T;True;1
1621267743000;14225076;1.21566;1.21572;1.21569;1;T;True;1
1621267744000;14225077;1.21566;1.21572;1.21569;0;T;True;1
1621267745000;14225081;1.21564;1.2157;1.21567;3;T;True;1
1621267746000;14225082;1.21564;1.2157;1.21567;0;T;True;1
1621267747000;14225083;1.21564;1.2157;1.21567;0;T;True;1
1621267748000;14225084;1.21564;1.2157;1.21567;0;T;True;1
1621267749000;14225085;1.21564;1.2157;1.21567;0;T;True;1
1621267750000;14225086;1.21564;1.2157;1.21567;0;T;True;1
1621267751000;14225087;1.21564;1.2157;1.21567;0;T;True;1
1621267752000;14225088;1.21564;1.2157;1.21567;0;T;True;1
1621267753000;14225092;1.21566;1.21572;1.21569;3;T;True;1
1621267754000;14225094;1.21566;1.21572;1.21569;1;T;True;1
1621267755000;14225096;1.21566;1.21572;1.21569;1;T;True;1
1621267756000;14225100;1.21568;1.21574;1.21571;3;T;True;1
1621267757000;14225106;1.2157;1.21576;1.21573;5;T;True;1
1621267758000;14225109;1.2157;1.21576;1.21573;2;T;True;1
1621267759000;14225114;1.2157;1.21576;1.21573;4;T;True;1
1621267760000;14225120;1.21572;1.21578;1.21575;5;T;True;1
1621267761000;14225122;1.21572;1.21578;1.21575;1;T;True;1
1621267762000;14225125;1.21572;1.21578;1.21575;2;T;True;1
1621267763000;14225134;1.21573;1.21579;1.21576;8;T;True;1
1621267764000;14225137;1.21574;1.2158;1.21577;2;T;True;1
1621267765000;14225138;1.21574;1.2158;1.21577;0;T;True;1
1621267766000;14225139;1.21574;1.2158;1.21577;0;T;True;1
1621267767000;14225140;1.21574;1.2158;1.21577;0;T;True;1
1621267768000;14225141;1.21574;1.2158;1.21577;0;T;True;1
1621267769000;14225142;1.21574;1.2158;1.21577;0;T;True;1
1621267770000;14225143;1.21574;1.2158;1.21577;0;T;True;1
1621267771000;14225144;1.21574;1.2158;1.21577;0;T;True;1
1621267772000;14225149;1.21573;1.21579;1.21576;4;T;True;1
1621267773000;14225159;1.2157;1.21576;1.21573;9;T;True;1
1621267774000;14225161;1.2157;1.21576;1.21573;1;T;True;1
1621267775000;14225162;1.2157;1.21576;1.21573;0;T;True;1
1621267776000;14225163;1.2157;1.21576;1.21573;0;T;True;1
1621267777000;14225166;1.21569;1.21575;1.21572;2;T;True;1
1621267778000;14225170;1.21567;1.21573;1.2157;3;T;True;1
1621267779000;14225171;1.21567;1.21573;1.2157;0;T;True;1
1621267780000;14225172;1.21567;1.21573;1.2157;0;T;True;1
1621267781000;14225176;1.21569;1.21575;1.21572;3;T;True;1
1621267782000;14225178;1.21569;1.21575;1.21572;1;T;True;1
1621267783000;14225179;1.21569;1.21575;1.21572;0;T;True;1
1621267784000;14225180;1.21569;1.21575;1.21572;0;T;True;1
1621267785000;14225181;1.21569;1.21575;1.21572;0;T;True;1
1621267786000;14225185;1.2157;1.21576;1.21573;3;T;True;1
1621267787000;14225187;1.2157;1.21576;1.21573;1;T;True;1
1621267788000;14225192;1.21571;1.21577;1.21574;4;T;True;1
1621267789000;14225193;1.21571;1.21577;1.21574;0;T;True;1
1621267790000;14225194;1.21571;1.21577;1.21574;0;T;True;1
1621267791000;14225195;1.21571;1.21577;1.21574;0;T;True;1
1621267792000;14225196;1.21571;1.21577;1.21574;0;T;True;1
1621267793000;14225198;1.2157;1.21576;1.21573;1;T;True;1
1621267794000;14225201;1.2157;1.21576;1.21573;2;T;True;1
1621267795000;14225203;1.2157;1.21576;1.21573;1;T;True;1
1621267796000;14225206;1.2157;1.21576;1.21573;2;T;True;1
1621267797000;14225207;1.2157;1.21576;1.21573;0;T;True;1
1621267798000;14225210;1.2157;1.21576;1.21573;2;T;True;1
1621267799000;14225212;1.21569;1.21575;1.21572;1;T;True;1
1621267800000;14225217;1.21569;1.21575;1.21572;4;T;True;1
1621267801000;14225222;1.21569;1.21575;1.21572;4;T;True;1
1621267802000;14225225;1.21569;1.21575;1.21572;2;T;True;1
1621267803000;14225230;1.21568;1.21574;1.21571;4;T;True;1
1621267804000;14225232;1.21569;1.21575;1.21572;1;T;True;1
1621267805000;14225236;1.2157;1.21576;1.21573;3;T;True;1
1621267806000;14225237;1.2157;1.21576;1.21573;0;T;True;1
1621267807000;14225238;1.2157;1.21576;1.21573;0;T;True;1
1621267808000;14225240;1.2157;1.21576;1.21573;1;T;True;1
1621267809000;14225243;1.2157;1.21576;1.21573;2;T;True;1
1621267810000;14225244;1.2157;1.21576;1.21573;0;T;True;1
1621267811000;14225245;1.2157;1.21576;1.21573;0;T;True;1
1621267812000;14225246;1.2157;1.21576;1.21573;0;T;True;1
1621267813000;14225247;1.2157;1.21576;1.21573;0;T;True;1
1621267814000;14225252;1.2157;1.21576;1.21573;4;T;True;1
1621267815000;14225253;1.2157;1.21576;1.21573;0;T;True;1
1621267816000;14225254;1.2157;1.21576;1.21573;0;T;True;1
1621267817000;14225255;1.2157;1.21576;1.21573;0;T;True;1
1621267818000;14225256;1.2157;1.21576;1.21573;0;T;True;1
1621267819000;14225257;1.2157;1.21576;1.21573;0;T;True;1
1621267820000;14225258;1.2157;1.21576;1.21573;0;T;True;1
1621267821000;14225261;1.21568;1.21574;1.21571;2;T;True;1
1621267822000;14225263;1.21568;1.21574;1.21571;1;T;True;1
1621267823000;14225265;1.21568;1.21574;1.21571;1;T;True;1
1621267824000;14225267;1.2157;1.21576;1.21573;1;T;True;1
1621267825000;14225269;1.2157;1.21576;1.21573;1;T;True;1
1621267826000;14225270;1.2157;1.21576;1.21573;0;T;True;1
1621267827000;14225272;1.21572;1.21578;1.21575;1;T;True;1
1621267828000;14225278;1.2157;1.21576;1.21573;5;T;True;1
1621267829000;14225279;1.2157;1.21576;1.21573;0;T;True;1
1621267830000;14225282;1.21569;1.21575;1.21572;2;T;True;1
1621267831000;14225284;1.2157;1.21576;1.21573;1;T;True;1
1621267832000;14225290;1.21572;1.21578;1.21575;5;T;True;1
1621267833000;14225292;1.21572;1.21578;1.21575;1;T;True;1
1621267834000;14225295;1.21572;1.21578;1.21575;2;T;True;1
1621267835000;14225297;1.21572;1.21578;1.21575;1;T;True;1
1621267836000;14225299;1.21572;1.21578;1.21575;1;T;True;1
1621267837000;14225302;1.21572;1.21578;1.21575;2;T;True;1
1621267838000;14225303;1.21572;1.21578;1.21575;0;T;True;1
1621267839000;14225308;1.21572;1.21578;1.21575;4;T;True;1
1621267840000;14225309;1.21572;1.21578;1.21575;0;T;True;1
1621267841000;14225310;1.21572;1.21578;1.21575;0;T;True;1
1621267842000;14225311;1.21572;1.21578;1.21575;0;T;True;1
1621267843000;14225312;1.21572;1.21578;1.21575;0;T;True;1
1621267844000;14225317;1.21572;1.21578;1.21575;4;T;True;1
1621267845000;14225322;1.21572;1.21578;1.21575;4;T;True;1
1621267846000;14225323;1.21572;1.21578;1.21575;0;T;True;1
1621267847000;14225325;1.21572;1.21578;1.21575;1;T;True;1
1621267848000;14225326;1.21572;1.21578;1.21575;0;T;True;1
1621267849000;14225327;1.21572;1.21578;1.21575;0;T;True;1
1621267850000;14225328;1.21572;1.21578;1.21575;0;T;True;1
1621267851000;14225331;1.21574;1.2158;1.21577;2;T;True;1
1621267852000;14225332;1.21574;1.2158;1.21577;0;T;True;1
1621267853000;14225333;1.21574;1.2158;1.21577;0;T;True;1
1621267854000;14225336;1.21572;1.21578;1.21575;2;T;True;1
1621267855000;14225339;1.2157;1.21576;1.21573;2;T;True;1
1621267856000;14225342;1.2157;1.21576;1.21573;2;T;True;1
1621267857000;14225344;1.21571;1.21577;1.21574;1;T;True;1
1621267858000;14225347;1.21571;1.21577;1.21574;2;T;True;1
1621267859000;14225348;1.21571;1.21577;1.21574;0;T;True;1
1621267860000;14225350;1.2157;1.21576;1.21573;1;T;True;1
1621267861000;14225351;1.2157;1.21576;1.21573;0;T;True;1
1621267862000;14225352;1.2157;1.21576;1.21573;0;T;True;1
1621267863000;14225356;1.21572;1.21578;1.21575;3;T;True;1
1621267864000;14225359;1.21572;1.21578;1.21575;2;T;True;1
1621267865000;14225361;1.21571;1.21577;1.21574;1;T;True;1
1621267866000;14225363;1.21572;1.21578;1.21575;1;T;True;1
1621267867000;14225366;1.21572;1.21578;1.21575;2;T;True;1
1621267868000;14225371;1.21572;1.21578;1.21575;4;T;True;1
1621267869000;14225374;1.21572;1.21578;1.21575;2;T;True;1
1621267870000;14225375;1.21572;1.21578;1.21575;0;T;True;1
1621267871000;14225377;1.21572;1.21578;1.21575;1;T;True;1
1621267872000;14225378;1.21572;1.21578;1.21575;0;T;True;1
1621267873000;14225379;1.21572;1.21578;1.21575;0;T;True;1
1621267874000;14225388;1.21566;1.21572;1.21569;8;T;True;1
1621267875000;14225390;1.21566;1.21572;1.21569;1;T;True;1
1621267876000;14225392;1.21566;1.21572;1.21569;1;T;True;1
1621267877000;14225393;1.21566;1.21572;1.21569;0;T;True;1
1621267878000;14225395;1.21566;1.21572;1.21569;1;T;True;1
1621267879000;14225397;1.21566;1.21572;1.21569;1;T;True;1
1621267880000;14225407;1.21556;1.21562;1.21559;9;T;True;1
1621267881000;14225409;1.21556;1.21562;1.21559;1;T;True;1
1621267882000;14225411;1.21555;1.21561;1.21558;1;T;True;1
1621267883000;14225414;1.21555;1.21561;1.21558;2;T;True;1
1621267884000;14225417;1.21555;1.21561;1.21558;2;T;True;1
1621267885000;14225420;1.21555;1.21561;1.21558;2;T;True;1
1621267886000;14225425;1.21556;1.21562;1.21559;4;T;True;1
1621267887000;14225430;1.21556;1.21562;1.21559;4;T;True;1
1621267888000;14225434;1.21557;1.21563;1.2156;3;T;True;1
1621267889000;14225442;1.21548;1.21554;1.21551;7;T;True;1
1621267890000;14225449;1.21546;1.21552;1.21549;6;T;True;1
1621267891000;14225454;1.21548;1.21554;1.21551;4;T;True;1
1621267892000;14225455;1.21548;1.21554;1.21551;0;T;True;1
1621267893000;14225460;1.2155;1.21556;1.21553;4;T;True;1
1621267894000;14225461;1.2155;1.21556;1.21553;0;T;True;1
1621267895000;14225468;1.21554;1.2156;1.21557;6;T;True;1
1621267896000;14225476;1.21548;1.21554;1.21551;7;T;True;1
1621267897000;14225478;1.2155;1.21556;1.21553;1;T;True;1
1621267898000;14225479;1.2155;1.21556;1.21553;0;T;True;1
1621267899000;14225480;1.2155;1.21556;1.21553;0;T;True;1
1621267900000;14225481;1.2155;1.21556;1.21553;0;T;True;1
1621267901000;14225485;1.2155;1.21556;1.21553;3;T;True;1
1621267902000;14225486;1.2155;1.21556;1.21553;0;T;True;1
1621267903000;14225487;1.2155;1.21556;1.21553;0;T;True;1
1621267904000;14225489;1.2155;1.21556;1.21553;1;T;True;1
1621267905000;14225490;1.2155;1.21556;1.21553;0;T;True;1
1621267906000;14225491;1.2155;1.21556;1.21553;0;T;True;1
1621267907000;14225492;1.2155;1.21556;1.21553;0;T;True;1
1621267908000;14225493;1.2155;1.21556;1.21553;0;T;True;1
1621267909000;14225494;1.2155;1.21556;1.21553;0;T;True;1
1621267910000;14225495;1.2155;1.21556;1.21553;0;T;True;1
1621267911000;14225497;1.21549;1.21555;1.21552;1;T;True;1
1621267912000;14225499;1.2155;1.21556;1.21553;1;T;True;1
1621267913000;14225501;1.2155;1.21556;1.21553;1;T;True;1
1621267914000;14225502;1.2155;1.21556;1.21553;0;T;True;1
1621267915000;14225503;1.2155;1.21556;1.21553;0;T;True;1
1621267916000;14225505;1.2155;1.21556;1.21553;1;T;True;1
1621267917000;14225506;1.2155;1.21556;1.21553;0;T;True;1
1621267918000;14225507;1.2155;1.21556;1.21553;0;T;True;1
1621267919000;14225508;1.2155;1.21556;1.21553;0;T;True;1
1621267920000;14225512;1.21548;1.21554;1.21551;3;T;True;1
1621267921000;14225517;1.21549;1.21555;1.21552;4;T;True;1
1621267922000;14225518;1.21549;1.21555;1.21552;0;T;True;1
1621267923000;14225519;1.21549;1.21555;1.21552;0;T;True;1
1621267924000;14225520;1.21549;1.21555;1.21552;0;T;True;1
1621267925000;14225521;1.21549;1.21555;1.21552;0;T;True;1
1621267926000;14225522;1.21549;1.21555;1.21552;0;T;True;1
1621267927000;14225523;1.21549;1.21555;1.21552;0;T;True;1
1621267928000;14225524;1.21549;1.21555;1.21552;0;T;True;1
1621267929000;14225525;1.21549;1.21555;1.21552;0;T;True;1
1621267930000;14225526;1.21549;1.21555;1.21552;0;T;True;1
1621267931000;14225527;1.21549;1.21555;1.21552;0;T;True;1
1621267932000;14225528;1.21549;1.21555;1.21552;0;T;True;1
1621267933000;14225532;1.2155;1.21556;1.21553;3;T;True;1
1621267934000;14225534;1.2155;1.21556;1.21553;1;T;True;1
1621267935000;14225535;1.2155;1.21556;1.21553;0;T;True;1
1621267936000;14225536;1.2155;1.21556;1.21553;0;T;True;1
1621267937000;14225537;1.2155;1.21556;1.21553;0;T;True;1
1621267938000;14225538;1.2155;1.21556;1.21553;0;T;True;1
1621267939000;14225539;1.2155;1.21556;1.21553;0;T;True;1
1621267940000;14225540;1.2155;1.21556;1.21553;0;T;True;1
1621267941000;14225547;1.21548;1.21554;1.21551;6;T;True;1
1621267942000;14225551;1.2155;1.21556;1.21553;3;T;True;1
1621267943000;14225552;1.2155;1.21556;1.21553;0;T;True;1
1621267944000;14225553;1.2155;1.21556;1.21553;0;T;True;1
1621267945000;14225554;1.2155;1.21556;1.21553;0;T;True;1
1621267946000;14225555;1.2155;1.21556;1.21553;0;T;True;1
1621267947000;14225556;1.2155;1.21556;1.21553;0;T;True;1
1621267948000;14225557;1.2155;1.21556;1.21553;0;T;True;1
1621267949000;14225558;1.2155;1.21556;1.21553;0;T;True;1
1621267950000;14225559;1.2155;1.21556;1.21553;0;T;True;1
1621267951000;14225560;1.2155;1.21556;1.21553;0;T;True;1
1621267952000;14225566;1.21549;1.21555;1.21552;5;T;True;1
1621267953000;14225569;1.21549;1.21555;1.21552;2;T;True;1
1621267954000;14225571;1.2155;1.21556;1.21553;1;T;True;1
1621267955000;14225572;1.2155;1.21556;1.21553;0;T;True;1
1621267956000;14225573;1.2155;1.21556;1.21553;0;T;True;1
1621267957000;14225574;1.2155;1.21556;1.21553;0;T;True;1
1621267958000;14225581;1.21551;1.21557;1.21554;6;T;True;1
1621267959000;14225583;1.2155;1.21556;1.21553;1;T;True;1
1621267960000;14225584;1.2155;1.21556;1.21553;0;T;True;1
1621267961000;14225585;1.2155;1.21556;1.21553;0;T;True;1
1621267962000;14225586;1.2155;1.21556;1.21553;0;T;True;1
1621267963000;14225587;1.2155;1.21556;1.21553;0;T;True;1
1621267964000;14225589;1.2155;1.21556;1.21553;1;T;True;1
1621267965000;14225590;1.2155;1.21556;1.21553;0;T;True;1
1621267966000;14225594;1.2155;1.21556;1.21553;3;T;True;1
1621267967000;14225596;1.21549;1.21555;1.21552;1;T;True;1
1621267968000;14225597;1.21549;1.21555;1.21552;0;T;True;1
1621267969000;14225608;1.21549;1.21555;1.21552;10;T;True;1
1621267970000;14225609;1.21549;1.21555;1.21552;0;T;True;1
1621267971000;14225610;1.21549;1.21555;1.21552;0;T;True;1
1621267972000;14225614;1.21552;1.21558;1.21555;3;T;True;1
1621267973000;14225615;1.21552;1.21558;1.21555;0;T;True;1
1621267974000;14225618;1.21552;1.21558;1.21555;2;T;True;1
1621267975000;14225619;1.21552;1.21558;1.21555;0;T;True;1
1621267976000;14225625;1.2155;1.21556;1.21553;5;T;True;1
1621267977000;14225626;1.2155;1.21556;1.21553;0;T;True;1
1621267978000;14225627;1.2155;1.21556;1.21553;0;T;True;1
1621267979000;14225628;1.2155;1.21556;1.21553;0;T;True;1
1621267980000;14225629;1.2155;1.21556;1.21553;0;T;True;1
1621267981000;14225637;1.2155;1.21556;1.21553;7;T;True;1
1621267982000;14225639;1.2155;1.21556;1.21553;1;T;True;1
1621267983000;14225641;1.2155;1.21556;1.21553;1;T;True;1
1621267984000;14225648;1.2155;1.21556;1.21553;6;T;True;1
1621267985000;14225650;1.2155;1.21556;1.21553;1;T;True;1
1621267986000;14225654;1.2155;1.21556;1.21553;3;T;True;1
1621267987000;14225655;1.2155;1.21556;1.21553;0;T;True;1
1621267988000;14225657;1.2155;1.21556;1.21553;1;T;True;1
1621267989000;14225659;1.2155;1.21556;1.21553;1;T;True;1
1621267990000;14225661;1.2155;1.21556;1.21553;1;T;True;1
1621267991000;14225670;1.21554;1.2156;1.21557;8;T;True;1
1621267992000;14225671;1.21554;1.2156;1.21557;0;T;True;1
1621267993000;14225673;1.21554;1.2156;1.21557;1;T;True;1
1621267994000;14225674;1.21554;1.2156;1.21557;0;T;True;1
1621267995000;14225675;1.21554;1.2156;1.21557;0;T;True;1
1621267996000;14225685;1.21549;1.21555;1.21552;9;T;True;1
1621267997000;14225691;1.2155;1.21556;1.21553;5;T;True;1
1621267998000;14225692;1.2155;1.21556;1.21553;0;T;True;1
1621267999000;14225693;1.2155;1.21556;1.21553;0;T;True;1
1621268000000;14225694;1.2155;1.21556;1.21553;0;T;True;1
1621268001000;14225695;1.2155;1.21556;1.21553;0;T;True;1
1621268002000;14225696;1.2155;1.21556;1.21553;0;T;True;1
1621268003000;14225697;1.2155;1.21556;1.21553;0;T;True;1
1621268004000;14225703;1.2155;1.21556;1.21553;5;T;True;1
1621268005000;14225705;1.2155;1.21556;1.21553;1;T;True;1
1621268006000;14225707;1.2155;1.21556;1.21553;1;T;True;1
1621268007000;14225708;1.2155;1.21556;1.21553;0;T;True;1
1621268008000;14225712;1.21547;1.21553;1.2155;3;T;True;1
1621268009000;14225716;1.21546;1.21552;1.21549;3;T;True;1
1621268010000;14225718;1.21546;1.21552;1.21549;1;T;True;1
1621268011000;14225722;1.21548;1.21554;1.21551;3;T;True;1
1621268012000;14225725;1.2155;1.21556;1.21553;2;T;True;1
1621268013000;14225728;1.2155;1.21556;1.21553;2;T;True;1
1621268014000;14225729;1.2155;1.21556;1.21553;0;T;True;1
1621268015000;14225734;1.2155;1.21556;1.21553;4;T;True;1
1621268016000;14225737;1.2155;1.21556;1.21553;2;T;True;1
1621268017000;14225738;1.2155;1.21556;1.21553;0;T;True;1
1621268018000;14225739;1.2155;1.21556;1.21553;0;T;True;1
1621268019000;14225742;1.21549;1.21555;1.21552;2;T;True;1
1621268020000;14225747;1.2155;1.21556;1.21553;4;T;True;1
1621268021000;14225750;1.2155;1.21556;1.21553;2;T;True;1
1621268022000;14225753;1.2155;1.21556;1.21553;2;T;True;1
1621268023000;14225755;1.2155;1.21556;1.21553;1;T;True;1
1621268024000;14225756;1.2155;1.21556;1.21553;0;T;True;1
1621268025000;14225762;1.2155;1.21556;1.21553;5;T;True;1
1621268026000;14225763;1.2155;1.21556;1.21553;0;T;True;1
1621268027000;14225769;1.21548;1.21554;1.21551;5;T;True;1
1621268028000;14225770;1.21548;1.21554;1.21551;0;T;True;1
1621268029000;14225771;1.21548;1.21554;1.21551;0;T;True;1
1621268030000;14225775;1.21548;1.21554;1.21551;3;T;True;1
1621268031000;14225777;1.21547;1.21553;1.2155;1;T;True;1
1621268032000;14225778;1.21547;1.21553;1.2155;0;T;True;1
1621268033000;14225782;1.21548;1.21554;1.21551;3;T;True;1
1621268034000;14225784;1.21548;1.21554;1.21551;1;T;True;1
1621268035000;14225790;1.21548;1.21554;1.21551;5;T;True;1
1621268036000;14225795;1.21549;1.21555;1.21552;4;T;True;1
1621268037000;14225797;1.21548;1.21554;1.21551;1;T;True;1
1621268038000;14225798;1.21548;1.21554;1.21551;0;T;True;1
1621268039000;14225802;1.2155;1.21556;1.21553;3;T;True;1
1621268040000;14225803;1.2155;1.21556;1.21553;0;T;True;1
1621268041000;14225804;1.2155;1.21556;1.21553;0;T;True;1
1621268042000;14225805;1.2155;1.21556;1.21553;0;T;True;1
1621268043000;14225807;1.21549;1.21555;1.21552;1;T;True;1
1621268044000;14225813;1.21549;1.21555;1.21552;5;T;True;1
1621268045000;14225815;1.21548;1.21554;1.21551;1;T;True;1
1621268046000;14225819;1.21549;1.21555;1.21552;3;T;True;1
1621268047000;14225827;1.21546;1.21552;1.21549;7;T;True;1
1621268048000;14225834;1.21541;1.21547;1.21544;6;T;True;1
1621268049000;14225836;1.2154;1.21546;1.21543;1;T;True;1
1621268050000;14225837;1.2154;1.21546;1.21543;0;T;True;1
1621268051000;14225838;1.2154;1.21546;1.21543;0;T;True;1
1621268052000;14225839;1.2154;1.21546;1.21543;0;T;True;1
1621268053000;14225841;1.21541;1.21547;1.21544;1;T;True;1
1621268054000;14225843;1.2154;1.21546;1.21543;1;T;True;1
1621268055000;14225844;1.2154;1.21546;1.21543;0;T;True;1
1621268056000;14225845;1.2154;1.21546;1.21543;0;T;True;1
1621268057000;14225846;1.2154;1.21546;1.21543;0;T;True;1
1621268058000;14225852;1.21542;1.21548;1.21545;5;T;True;1
1621268059000;14225858;1.2154;1.21546;1.21543;5;T;True;1
1621268060000;14225863;1.2154;1.21546;1.21543;4;T;True;1
1621268061000;14225865;1.2154;1.21546;1.21543;1;T;True;1
1621268062000;14225866;1.2154;1.21546;1.21543;0;T;True;1
1621268063000;14225867;1.2154;1.21546;1.21543;0;T;True;1
1621268064000;14225870;1.2154;1.21546;1.21543;2;T;True;1
1621268065000;14225871;1.2154;1.21546;1.21543;0;T;True;1
1621268066000;14225872;1.2154;1.21546;1.21543;0;T;True;1
1621268067000;14225877;1.21542;1.21548;1.21545;4;T;True;1
1621268068000;14225879;1.21542;1.21548;1.21545;1;T;True;1
1621268069000;14225882;1.21544;1.2155;1.21547;2;T;True;1
1621268070000;14225883;1.21544;1.2155;1.21547;0;T;True;1
1621268071000;14225884;1.21544;1.2155;1.21547;0;T;True;1
1621268072000;14225885;1.21544;1.2155;1.21547;0;T;True;1
1621268073000;14225886;1.21544;1.2155;1.21547;0;T;True;1
1621268074000;14225888;1.21544;1.2155;1.21547;1;T;True;1
1621268075000;14225892;1.2154;1.21546;1.21543;3;T;True;1
1621268076000;14225893;1.2154;1.21546;1.21543;0;T;True;1
1621268077000;14225894;1.2154;1.21546;1.21543;0;T;True;1
1621268078000;14225897;1.2154;1.21546;1.21543;2;T;True;1
1621268079000;14225899;1.2154;1.21546;1.21543;1;T;True;1
1621268080000;14225900;1.2154;1.21546;1.21543;0;T;True;1
1621268081000;14225903;1.2154;1.21546;1.21543;2;T;True;1
1621268082000;14225904;1.2154;1.21546;1.21543;0;T;True;1
1621268083000;14225906;1.2154;1.21546;1.21543;1;T;True;1
1621268084000;14225908;1.2154;1.21546;1.21543;1;T;True;1
1621268085000;14225909;1.2154;1.21546;1.21543;0;T;True;1
1621268086000;14225911;1.2154;1.21546;1.21543;1;T;True;1
1621268087000;14225914;1.2154;1.21546;1.21543;2;T;True;1
1621268088000;14225915;1.2154;1.21546;1.21543;0;T;True;1
1621268089000;14225922;1.21542;1.21548;1.21545;6;T;True;1
1621268090000;14225923;1.21542;1.21548;1.21545;0;T;True;1
1621268091000;14225924;1.21542;1.21548;1.21545;0;T;True;1
1621268092000;14225925;1.21542;1.21548;1.21545;0;T;True;1
1621268093000;14225927;1.21542;1.21548;1.21545;1;T;True;1
1621268094000;14225929;1.21542;1.21548;1.21545;1;T;True;1
1621268095000;14225931;1.21543;1.21549;1.21546;1;T;True;1
1621268096000;14225933;1.21543;1.21549;1.21546;1;T;True;1
1621268097000;14225934;1.21543;1.21549;1.21546;0;T;True;1
1621268098000;14225935;1.21543;1.21549;1.21546;0;T;True;1
1621268099000;14225936;1.21543;1.21549;1.21546;0;T;True;1
1621268100000;14225939;1.21541;1.21547;1.21544;2;T;True;1
1621268101000;14225942;1.21539;1.21545;1.21542;2;T;True;1
1621268102000;14225946;1.21534;1.2154;1.21537;3;T;True;1
1621268103000;14225949;1.21532;1.21538;1.21535;2;T;True;1
1621268104000;14225955;1.21532;1.21538;1.21535;5;T;True;1
1621268105000;14225970;1.21542;1.21548;1.21545;14;T;True;1
1621268106000;14225974;1.21542;1.21548;1.21545;3;T;True;1
1621268107000;14225975;1.21542;1.21548;1.21545;0;T;True;1
1621268108000;14225977;1.21542;1.21548;1.21545;1;T;True;1
1621268109000;14225979;1.21542;1.21548;1.21545;1;T;True;1
1621268110000;14225983;1.21548;1.21554;1.21551;3;T;True;1
1621268111000;14225989;1.2155;1.21556;1.21553;5;T;True;1
1621268112000;14225991;1.2155;1.21556;1.21553;1;T;True;1
1621268113000;14225997;1.21548;1.21554;1.21551;5;T;True;1
1621268114000;14225998;1.21548;1.21554;1.21551;0;T;True;1
1621268115000;14226001;1.21549;1.21555;1.21552;2;T;True;1
1621268116000;14226003;1.21548;1.21554;1.21551;1;T;True;1
1621268117000;14226004;1.21548;1.21554;1.21551;0;T;True;1
1621268118000;14226005;1.21548;1.21554;1.21551;0;T;True;1
1621268119000;14226007;1.21548;1.21554;1.21551;1;T;True;1
1621268120000;14226012;1.21548;1.21554;1.21551;4;T;True;1
1621268121000;14226014;1.21548;1.21554;1.21551;1;T;True;1
1621268122000;14226015;1.21548;1.21554;1.21551;0;T;True;1
1621268123000;14226021;1.21548;1.21554;1.21551;5;T;True;1
1621268124000;14226023;1.21548;1.21554;1.21551;1;T;True;1
1621268125000;14226028;1.21546;1.21552;1.21549;4;T;True;1
1621268126000;14226031;1.21546;1.21552;1.21549;2;T;True;1
1621268127000;14226032;1.21546;1.21552;1.21549;0;T;True;1
1621268128000;14226036;1.21549;1.21555;1.21552;3;T;True;1
1621268129000;14226037;1.21549;1.21555;1.21552;0;T;True;1
1621268130000;14226038;1.21549;1.21555;1.21552;0;T;True;1
1621268131000;14226039;1.21549;1.21555;1.21552;0;T;True;1
1621268132000;14226041;1.21549;1.21555;1.21552;1;T;True;1
1621268133000;14226043;1.21549;1.21555;1.21552;1;T;True;1
1621268134000;14226045;1.21549;1.21555;1.21552;1;T;True;1
1621268135000;14226049;1.21549;1.21555;1.21552;3;T;True;1
1621268136000;14226051;1.2155;1.21556;1.21553;1;T;True;1
1621268137000;14226052;1.2155;1.21556;1.21553;0;T;True;1
1621268138000;14226053;1.2155;1.21556;1.21553;0;T;True;1
1621268139000;14226054;1.2155;1.21556;1.21553;0;T;True;1
1621268140000;14226056;1.21549;1.21555;1.21552;1;T;True;1
1621268141000;14226057;1.21549;1.21555;1.21552;0;T;True;1
1621268142000;14226058;1.21549;1.21555;1.21552;0;T;True;1
1621268143000;14226062;1.2155;1.21556;1.21553;3;T;True;1
1621268144000;14226063;1.2155;1.21556;1.21553;0;T;True;1
1621268145000;14226064;1.2155;1.21556;1.21553;0;T;True;1
1621268146000;14226067;1.2155;1.21556;1.21553;2;T;True;1
1621268147000;14226072;1.2155;1.21556;1.21553;4;T;True;1
1621268148000;14226073;1.2155;1.21556;1.21553;0;T;True;1
1621268149000;14226075;1.2155;1.21556;1.21553;1;T;True;1
1621268150000;14226076;1.2155;1.21556;1.21553;0;T;True;1
1621268151000;14226083;1.2155;1.21556;1.21553;6;T;True;1
1621268152000;14226084;1.2155;1.21556;1.21553;0;T;True;1
1621268153000;14226085;1.2155;1.21556;1.21553;0;T;True;1
1621268154000;14226086;1.2155;1.21556;1.21553;0;T;True;1
1621268155000;14226087;1.2155;1.21556;1.21553;0;T;True;1
1621268156000;14226088;1.2155;1.21556;1.21553;0;T;True;1
1621268157000;14226089;1.2155;1.21556;1.21553;0;T;True;1
1621268158000;14226090;1.2155;1.21556;1.21553;0;T;True;1
1621268159000;14226091;1.2155;1.21556;1.21553;0;T;True;1
1621268160000;14226093;1.2155;1.21556;1.21553;1;T;True;1
1621268161000;14226094;1.2155;1.21556;1.21553;0;T;True;1
1621268162000;14226095;1.2155;1.21556;1.21553;0;T;True;1
1621268163000;14226096;1.2155;1.21556;1.21553;0;T;True;1
1621268164000;14226097;1.2155;1.21556;1.21553;0;T;True;1
1621268165000;14226099;1.2155;1.21556;1.21553;1;T;True;1
1621268166000;14226101;1.2155;1.21556;1.21553;1;T;True;1
1621268167000;14226108;1.2155;1.21556;1.21553;6;T;True;1
1621268168000;14226109;1.2155;1.21556;1.21553;0;T;True;1
1621268169000;14226111;1.21551;1.21557;1.21554;1;T;True;1
1621268170000;14226112;1.21551;1.21557;1.21554;0;T;True;1
1621268171000;14226113;1.21551;1.21557;1.21554;0;T;True;1
1621268172000;14226117;1.2155;1.21556;1.21553;3;T;True;1
1621268173000;14226122;1.2155;1.21556;1.21553;4;T;True;1
1621268174000;14226123;1.2155;1.21556;1.21553;0;T;True;1
1621268175000;14226124;1.2155;1.21556;1.21553;0;T;True;1
1621268176000;14226125;1.2155;1.21556;1.21553;0;T;True;1
1621268177000;14226127;1.2155;1.21556;1.21553;1;T;True;1
1621268178000;14226128;1.2155;1.21556;1.21553;0;T;True;1
1621268179000;14226129;1.2155;1.21556;1.21553;0;T;True;1
1621268180000;14226130;1.2155;1.21556;1.21553;0;T;True;1
1621268181000;14226131;1.2155;1.21556;1.21553;0;T;True;1
1621268182000;14226132;1.2155;1.21556;1.21553;0;T;True;1
1621268183000;14226133;1.2155;1.21556;1.21553;0;T;True;1
1621268184000;14226134;1.2155;1.21556;1.21553;0;T;True;1
1621268185000;14226135;1.2155;1.21556;1.21553;0;T;True;1
1621268186000;14226136;1.2155;1.21556;1.21553;0;T;True;1
1621268187000;14226137;1.2155;1.21556;1.21553;0;T;True;1
1621268188000;14226138;1.2155;1.21556;1.21553;0;T;True;1
1621268189000;14226139;1.2155;1.21556;1.21553;0;T;True;1
1621268190000;14226140;1.2155;1.21556;1.21553;0;T;True;1
1621268191000;14226141;1.2155;1.21556;1.21553;0;T;True;1
1621268192000;14226142;1.2155;1.21556;1.21553;0;T;True;1
1621268193000;14226143;1.2155;1.21556;1.21553;0;T;True;1
1621268194000;14226144;1.2155;1.21556;1.21553;0;T;True;1
1621268195000;14226145;1.2155;1.21556;1.21553;0;T;True;1
1621268196000;14226146;1.2155;1.21556;1.21553;0;T;True;1
1621268197000;14226149;1.21551;1.21557;1.21554;2;T;True;1
1621268198000;14226153;1.2155;1.21556;1.21553;3;T;True;1
1621268199000;14226154;1.2155;1.21556;1.21553;0;T;True;1
1621268200000;14226157;1.21547;1.21553;1.2155;2;T;True;1
1621268201000;14226161;1.21547;1.21553;1.2155;3;T;True;1
1621268202000;14226165;1.21548;1.21554;1.21551;3;T;True;1
1621268203000;14226167;1.21548;1.21554;1.21551;1;T;True;1
1621268204000;14226169;1.21548;1.21554;1.21551;1;T;True;1
1621268205000;14226171;1.21549;1.21555;1.21552;1;T;True;1
1621268206000;14226172;1.21549;1.21555;1.21552;0;T;True;1
1621268207000;14226175;1.21549;1.21555;1.21552;2;T;True;1
1621268208000;14226176;1.21549;1.21555;1.21552;0;T;True;1
1621268209000;14226177;1.21549;1.21555;1.21552;0;T;True;1
1621268210000;14226179;1.21549;1.21555;1.21552;1;T;True;1
1621268211000;14226182;1.2155;1.21556;1.21553;2;T;True;1
1621268212000;14226183;1.2155;1.21556;1.21553;0;T;True;1
1621268213000;14226184;1.2155;1.21556;1.21553;0;T;True;1
1621268214000;14226185;1.2155;1.21556;1.21553;0;T;True;1
1621268215000;14226186;1.2155;1.21556;1.21553;0;T;True;1
1621268216000;14226187;1.2155;1.21556;1.21553;0;T;True;1
1621268217000;14226188;1.2155;1.21556;1.21553;0;T;True;1
1621268218000;14226189;1.2155;1.21556;1.21553;0;T;True;1
1621268219000;14226191;1.2155;1.21556;1.21553;1;T;True;1
1621268220000;14226193;1.2155;1.21556;1.21553;1;T;True;1
1621268221000;14226194;1.2155;1.21556;1.21553;0;T;True;1
1621268222000;14226195;1.2155;1.21556;1.21553;0;T;True;1
1621268223000;14226196;1.2155;1.21556;1.21553;0;T;True;1
1621268224000;14226197;1.2155;1.21556;1.21553;0;T;True;1
1621268225000;14226198;1.2155;1.21556;1.21553;0;T;True;1
1621268226000;14226199;1.2155;1.21556;1.21553;0;T;True;1
1621268227000;14226200;1.2155;1.21556;1.21553;0;T;True;1
1621268228000;14226201;1.2155;1.21556;1.21553;0;T;True;1
1621268229000;14226202;1.2155;1.21556;1.21553;0;T;True;1
1621268230000;14226203;1.2155;1.21556;1.21553;0;T;True;1
1621268231000;14226204;1.2155;1.21556;1.21553;0;T;True;1
1621268232000;14226205;1.2155;1.21556;1.21553;0;T;True;1
1621268233000;14226209;1.2155;1.21556;1.21553;3;T;True;1
1621268234000;14226210;1.2155;1.21556;1.21553;0;T;True;1
1621268235000;14226211;1.2155;1.21556;1.21553;0;T;True;1
1621268236000;14226212;1.2155;1.21556;1.21553;0;T;True;1
1621268237000;14226213;1.2155;1.21556;1.21553;0;T;True;1
1621268238000;14226214;1.2155;1.21556;1.21553;0;T;True;1
1621268239000;14226215;1.2155;1.21556;1.21553;0;T;True;1
1621268240000;14226216;1.2155;1.21556;1.21553;0;T;True;1
1621268241000;14226217;1.2155;1.21556;1.21553;0;T;True;1
1621268242000;14226218;1.2155;1.21556;1.21553;0;T;True;1
1621268243000;14226219;1.2155;1.21556;1.21553;0;T;True;1
1621268244000;14226220;1.2155;1.21556;1.21553;0;T;True;1
1621268245000;14226223;1.21549;1.21555;1.21552;2;T;True;1
1621268246000;14226224;1.21549;1.21555;1.21552;0;T;True;1
1621268247000;14226225;1.21549;1.21555;1.21552;0;T;True;1
1621268248000;14226226;1.21549;1.21555;1.21552;0;T;True;1
1621268249000;14226231;1.2155;1.21556;1.21553;4;T;True;1
1621268250000;14226234;1.2155;1.21556;1.21553;2;T;True;1
1621268251000;14226235;1.2155;1.21556;1.21553;0;T;True;1
1621268252000;14226237;1.2155;1.21556;1.21553;1;T;True;1
1621268253000;14226238;1.2155;1.21556;1.21553;0;T;True;1
1621268254000;14226239;1.2155;1.21556;1.21553;0;T;True;1
1621268255000;14226240;1.2155;1.21556;1.21553;0;T;True;1
1621268256000;14226241;1.2155;1.21556;1.21553;0;T;True;1
1621268257000;14226242;1.2155;1.21556;1.21553;0;T;True;1
1621268258000;14226243;1.2155;1.21556;1.21553;0;T;True;1
1621268259000;14226244;1.2155;1.21556;1.21553;0;T;True;1
1621268260000;14226246;1.2155;1.21556;1.21553;1;T;True;1
1621268261000;14226249;1.21551;1.21557;1.21554;2;T;True;1
1621268262000;14226250;1.21551;1.21557;1.21554;0;T;True;1
1621268263000;14226251;1.21551;1.21557;1.21554;0;T;True;1
1621268264000;14226252;1.21551;1.21557;1.21554;0;T;True;1
1621268265000;14226253;1.21551;1.21557;1.21554;0;T;True;1
1621268266000;14226254;1.21551;1.21557;1.21554;0;T;True;1
1621268267000;14226255;1.21551;1.21557;1.21554;0;T;True;1
1621268268000;14226256;1.21551;1.21557;1.21554;0;T;True;1
1621268269000;14226257;1.21551;1.21557;1.21554;0;T;True;1
1621268270000;14226258;1.21551;1.21557;1.21554;0;T;True;1
1621268271000;14226259;1.21551;1.21557;1.21554;0;T;True;1
1621268272000;14226260;1.21551;1.21557;1.21554;0;T;True;1
1621268273000;14226261;1.21551;1.21557;1.21554;0;T;True;1
1621268274000;14226263;1.2155;1.21556;1.21553;1;T;True;1
1621268275000;14226265;1.21551;1.21557;1.21554;1;T;True;1
1621268276000;14226266;1.21551;1.21557;1.21554;0;T;True;1
1621268277000;14226267;1.21551;1.21557;1.21554;0;T;True;1
1621268278000;14226268;1.21551;1.21557;1.21554;0;T;True;1
1621268279000;14226269;1.21551;1.21557;1.21554;0;T;True;1
1621268280000;14226270;1.21551;1.21557;1.21554;0;T;True;1
1621268281000;14226271;1.21551;1.21557;1.21554;0;T;True;1
1621268282000;14226272;1.21551;1.21557;1.21554;0;T;True;1
1621268283000;14226273;1.21551;1.21557;1.21554;0;T;True;1
1621268284000;14226274;1.21551;1.21557;1.21554;0;T;True;1
1621268285000;14226275;1.21551;1.21557;1.21554;0;T;True;1
1621268286000;14226276;1.21551;1.21557;1.21554;0;T;True;1
1621268287000;14226277;1.21551;1.21557;1.21554;0;T;True;1
1621268288000;14226278;1.21551;1.21557;1.21554;0;T;True;1
1621268289000;14226279;1.21551;1.21557;1.21554;0;T;True;1
1621268290000;14226280;1.21551;1.21557;1.21554;0;T;True;1
1621268291000;14226282;1.2155;1.21556;1.21553;1;T;True;1
1621268292000;14226283;1.2155;1.21556;1.21553;0;T;True;1
1621268293000;14226284;1.2155;1.21556;1.21553;0;T;True;1
1621268294000;14226285;1.2155;1.21556;1.21553;0;T;True;1
1621268295000;14226286;1.2155;1.21556;1.21553;0;T;True;1
1621268296000;14226291;1.2155;1.21556;1.21553;4;T;True;1
1621268297000;14226295;1.21546;1.21552;1.21549;3;T;True;1
1621268298000;14226298;1.21546;1.21552;1.21549;2;T;True;1
1621268299000;14226299;1.21546;1.21552;1.21549;0;T;True;1
1621268300000;14226301;1.21546;1.21552;1.21549;1;T;True;1
1621268301000;14226303;1.21545;1.21551;1.21548;1;T;True;1
1621268302000;14226308;1.21545;1.21551;1.21548;4;T;True;1
1621268303000;14226310;1.21544;1.2155;1.21547;1;T;True;1
1621268304000;14226312;1.21545;1.21551;1.21548;1;T;True;1
1621268305000;14226317;1.21545;1.21551;1.21548;4;T;True;1
1621268306000;14226318;1.21545;1.21551;1.21548;0;T;True;1
1621268307000;14226321;1.21545;1.21551;1.21548;2;T;True;1
1621268308000;14226322;1.21545;1.21551;1.21548;0;T;True;1
1621268309000;14226324;1.21545;1.21551;1.21548;1;T;True;1
1621268310000;14226325;1.21545;1.21551;1.21548;0;T;True;1
1621268311000;14226326;1.21545;1.21551;1.21548;0;T;True;1
1621268312000;14226329;1.21545;1.21551;1.21548;2;T;True;1
1621268313000;14226330;1.21545;1.21551;1.21548;0;T;True;1
1621268314000;14226331;1.21545;1.21551;1.21548;0;T;True;1
1621268315000;14226334;1.21545;1.21551;1.21548;2;T;True;1
1621268316000;14226335;1.21545;1.21551;1.21548;0;T;True;1
1621268317000;14226336;1.21545;1.21551;1.21548;0;T;True;1
1621268318000;14226337;1.21545;1.21551;1.21548;0;T;True;1
1621268319000;14226338;1.21545;1.21551;1.21548;0;T;True;1
1621268320000;14226339;1.21545;1.21551;1.21548;0;T;True;1
1621268321000;14226343;1.21542;1.21548;1.21545;3;T;True;1
1621268322000;14226344;1.21542;1.21548;1.21545;0;T;True;1
1621268323000;14226347;1.21542;1.21548;1.21545;2;T;True;1
1621268324000;14226350;1.21542;1.21548;1.21545;2;T;True;1
1621268325000;14226352;1.21541;1.21547;1.21544;1;T;True;1
1621268326000;14226353;1.21541;1.21547;1.21544;0;T;True;1
1621268327000;14226357;1.21543;1.21549;1.21546;3;T;True;1
1621268328000;14226358;1.21543;1.21549;1.21546;0;T;True;1
1621268329000;14226361;1.21544;1.2155;1.21547;2;T;True;1
1621268330000;14226363;1.21544;1.2155;1.21547;1;T;True;1
1621268331000;14226364;1.21544;1.2155;1.21547;0;T;True;1
1621268332000;14226365;1.21544;1.2155;1.21547;0;T;True;1
1621268333000;14226366;1.21544;1.2155;1.21547;0;T;True;1
1621268334000;14226367;1.21544;1.2155;1.21547;0;T;True;1
1621268335000;14226368;1.21544;1.2155;1.21547;0;T;True;1
1621268336000;14226371;1.21545;1.21551;1.21548;2;T;True;1
1621268337000;14226374;1.21546;1.21552;1.21549;2;T;True;1
1621268338000;14226376;1.21546;1.21552;1.21549;1;T;True;1
1621268339000;14226377;1.21546;1.21552;1.21549;0;T;True;1
1621268340000;14226381;1.21546;1.21552;1.21549;3;T;True;1
1621268341000;14226382;1.21546;1.21552;1.21549;0;T;True;1
1621268342000;14226383;1.21546;1.21552;1.21549;0;T;True;1
1621268343000;14226385;1.21546;1.21552;1.21549;1;T;True;1
1621268344000;14226387;1.21546;1.21552;1.21549;1;T;True;1
1621268345000;14226388;1.21546;1.21552;1.21549;0;T;True;1
1621268346000;14226389;1.21546;1.21552;1.21549;0;T;True;1
1621268347000;14226390;1.21546;1.21552;1.21549;0;T;True;1
1621268348000;14226391;1.21546;1.21552;1.21549;0;T;True;1
1621268349000;14226400;1.21544;1.2155;1.21547;8;T;True;1
1621268350000;14226405;1.21542;1.21548;1.21545;4;T;True;1
1621268351000;14226412;1.21543;1.21549;1.21546;6;T;True;1
1621268352000;14226416;1.21543;1.21549;1.21546;3;T;True;1
1621268353000;14226418;1.21544;1.2155;1.21547;1;T;True;1
1621268354000;14226419;1.21544;1.2155;1.21547;0;T;True;1
1621268355000;14226420;1.21544;1.2155;1.21547;0;T;True;1
1621268356000;14226421;1.21544;1.2155;1.21547;0;T;True;1
1621268357000;14226427;1.21548;1.21554;1.21551;5;T;True;1
1621268358000;14226430;1.21548;1.21554;1.21551;2;T;True;1
1621268359000;14226431;1.21548;1.21554;1.21551;0;T;True;1
1621268360000;14226432;1.21548;1.21554;1.21551;0;T;True;1
1621268361000;14226434;1.21546;1.21552;1.21549;1;T;True;1
1621268362000;14226436;1.21547;1.21553;1.2155;1;T;True;1
1621268363000;14226437;1.21547;1.21553;1.2155;0;T;True;1
1621268364000;14226438;1.21547;1.21553;1.2155;0;T;True;1
1621268365000;14226439;1.21547;1.21553;1.2155;0;T;True;1
1621268366000;14226440;1.21547;1.21553;1.2155;0;T;True;1
1621268367000;14226441;1.21547;1.21553;1.2155;0;T;True;1
1621268368000;14226444;1.21546;1.21552;1.21549;2;T;True;1
1621268369000;14226448;1.21544;1.2155;1.21547;3;T;True;1
1621268370000;14226449;1.21544;1.2155;1.21547;0;T;True;1
1621268371000;14226450;1.21544;1.2155;1.21547;0;T;True;1
1621268372000;14226451;1.21544;1.2155;1.21547;0;T;True;1
1621268373000;14226452;1.21544;1.2155;1.21547;0;T;True;1
1621268374000;14226453;1.21544;1.2155;1.21547;0;T;True;1
1621268375000;14226454;1.21544;1.2155;1.21547;0;T;True;1
1621268376000;14226455;1.21544;1.2155;1.21547;0;T;True;1
1621268377000;14226457;1.21544;1.2155;1.21547;1;T;True;1
1621268378000;14226460;1.21544;1.2155;1.21547;2;T;True;1
1621268379000;14226461;1.21544;1.2155;1.21547;0;T;True;1
1621268380000;14226462;1.21544;1.2155;1.21547;0;T;True;1
1621268381000;14226463;1.21544;1.2155;1.21547;0;T;True;1
1621268382000;14226464;1.21544;1.2155;1.21547;0;T;True;1
1621268383000;14226465;1.21544;1.2155;1.21547;0;T;True;1
1621268384000;14226466;1.21544;1.2155;1.21547;0;T;True;1
1621268385000;14226469;1.21542;1.21548;1.21545;2;T;True;1
1621268386000;14226471;1.21542;1.21548;1.21545;1;T;True;1
1621268387000;14226472;1.21542;1.21548;1.21545;0;T;True;1
1621268388000;14226473;1.21542;1.21548;1.21545;0;T;True;1
1621268389000;14226475;1.21542;1.21548;1.21545;1;T;True;1
1621268390000;14226477;1.21542;1.21548;1.21545;1;T;True;1
1621268391000;14226480;1.2154;1.21546;1.21543;2;T;True;1
1621268392000;14226482;1.2154;1.21546;1.21543;1;T;True;1
1621268393000;14226483;1.2154;1.21546;1.21543;0;T;True;1
1621268394000;14226484;1.2154;1.21546;1.21543;0;T;True;1
1621268395000;14226485;1.2154;1.21546;1.21543;0;T;True;1
1621268396000;14226486;1.2154;1.21546;1.21543;0;T;True;1
1621268397000;14226488;1.21539;1.21545;1.21542;1;T;True;1
1621268398000;14226492;1.21541;1.21547;1.21544;3;T;True;1
1621268399000;14226494;1.21541;1.21547;1.21544;1;T;True;1
1621268400000;14226495;1.21541;1.21547;1.21544;0;T;True;1
1621268401000;14226496;1.21541;1.21547;1.21544;0;T;True;1
1621268402000;14226498;1.2154;1.21546;1.21543;1;T;True;1
1621268403000;14226499;1.2154;1.21546;1.21543;0;T;True;1
1621268404000;14226500;1.2154;1.21546;1.21543;0;T;True;1
1621268405000;14226506;1.21538;1.21544;1.21541;5;T;True;1
1621268406000;14226508;1.21539;1.21545;1.21542;1;T;True;1
1621268407000;14226510;1.21538;1.21544;1.21541;1;T;True;1
1621268408000;14226515;1.21536;1.21542;1.21539;4;T;True;1
1621268409000;14226518;1.21538;1.21544;1.21541;2;T;True;1
1621268410000;14226519;1.21538;1.21544;1.21541;0;T;True;1
1621268411000;14226520;1.21538;1.21544;1.21541;0;T;True;1
1621268412000;14226521;1.21538;1.21544;1.21541;0;T;True;1
1621268413000;14226523;1.21538;1.21544;1.21541;1;T;True;1
1621268414000;14226525;1.21538;1.21544;1.21541;1;T;True;1
1621268415000;14226527;1.21538;1.21544;1.21541;1;T;True;1
1621268416000;14226530;1.2154;1.21546;1.21543;2;T;True;1
1621268417000;14226533;1.2154;1.21546;1.21543;2;T;True;1
1621268418000;14226536;1.2154;1.21546;1.21543;2;T;True;1
1621268419000;14226537;1.2154;1.21546;1.21543;0;T;True;1
1621268420000;14226538;1.2154;1.21546;1.21543;0;T;True;1
1621268421000;14226539;1.2154;1.21546;1.21543;0;T;True;1
1621268422000;14226540;1.2154;1.21546;1.21543;0;T;True;1
1621268423000;14226541;1.2154;1.21546;1.21543;0;T;True;1
1621268424000;14226543;1.2154;1.21546;1.21543;1;T;True;1
1621268425000;14226544;1.2154;1.21546;1.21543;0;T;True;1
1621268426000;14226545;1.2154;1.21546;1.21543;0;T;True;1
1621268427000;14226548;1.2154;1.21546;1.21543;2;T;True;1
1621268428000;14226549;1.2154;1.21546;1.21543;0;T;True;1
1621268429000;14226550;1.2154;1.21546;1.21543;0;T;True;1
1621268430000;14226554;1.2154;1.21546;1.21543;3;T;True;1
1621268431000;14226559;1.21544;1.2155;1.21547;4;T;True;1
1621268432000;14226560;1.21544;1.2155;1.21547;0;T;True;1
1621268433000;14226564;1.21544;1.2155;1.21547;3;T;True;1
1621268434000;14226565;1.21544;1.2155;1.21547;0;T;True;1
1621268435000;14226566;1.21544;1.2155;1.21547;0;T;True;1
1621268436000;14226568;1.21545;1.21551;1.21548;1;T;True;1
1621268437000;14226569;1.21545;1.21551;1.21548;0;T;True;1
1621268438000;14226570;1.21545;1.21551;1.21548;0;T;True;1
1621268439000;14226572;1.21544;1.2155;1.21547;1;T;True;1
1621268440000;14226577;1.21542;1.21548;1.21545;4;T;True;1
1621268441000;14226579;1.21543;1.21549;1.21546;1;T;True;1
1621268442000;14226580;1.21543;1.21549;1.21546;0;T;True;1
1621268443000;14226582;1.21542;1.21548;1.21545;1;T;True;1
1621268444000;14226585;1.21544;1.2155;1.21547;2;T;True;1
1621268445000;14226586;1.21544;1.2155;1.21547;0;T;True;1
1621268446000;14226587;1.21544;1.2155;1.21547;0;T;True;1
1621268447000;14226588;1.21544;1.2155;1.21547;0;T;True;1
1621268448000;14226589;1.21544;1.2155;1.21547;0;T;True;1
1621268449000;14226590;1.21544;1.2155;1.21547;0;T;True;1
1621268450000;14226591;1.21544;1.2155;1.21547;0;T;True;1
1621268451000;14226594;1.21542;1.21548;1.21545;2;T;True;1
1621268452000;14226596;1.21543;1.21549;1.21546;1;T;True;1
1621268453000;14226597;1.21543;1.21549;1.21546;0;T;True;1
1621268454000;14226599;1.21544;1.2155;1.21547;1;T;True;1
1621268455000;14226601;1.21542;1.21548;1.21545;1;T;True;1
1621268456000;14226602;1.21542;1.21548;1.21545;0;T;True;1
1621268457000;14226603;1.21542;1.21548;1.21545;0;T;True;1
1621268458000;14226604;1.21542;1.21548;1.21545;0;T;True;1
1621268459000;14226609;1.21542;1.21548;1.21545;4;T;True;1
1621268460000;14226610;1.21542;1.21548;1.21545;0;T;True;1
1621268461000;14226611;1.21542;1.21548;1.21545;0;T;True;1
1621268462000;14226612;1.21542;1.21548;1.21545;0;T;True;1
1621268463000;14226613;1.21542;1.21548;1.21545;0;T;True;1
1621268464000;14226614;1.21542;1.21548;1.21545;0;T;True;1
1621268465000;14226615;1.21542;1.21548;1.21545;0;T;True;1
1621268466000;14226616;1.21542;1.21548;1.21545;0;T;True;1
1621268467000;14226617;1.21542;1.21548;1.21545;0;T;True;1
1621268468000;14226618;1.21542;1.21548;1.21545;0;T;True;1
1621268469000;14226619;1.21542;1.21548;1.21545;0;T;True;1
1621268470000;14226621;1.21542;1.21548;1.21545;1;T;True;1
1621268471000;14226623;1.21541;1.21547;1.21544;1;T;True;1
1621268472000;14226625;1.2154;1.21546;1.21543;1;T;True;1
1621268473000;14226626;1.2154;1.21546;1.21543;0;T;True;1
1621268474000;14226628;1.2154;1.21546;1.21543;1;T;True;1
1621268475000;14226629;1.2154;1.21546;1.21543;0;T;True;1
1621268476000;14226630;1.2154;1.21546;1.21543;0;T;True;1
1621268477000;14226631;1.2154;1.21546;1.21543;0;T;True;1
1621268478000;14226633;1.2154;1.21546;1.21543;1;T;True;1
1621268479000;14226634;1.2154;1.21546;1.21543;0;T;True;1
1621268480000;14226635;1.2154;1.21546;1.21543;0;T;True;1
1621268481000;14226636;1.2154;1.21546;1.21543;0;T;True;1
1621268482000;14226637;1.2154;1.21546;1.21543;0;T;True;1
1621268483000;14226638;1.2154;1.21546;1.21543;0;T;True;1
1621268484000;14226639;1.2154;1.21546;1.21543;0;T;True;1
1621268485000;14226640;1.2154;1.21546;1.21543;0;T;True;1
1621268486000;14226641;1.2154;1.21546;1.21543;0;T;True;1
1621268487000;14226643;1.2154;1.21546;1.21543;1;T;True;1
1621268488000;14226644;1.2154;1.21546;1.21543;0;T;True;1
1621268489000;14226645;1.2154;1.21546;1.21543;0;T;True;1
1621268490000;14226646;1.2154;1.21546;1.21543;0;T;True;1
1621268491000;14226647;1.2154;1.21546;1.21543;0;T;True;1
1621268492000;14226648;1.2154;1.21546;1.21543;0;T;True;1
1621268493000;14226651;1.21538;1.21544;1.21541;2;T;True;1
1621268494000;14226652;1.21538;1.21544;1.21541;0;T;True;1
1621268495000;14226653;1.21538;1.21544;1.21541;0;T;True;1
1621268496000;14226654;1.21538;1.21544;1.21541;0;T;True;1
1621268497000;14226658;1.21536;1.21542;1.21539;3;T;True;1
1621268498000;14226660;1.21536;1.21542;1.21539;1;T;True;1
1621268499000;14226661;1.21536;1.21542;1.21539;0;T;True;1
1621268500000;14226663;1.21536;1.21542;1.21539;1;T;True;1
1621268501000;14226664;1.21536;1.21542;1.21539;0;T;True;1
1621268502000;14226665;1.21536;1.21542;1.21539;0;T;True;1
1621268503000;14226666;1.21536;1.21542;1.21539;0;T;True;1
1621268504000;14226668;1.21536;1.21542;1.21539;1;T;True;1
1621268505000;14226671;1.21536;1.21542;1.21539;2;T;True;1
1621268506000;14226672;1.21536;1.21542;1.21539;0;T;True;1
1621268507000;14226673;1.21536;1.21542;1.21539;0;T;True;1
1621268508000;14226674;1.21536;1.21542;1.21539;0;T;True;1
1621268509000;14226675;1.21536;1.21542;1.21539;0;T;True;1
1621268510000;14226676;1.21536;1.21542;1.21539;0;T;True;1
1621268511000;14226679;1.21536;1.21542;1.21539;2;T;True;1
1621268512000;14226680;1.21536;1.21542;1.21539;0;T;True;1
1621268513000;14226681;1.21536;1.21542;1.21539;0;T;True;1
1621268514000;14226682;1.21536;1.21542;1.21539;0;T;True;1
1621268515000;14226683;1.21536;1.21542;1.21539;0;T;True;1
1621268516000;14226684;1.21536;1.21542;1.21539;0;T;True;1
1621268517000;14226685;1.21536;1.21542;1.21539;0;T;True;1
1621268518000;14226686;1.21536;1.21542;1.21539;0;T;True;1
1621268519000;14226687;1.21536;1.21542;1.21539;0;T;True;1
1621268520000;14226688;1.21536;1.21542;1.21539;0;T;True;1
1621268521000;14226689;1.21536;1.21542;1.21539;0;T;True;1
1621268522000;14226690;1.21536;1.21542;1.21539;0;T;True;1
1621268523000;14226691;1.21536;1.21542;1.21539;0;T;True;1
1621268524000;14226694;1.21536;1.21542;1.21539;2;T;True;1
1621268525000;14226695;1.21536;1.21542;1.21539;0;T;True;1
1621268526000;14226696;1.21536;1.21542;1.21539;0;T;True;1
1621268527000;14226697;1.21536;1.21542;1.21539;0;T;True;1
1621268528000;14226698;1.21536;1.21542;1.21539;0;T;True;1
1621268529000;14226699;1.21536;1.21542;1.21539;0;T;True;1
1621268530000;14226700;1.21536;1.21542;1.21539;0;T;True;1
1621268531000;14226701;1.21536;1.21542;1.21539;0;T;True;1
1621268532000;14226702;1.21536;1.21542;1.21539;0;T;True;1
1621268533000;14226703;1.21536;1.21542;1.21539;0;T;True;1
1621268534000;14226704;1.21536;1.21542;1.21539;0;T;True;1
1621268535000;14226705;1.21536;1.21542;1.21539;0;T;True;1
1621268536000;14226706;1.21536;1.21542;1.21539;0;T;True;1
1621268537000;14226707;1.21536;1.21542;1.21539;0;T;True;1
1621268538000;14226708;1.21536;1.21542;1.21539;0;T;True;1
1621268539000;14226709;1.21536;1.21542;1.21539;0;T;True;1
1621268540000;14226710;1.21536;1.21542;1.21539;0;T;True;1
1621268541000;14226711;1.21536;1.21542;1.21539;0;T;True;1
1621268542000;14226712;1.21536;1.21542;1.21539;0;T;True;1
1621268543000;14226713;1.21536;1.21542;1.21539;0;T;True;1
1621268544000;14226714;1.21536;1.21542;1.21539;0;T;True;1
1621268545000;14226715;1.21536;1.21542;1.21539;0;T;True;1
1621268546000;14226718;1.21536;1.21542;1.21539;2;T;True;1
1621268547000;14226719;1.21536;1.21542;1.21539;0;T;True;1
1621268548000;14226720;1.21536;1.21542;1.21539;0;T;True;1
1621268549000;14226723;1.21536;1.21542;1.21539;2;T;True;1
1621268550000;14226725;1.21535;1.21541;1.21538;1;T;True;1
1621268551000;14226727;1.21536;1.21542;1.21539;1;T;True;1
1621268552000;14226728;1.21536;1.21542;1.21539;0;T;True;1
1621268553000;14226729;1.21536;1.21542;1.21539;0;T;True;1
1621268554000;14226730;1.21536;1.21542;1.21539;0;T;True;1
1621268555000;14226731;1.21536;1.21542;1.21539;0;T;True;1
1621268556000;14226732;1.21536;1.21542;1.21539;0;T;True;1
1621268557000;14226733;1.21536;1.21542;1.21539;0;T;True;1
1621268558000;14226734;1.21536;1.21542;1.21539;0;T;True;1
1621268559000;14226735;1.21536;1.21542;1.21539;0;T;True;1
1621268560000;14226736;1.21536;1.21542;1.21539;0;T;True;1
1621268561000;14226738;1.21536;1.21542;1.21539;1;T;True;1
1621268562000;14226739;1.21536;1.21542;1.21539;0;T;True;1
1621268563000;14226740;1.21536;1.21542;1.21539;0;T;True;1
1621268564000;14226741;1.21536;1.21542;1.21539;0;T;True;1
1621268565000;14226742;1.21536;1.21542;1.21539;0;T;True;1
1621268566000;14226743;1.21536;1.21542;1.21539;0;T;True;1
1621268567000;14226744;1.21536;1.21542;1.21539;0;T;True;1
1621268568000;14226746;1.21536;1.21542;1.21539;1;T;True;1
1621268569000;14226747;1.21536;1.21542;1.21539;0;T;True;1
1621268570000;14226749;1.21536;1.21542;1.21539;1;T;True;1
1621268571000;14226750;1.21536;1.21542;1.21539;0;T;True;1
1621268572000;14226751;1.21536;1.21542;1.21539;0;T;True;1
1621268573000;14226753;1.21536;1.21542;1.21539;1;T;True;1
1621268574000;14226754;1.21536;1.21542;1.21539;0;T;True;1
1621268575000;14226756;1.21536;1.21542;1.21539;1;T;True;1
1621268576000;14226757;1.21536;1.21542;1.21539;0;T;True;1
1621268577000;14226758;1.21536;1.21542;1.21539;0;T;True;1
1621268578000;14226759;1.21536;1.21542;1.21539;0;T;True;1
1621268579000;14226760;1.21536;1.21542;1.21539;0;T;True;1
1621268580000;14226761;1.21536;1.21542;1.21539;0;T;True;1
1621268581000;14226765;1.21536;1.21542;1.21539;3;T;True;1
1621268582000;14226766;1.21536;1.21542;1.21539;0;T;True;1
1621268583000;14226767;1.21536;1.21542;1.21539;0;T;True;1
1621268584000;14226768;1.21536;1.21542;1.21539;0;T;True;1
1621268585000;14226769;1.21536;1.21542;1.21539;0;T;True;1
1621268586000;14226770;1.21536;1.21542;1.21539;0;T;True;1
1621268587000;14226772;1.21536;1.21542;1.21539;1;T;True;1
1621268588000;14226774;1.21537;1.21543;1.2154;1;T;True;1
1621268589000;14226776;1.21536;1.21542;1.21539;1;T;True;1
1621268590000;14226778;1.21536;1.21542;1.21539;1;T;True;1
1621268591000;14226780;1.21536;1.21542;1.21539;1;T;True;1
1621268592000;14226784;1.21537;1.21543;1.2154;3;T;True;1
1621268593000;14226787;1.21539;1.21545;1.21542;2;T;True;1
1621268594000;14226789;1.2154;1.21546;1.21543;1;T;True;1
1621268595000;14226792;1.2154;1.21546;1.21543;2;T;True;1
1621268596000;14226794;1.2154;1.21546;1.21543;1;T;True;1
1621268597000;14226795;1.2154;1.21546;1.21543;0;T;True;1
1621268598000;14226796;1.2154;1.21546;1.21543;0;T;True;1
1621268599000;14226797;1.2154;1.21546;1.21543;0;T;True;1
1621268600000;14226798;1.2154;1.21546;1.21543;0;T;True;1
1621268601000;14226799;1.2154;1.21546;1.21543;0;T;True;1
1621268602000;14226800;1.2154;1.21546;1.21543;0;T;True;1
1621268603000;14226802;1.2154;1.21546;1.21543;1;T;True;1
1621268604000;14226803;1.2154;1.21546;1.21543;0;T;True;1
1621268605000;14226804;1.2154;1.21546;1.21543;0;T;True;1
1621268606000;14226806;1.2154;1.21546;1.21543;1;T;True;1
1621268607000;14226807;1.2154;1.21546;1.21543;0;T;True;1
1621268608000;14226809;1.2154;1.21546;1.21543;1;T;True;1
1621268609000;14226810;1.2154;1.21546;1.21543;0;T;True;1
1621268610000;14226811;1.2154;1.21546;1.21543;0;T;True;1
1621268611000;14226812;1.2154;1.21546;1.21543;0;T;True;1
1621268612000;14226813;1.2154;1.21546;1.21543;0;T;True;1
1621268613000;14226814;1.2154;1.21546;1.21543;0;T;True;1
1621268614000;14226815;1.2154;1.21546;1.21543;0;T;True;1
1621268615000;14226816;1.2154;1.21546;1.21543;0;T;True;1
1621268616000;14226817;1.2154;1.21546;1.21543;0;T;True;1
1621268617000;14226820;1.2154;1.21546;1.21543;2;T;True;1
1621268618000;14226821;1.2154;1.21546;1.21543;0;T;True;1
1621268619000;14226823;1.2154;1.21546;1.21543;1;T;True;1
1621268620000;14226825;1.2154;1.21546;1.21543;1;T;True;1
1621268621000;14226826;1.2154;1.21546;1.21543;0;T;True;1
1621268622000;14226827;1.2154;1.21546;1.21543;0;T;True;1
1621268623000;14226828;1.2154;1.21546;1.21543;0;T;True;1
1621268624000;14226829;1.2154;1.21546;1.21543;0;T;True;1
1621268625000;14226830;1.2154;1.21546;1.21543;0;T;True;1
1621268626000;14226831;1.2154;1.21546;1.21543;0;T;True;1
1621268627000;14226832;1.2154;1.21546;1.21543;0;T;True;1
1621268628000;14226833;1.2154;1.21546;1.21543;0;T;True;1
1621268629000;14226834;1.2154;1.21546;1.21543;0;T;True;1
1621268630000;14226835;1.2154;1.21546;1.21543;0;T;True;1
1621268631000;14226836;1.2154;1.21546;1.21543;0;T;True;1
1621268632000;14226837;1.2154;1.21546;1.21543;0;T;True;1
1621268633000;14226838;1.2154;1.21546;1.21543;0;T;True;1
1621268634000;14226839;1.2154;1.21546;1.21543;0;T;True;1
1621268635000;14226840;1.2154;1.21546;1.21543;0;T;True;1
1621268636000;14226841;1.2154;1.21546;1.21543;0;T;True;1
1621268637000;14226842;1.2154;1.21546;1.21543;0;T;True;1
1621268638000;14226843;1.2154;1.21546;1.21543;0;T;True;1
1621268639000;14226844;1.2154;1.21546;1.21543;0;T;True;1
1621268640000;14226845;1.2154;1.21546;1.21543;0;T;True;1
1621268641000;14226846;1.2154;1.21546;1.21543;0;T;True;1
1621268642000;14226847;1.2154;1.21546;1.21543;0;T;True;1
1621268643000;14226848;1.2154;1.21546;1.21543;0;T;True;1
1621268644000;14226849;1.2154;1.21546;1.21543;0;T;True;1
1621268645000;14226850;1.2154;1.21546;1.21543;0;T;True;1
1621268646000;14226851;1.2154;1.21546;1.21543;0;T;True;1
1621268647000;14226852;1.2154;1.21546;1.21543;0;T;True;1
1621268648000;14226853;1.2154;1.21546;1.21543;0;T;True;1
1621268649000;14226854;1.2154;1.21546;1.21543;0;T;True;1
1621268650000;14226855;1.2154;1.21546;1.21543;0;T;True;1
1621268651000;14226856;1.2154;1.21546;1.21543;0;T;True;1
1621268652000;14226857;1.2154;1.21546;1.21543;0;T;True;1
1621268653000;14226858;1.2154;1.21546;1.21543;0;T;True;1
1621268654000;14226859;1.2154;1.21546;1.21543;0;T;True;1
1621268655000;14226860;1.2154;1.21546;1.21543;0;T;True;1
1621268656000;14226861;1.2154;1.21546;1.21543;0;T;True;1
1621268657000;14226862;1.2154;1.21546;1.21543;0;T;True;1
1621268658000;14226863;1.2154;1.21546;1.21543;0;T;True;1
1621268659000;14226869;1.2154;1.21546;1.21543;5;T;True;1
1621268660000;14226870;1.2154;1.21546;1.21543;0;T;True;1
1621268661000;14226872;1.2154;1.21546;1.21543;1;T;True;1
1621268662000;14226873;1.2154;1.21546;1.21543;0;T;True;1
1621268663000;14226874;1.2154;1.21546;1.21543;0;T;True;1
1621268664000;14226875;1.2154;1.21546;1.21543;0;T;True;1
1621268665000;14226876;1.2154;1.21546;1.21543;0;T;True;1
1621268666000;14226881;1.21535;1.21541;1.21538;4;T;True;1
1621268667000;14226883;1.21534;1.2154;1.21537;1;T;True;1
1621268668000;14226884;1.21534;1.2154;1.21537;0;T;True;1
1621268669000;14226885;1.21534;1.2154;1.21537;0;T;True;1
1621268670000;14226886;1.21534;1.2154;1.21537;0;T;True;1
1621268671000;14226888;1.21535;1.21541;1.21538;1;T;True;1
1621268672000;14226890;1.21535;1.21541;1.21538;1;T;True;1
1621268673000;14226891;1.21535;1.21541;1.21538;0;T;True;1
1621268674000;14226892;1.21535;1.21541;1.21538;0;T;True;1
1621268675000;14226893;1.21535;1.21541;1.21538;0;T;True;1
1621268676000;14226895;1.21535;1.21541;1.21538;1;T;True;1
1621268677000;14226896;1.21535;1.21541;1.21538;0;T;True;1
1621268678000;14226897;1.21535;1.21541;1.21538;0;T;True;1
1621268679000;14226898;1.21535;1.21541;1.21538;0;T;True;1
1621268680000;14226899;1.21535;1.21541;1.21538;0;T;True;1
1621268681000;14226900;1.21535;1.21541;1.21538;0;T;True;1
1621268682000;14226901;1.21535;1.21541;1.21538;0;T;True;1
1621268683000;14226903;1.21535;1.21541;1.21538;1;T;True;1
1621268684000;14226904;1.21535;1.21541;1.21538;0;T;True;1
1621268685000;14226905;1.21535;1.21541;1.21538;0;T;True;1
1621268686000;14226906;1.21535;1.21541;1.21538;0;T;True;1
1621268687000;14226907;1.21535;1.21541;1.21538;0;T;True;1
1621268688000;14226910;1.21534;1.2154;1.21537;2;T;True;1
1621268689000;14226911;1.21534;1.2154;1.21537;0;T;True;1
1621268690000;14226912;1.21534;1.2154;1.21537;0;T;True;1
1621268691000;14226915;1.21535;1.21541;1.21538;2;T;True;1
1621268692000;14226916;1.21535;1.21541;1.21538;0;T;True;1
1621268693000;14226917;1.21535;1.21541;1.21538;0;T;True;1
1621268694000;14226918;1.21535;1.21541;1.21538;0;T;True;1
1621268695000;14226919;1.21535;1.21541;1.21538;0;T;True;1
1621268696000;14226920;1.21535;1.21541;1.21538;0;T;True;1
1621268697000;14226921;1.21535;1.21541;1.21538;0;T;True;1
1621268698000;14226922;1.21535;1.21541;1.21538;0;T;True;1
1621268699000;14226923;1.21535;1.21541;1.21538;0;T;True;1
1621268700000;14226924;1.21535;1.21541;1.21538;0;T;True;1
1621268701000;14226926;1.21535;1.21541;1.21538;1;T;True;1
1621268702000;14226929;1.21535;1.21541;1.21538;2;T;True;1
1621268703000;14226930;1.21535;1.21541;1.21538;0;T;True;1
1621268704000;14226933;1.21535;1.21541;1.21538;2;T;True;1
1621268705000;14226935;1.21535;1.21541;1.21538;1;T;True;1
1621268706000;14226937;1.21536;1.21542;1.21539;1;T;True;1
1621268707000;14226938;1.21536;1.21542;1.21539;0;T;True;1
1621268708000;14226941;1.21535;1.21541;1.21538;2;T;True;1
1621268709000;14226942;1.21535;1.21541;1.21538;0;T;True;1
1621268710000;14226944;1.21535;1.21541;1.21538;1;T;True;1
1621268711000;14226948;1.21536;1.21542;1.21539;3;T;True;1
1621268712000;14226951;1.21538;1.21544;1.21541;2;T;True;1
1621268713000;14226952;1.21538;1.21544;1.21541;0;T;True;1
1621268714000;14226953;1.21538;1.21544;1.21541;0;T;True;1
1621268715000;14226957;1.21538;1.21544;1.21541;3;T;True;1
1621268716000;14226959;1.21538;1.21544;1.21541;1;T;True;1
1621268717000;14226960;1.21538;1.21544;1.21541;0;T;True;1
1621268718000;14226961;1.21538;1.21544;1.21541;0;T;True;1
1621268719000;14226962;1.21538;1.21544;1.21541;0;T;True;1
1621268720000;14226963;1.21538;1.21544;1.21541;0;T;True;1
1621268721000;14226966;1.21537;1.21543;1.2154;2;T;True;1
1621268722000;14226967;1.21537;1.21543;1.2154;0;T;True;1
1621268723000;14226968;1.21537;1.21543;1.2154;0;T;True;1
1621268724000;14226969;1.21537;1.21543;1.2154;0;T;True;1
1621268725000;14226972;1.21534;1.2154;1.21537;2;T;True;1
1621268726000;14226973;1.21534;1.2154;1.21537;0;T;True;1
1621268727000;14226974;1.21534;1.2154;1.21537;0;T;True;1
1621268728000;14226975;1.21534;1.2154;1.21537;0;T;True;1
1621268729000;14226982;1.21536;1.21542;1.21539;6;T;True;1
1621268730000;14226984;1.21536;1.21542;1.21539;1;T;True;1
1621268731000;14226986;1.21536;1.21542;1.21539;1;T;True;1
1621268732000;14226991;1.21535;1.21541;1.21538;4;T;True;1
1621268733000;14226992;1.21535;1.21541;1.21538;0;T;True;1
1621268734000;14226994;1.21535;1.21541;1.21538;1;T;True;1
1621268735000;14226995;1.21535;1.21541;1.21538;0;T;True;1
1621268736000;14226997;1.21535;1.21541;1.21538;1;T;True;1
1621268737000;14226998;1.21535;1.21541;1.21538;0;T;True;1
1621268738000;14227000;1.21535;1.21541;1.21538;1;T;True;1
1621268739000;14227001;1.21535;1.21541;1.21538;0;T;True;1
1621268740000;14227003;1.21536;1.21542;1.21539;1;T;True;1
1621268741000;14227005;1.21536;1.21542;1.21539;1;T;True;1
1621268742000;14227006;1.21536;1.21542;1.21539;0;T;True;1
1621268743000;14227008;1.21536;1.21542;1.21539;1;T;True;1
1621268744000;14227009;1.21536;1.21542;1.21539;0;T;True;1
1621268745000;14227010;1.21536;1.21542;1.21539;0;T;True;1
1621268746000;14227011;1.21536;1.21542;1.21539;0;T;True;1
1621268747000;14227012;1.21536;1.21542;1.21539;0;T;True;1
1621268748000;14227013;1.21536;1.21542;1.21539;0;T;True;1
1621268749000;14227014;1.21536;1.21542;1.21539;0;T;True;1
1621268750000;14227016;1.21535;1.21541;1.21538;1;T;True;1
1621268751000;14227017;1.21535;1.21541;1.21538;0;T;True;1
1621268752000;14227018;1.21535;1.21541;1.21538;0;T;True;1
1621268753000;14227020;1.21536;1.21542;1.21539;1;T;True;1
1621268754000;14227021;1.21536;1.21542;1.21539;0;T;True;1
1621268755000;14227022;1.21536;1.21542;1.21539;0;T;True;1
1621268756000;14227023;1.21536;1.21542;1.21539;0;T;True;1
1621268757000;14227024;1.21536;1.21542;1.21539;0;T;True;1
1621268758000;14227025;1.21536;1.21542;1.21539;0;T;True;1
1621268759000;14227026;1.21536;1.21542;1.21539;0;T;True;1
1621268760000;14227027;1.21536;1.21542;1.21539;0;T;True;1
1621268761000;14227028;1.21536;1.21542;1.21539;0;T;True;1
1621268762000;14227029;1.21536;1.21542;1.21539;0;T;True;1
1621268763000;14227030;1.21536;1.21542;1.21539;0;T;True;1
1621268764000;14227037;1.21536;1.21542;1.21539;6;T;True;1
1621268765000;14227040;1.21536;1.21542;1.21539;2;T;True;1
1621268766000;14227042;1.21536;1.21542;1.21539;1;T;True;1
1621268767000;14227045;1.21534;1.2154;1.21537;2;T;True;1
1621268768000;14227046;1.21534;1.2154;1.21537;0;T;True;1
1621268769000;14227047;1.21534;1.2154;1.21537;0;T;True;1
1621268770000;14227048;1.21534;1.2154;1.21537;0;T;True;1
1621268771000;14227049;1.21534;1.2154;1.21537;0;T;True;1
1621268772000;14227050;1.21534;1.2154;1.21537;0;T;True;1
1621268773000;14227052;1.21534;1.2154;1.21537;1;T;True;1
1621268774000;14227053;1.21534;1.2154;1.21537;0;T;True;1
1621268775000;14227054;1.21534;1.2154;1.21537;0;T;True;1
1621268776000;14227055;1.21534;1.2154;1.21537;0;T;True;1
1621268777000;14227056;1.21534;1.2154;1.21537;0;T;True;1
1621268778000;14227058;1.21534;1.2154;1.21537;1;T;True;1
1621268779000;14227060;1.21534;1.2154;1.21537;1;T;True;1
1621268780000;14227061;1.21534;1.2154;1.21537;0;T;True;1
1621268781000;14227062;1.21534;1.2154;1.21537;0;T;True;1
1621268782000;14227063;1.21534;1.2154;1.21537;0;T;True;1
1621268783000;14227064;1.21534;1.2154;1.21537;0;T;True;1
1621268784000;14227065;1.21534;1.2154;1.21537;0;T;True;1
1621268785000;14227066;1.21534;1.2154;1.21537;0;T;True;1
1621268786000;14227067;1.21534;1.2154;1.21537;0;T;True;1
1621268787000;14227069;1.21534;1.2154;1.21537;1;T;True;1
1621268788000;14227071;1.21534;1.2154;1.21537;1;T;True;1
1621268789000;14227073;1.21534;1.2154;1.21537;1;T;True;1
1621268790000;14227074;1.21534;1.2154;1.21537;0;T;True;1
1621268791000;14227075;1.21534;1.2154;1.21537;0;T;True;1
1621268792000;14227076;1.21534;1.2154;1.21537;0;T;True;1
1621268793000;14227078;1.21534;1.2154;1.21537;1;T;True;1
1621268794000;14227079;1.21534;1.2154;1.21537;0;T;True;1
1621268795000;14227081;1.21535;1.21541;1.21538;1;T;True;1
1621268796000;14227083;1.21534;1.2154;1.21537;1;T;True;1
1621268797000;14227089;1.21538;1.21544;1.21541;5;T;True;1
1621268798000;14227103;1.21548;1.21554;1.21551;13;T;True;1
1621268799000;14227108;1.21549;1.21555;1.21552;4;T;True;1
