ts;n;bid;ask;value;volume;phase;round;active_id
1621225662000;14111268;1.21302;1.21308;1.21305;1;T;True;1
1621225663000;14111269;1.21302;1.21308;1.21305;0;T;True;1
1621225664000;14111270;1.21302;1.21308;1.21305;0;T;True;1
1621225665000;14111272;1.21302;1.21308;1.21305;1;T;True;1
1621225666000;14111273;1.21302;1.21308;1.21305;0;T;True;1
1621225667000;14111275;1.21302;1.21308;1.21305;1;T;True;1
1621225668000;14111276;1.21302;1.21308;1.21305;0;T;True;1
1621225669000;14111277;1.21302;1.21308;1.21305;0;T;True;1
1621225670000;14111278;1.21302;1.21308;1.21305;0;T;True;1
1621225671000;14111279;1.21302;1.21308;1.21305;0;T;True;1
1621225672000;14111281;1.21302;1.21308;1.21305;1;T;True;1
1621225673000;14111282;1.21302;1.21308;1.21305;0;T;True;1
1621225674000;14111283;1.21302;1.21308;1.21305;0;T;True;1
1621225675000;14111287;1.21302;1.21308;1.21305;3;T;True;1
1621225676000;14111288;1.21302;1.21308;1.21305;0;T;True;1
1621225677000;14111291;1.21302;1.21308;1.21305;2;T;True;1
1621225678000;14111292;1.21302;1.21308;1.21305;0;T;True;1
1621225679000;14111295;1.21302;1.21308;1.21305;2;T;True;1
1621225680000;14111296;1.21302;1.21308;1.21305;0;T;True;1
1621225681000;14111297;1.21302;1.21308;1.21305;0;T;True;1
1621225682000;14111298;1.21302;1.21308;1.21305;0;T;True;1
1621225683000;14111299;1.21302;1.21308;1.21305;0;T;True;1
1621225684000;14111300;1.21302;1.21308;1.21305;0;T;True;1
1621225685000;14111301;1.21302;1.21308;1.21305;0;T;True;1
1621225686000;14111302;1.21302;1.21308;1.21305;0;T;True;1
1621225687000;14111303;1.21302;1.21308;1.21305;0;T;True;1
1621225688000;14111306;1.21301;1.21307;1.21304;2;T;True;1
1621225689000;14111312;1.213;1.21306;1.21303;5;T;True;1
1621225690000;14111320;1.21301;1.21307;1.21304;7;T;True;1
1621225691000;14111328;1.213;1.21306;1.21303;7;T;True;1
1621225692000;14111344;1.21298;1.21304;1.21301;15;T;True;1
1621225693000;14111350;1.21297;1.21303;1.213;5;T;True;1
1621225694000;14111367;1.21295;1.21301;1.21298;16;T;True;1
1621225695000;14111378;1.21294;1.213;1.21297;10;T;True;1
1621225696000;14111381;1.21294;1.213;1.21297;2;T;True;1
1621225697000;14111392;1.2129;1.21296;1.21293;10;T;True;1
1621225698000;14111400;1.2129;1.21296;1.21293;7;T;True;1
1621225699000;14111404;1.2129;1.21296;1.21293;3;T;True;1
1621225700000;14111408;1.2129;1.21296;1.21293;3;T;True;1
1621225701000;14111413;1.2129;1.21296;1.21293;4;T;True;1
1621225702000;14111418;1.21292;1.21298;1.21295;4;T;True;1
1621225703000;14111421;1.21292;1.21298;1.21295;2;T;True;1
1621225704000;14111422;1.21292;1.21298;1.21295;0;T;True;1
1621225705000;14111425;1.21292;1.21298;1.21295;2;T;True;1
1621225706000;14111426;1.21292;1.21298;1.21295;0;T;True;1
1621225707000;14111427;1.21292;1.21298;1.21295;0;T;True;1
1621225708000;14111428;1.21292;1.21298;1.21295;0;T;True;1
1621225709000;14111429;1.21292;1.21298;1.21295;0;T;True;1
1621225710000;14111430;1.21292;1.21298;1.21295;0;T;True;1
1621225711000;14111432;1.21291;1.21297;1.21294;1;T;True;1
1621225712000;14111433;1.21291;1.21297;1.21294;0;T;True;1
1621225713000;14111434;1.21291;1.21297;1.21294;0;T;True;1
1621225714000;14111437;1.21291;1.21297;1.21294;2;T;True;1
1621225715000;14111438;1.21291;1.21297;1.21294;0;T;True;1
1621225716000;14111439;1.21291;1.21297;1.21294;0;T;True;1
1621225717000;14111440;1.21291;1.21297;1.21294;0;T;True;1
1621225718000;14111442;1.21291;1.21297;1.21294;1;T;True;1
1621225719000;14111444;1.21291;1.21297;1.21294;1;T;True;1
1621225720000;14111445;1.21291;1.21297;1.21294;0;T;True;1
1621225721000;14111448;1.21291;1.21297;1.21294;2;T;True;1
1621225722000;14111453;1.21291;1.21297;1.21294;4;T;True;1
1621225723000;14111456;1.21291;1.21297;1.21294;2;T;True;1
1621225724000;14111457;1.21291;1.21297;1.21294;0;T;True;1
1621225725000;14111459;1.21291;1.21297;1.21294;1;T;True;1
1621225726000;14111463;1.21291;1.21297;1.21294;3;T;True;1
1621225727000;14111468;1.21291;1.21297;1.21294;4;T;True;1
1621225728000;14111470;1.21292;1.21298;1.21295;1;T;True;1
1621225729000;14111471;1.21292;1.21298;1.21295;0;T;True;1
1621225730000;14111472;1.21292;1.21298;1.21295;0;T;True;1
1621225731000;14111473;1.21292;1.21298;1.21295;0;T;True;1
1621225732000;14111474;1.21292;1.21298;1.21295;0;T;True;1
1621225733000;14111475;1.21292;1.21298;1.21295;0;T;True;1
1621225734000;14111477;1.21291;1.21297;1.21294;1;T;True;1
1621225735000;14111480;1.21291;1.21297;1.21294;2;T;True;1
1621225736000;14111481;1.21291;1.21297;1.21294;0;T;True;1
1621225737000;14111482;1.21291;1.21297;1.21294;0;T;True;1
1621225738000;14111491;1.2129;1.21296;1.21293;8;T;True;1
1621225739000;14111493;1.2129;1.21296;1.21293;1;T;True;1
1621225740000;14111495;1.21291;1.21297;1.21294;1;T;True;1
1621225741000;14111498;1.21291;1.21297;1.21294;2;T;True;1
1621225742000;14111500;1.21291;1.21297;1.21294;1;T;True;1
1621225743000;14111502;1.21291;1.21297;1.21294;1;T;True;1
1621225744000;14111504;1.21291;1.21297;1.21294;1;T;True;1
1621225745000;14111505;1.21291;1.21297;1.21294;0;T;True;1
1621225746000;14111506;1.21291;1.21297;1.21294;0;T;True;1
1621225747000;14111509;1.21291;1.21297;1.21294;2;T;True;1
1621225748000;14111510;1.21291;1.21297;1.21294;0;T;True;1
1621225749000;14111514;1.2129;1.21296;1.21293;3;T;True;1
1621225750000;14111516;1.21291;1.21297;1.21294;1;T;True;1
1621225751000;14111517;1.21291;1.21297;1.21294;0;T;True;1
1621225752000;14111519;1.2129;1.21296;1.21293;1;T;True;1
1621225753000;14111527;1.2129;1.21296;1.21293;7;T;True;1
1621225754000;14111529;1.2129;1.21296;1.21293;1;T;True;1
1621225755000;14111530;1.2129;1.21296;1.21293;0;T;True;1
1621225756000;14111531;1.2129;1.21296;1.21293;0;T;True;1
1621225757000;14111533;1.2129;1.21296;1.21293;1;T;True;1
1621225758000;14111537;1.2129;1.21296;1.21293;3;T;True;1
1621225759000;14111539;1.2129;1.21296;1.21293;1;T;True;1
1621225760000;14111540;1.2129;1.21296;1.21293;0;T;True;1
1621225761000;14111542;1.2129;1.21296;1.21293;1;T;True;1
1621225762000;14111545;1.2129;1.21296;1.21293;2;T;True;1
1621225763000;14111547;1.2129;1.21296;1.21293;1;T;True;1
1621225764000;14111548;1.2129;1.21296;1.21293;0;T;True;1
1621225765000;14111549;1.2129;1.21296;1.21293;0;T;True;1
1621225766000;14111550;1.2129;1.21296;1.21293;0;T;True;1
1621225767000;14111556;1.2129;1.21296;1.21293;5;T;True;1
1621225768000;14111558;1.2129;1.21296;1.21293;1;T;True;1
1621225769000;14111560;1.2129;1.21296;1.21293;1;T;True;1
1621225770000;14111568;1.2129;1.21296;1.21293;7;T;True;1
1621225771000;14111569;1.2129;1.21296;1.21293;0;T;True;1
1621225772000;14111571;1.2129;1.21296;1.21293;1;T;True;1
1621225773000;14111575;1.2129;1.21296;1.21293;3;T;True;1
1621225774000;14111577;1.2129;1.21296;1.21293;1;T;True;1
1621225775000;14111578;1.2129;1.21296;1.21293;0;T;True;1
1621225776000;14111579;1.2129;1.21296;1.21293;0;T;True;1
1621225777000;14111581;1.2129;1.21296;1.21293;1;T;True;1
1621225778000;14111582;1.2129;1.21296;1.21293;0;T;True;1
1621225779000;14111587;1.2129;1.21296;1.21293;4;T;True;1
1621225780000;14111589;1.2129;1.21296;1.21293;1;T;True;1
1621225781000;14111592;1.2129;1.21296;1.21293;2;T;True;1
1621225782000;14111593;1.2129;1.21296;1.21293;0;T;True;1
1621225783000;14111594;1.2129;1.21296;1.21293;0;T;True;1
1621225784000;14111596;1.2129;1.21296;1.21293;1;T;True;1
1621225785000;14111597;1.2129;1.21296;1.21293;0;T;True;1
1621225786000;14111605;1.2129;1.21296;1.21293;7;T;True;1
1621225787000;14111611;1.2129;1.21296;1.21293;5;T;True;1
1621225788000;14111612;1.2129;1.21296;1.21293;0;T;True;1
1621225789000;14111613;1.2129;1.21296;1.21293;0;T;True;1
1621225790000;14111614;1.2129;1.21296;1.21293;0;T;True;1
1621225791000;14111615;1.2129;1.21296;1.21293;0;T;True;1
1621225792000;14111616;1.2129;1.21296;1.21293;0;T;True;1
1621225793000;14111617;1.2129;1.21296;1.21293;0;T;True;1
1621225794000;14111618;1.2129;1.21296;1.21293;0;T;True;1
1621225795000;14111620;1.2129;1.21296;1.21293;1;T;True;1
1621225796000;14111621;1.2129;1.21296;1.21293;0;T;True;1
1621225797000;14111623;1.2129;1.21296;1.21293;1;T;True;1
1621225798000;14111625;1.21291;1.21297;1.21294;1;T;True;1
1621225799000;14111630;1.21288;1.21294;1.21291;4;T;True;1
1621225800000;14111637;1.21286;1.21292;1.21289;6;T;True;1
1621225801000;14111640;1.21286;1.21292;1.21289;2;T;True;1
1621225802000;14111642;1.21287;1.21293;1.2129;1;T;True;1
1621225803000;14111644;1.21287;1.21293;1.2129;1;T;True;1
1621225804000;14111645;1.21287;1.21293;1.2129;0;T;True;1
1621225805000;14111646;1.21287;1.21293;1.2129;0;T;True;1
1621225806000;14111647;1.21287;1.21293;1.2129;0;T;True;1
1621225807000;14111649;1.21288;1.21294;1.21291;1;T;True;1
1621225808000;14111651;1.21288;1.21294;1.21291;1;T;True;1
1621225809000;14111652;1.21288;1.21294;1.21291;0;T;True;1
1621225810000;14111653;1.21288;1.21294;1.21291;0;T;True;1
1621225811000;14111654;1.21288;1.21294;1.21291;0;T;True;1
1621225812000;14111655;1.21288;1.21294;1.21291;0;T;True;1
1621225813000;14111656;1.21288;1.21294;1.21291;0;T;True;1
1621225814000;14111666;1.21288;1.21294;1.21291;9;T;True;1
1621225815000;14111677;1.2129;1.21296;1.21293;10;T;True;1
1621225816000;14111680;1.2129;1.21296;1.21293;2;T;True;1
1621225817000;14111683;1.2129;1.21296;1.21293;2;T;True;1
1621225818000;14111685;1.21292;1.21298;1.21295;1;T;True;1
1621225819000;14111687;1.21291;1.21297;1.21294;1;T;True;1
1621225820000;14111689;1.21292;1.21298;1.21295;1;T;True;1
1621225821000;14111700;1.21295;1.21301;1.21298;10;T;True;1
1621225822000;14111702;1.21296;1.21302;1.21299;1;T;True;1
1621225823000;14111706;1.21293;1.21299;1.21296;3;T;True;1
1621225824000;14111709;1.21292;1.21298;1.21295;2;T;True;1
1621225825000;14111710;1.21292;1.21298;1.21295;0;T;True;1
1621225826000;14111711;1.21292;1.21298;1.21295;0;T;True;1
1621225827000;14111712;1.21292;1.21298;1.21295;0;T;True;1
1621225828000;14111713;1.21292;1.21298;1.21295;0;T;True;1
1621225829000;14111714;1.21292;1.21298;1.21295;0;T;True;1
1621225830000;14111724;1.21295;1.21301;1.21298;9;T;True;1
1621225831000;14111728;1.21296;1.21302;1.21299;3;T;True;1
1621225832000;14111729;1.21296;1.21302;1.21299;0;T;True;1
1621225833000;14111730;1.21296;1.21302;1.21299;0;T;True;1
1621225834000;14111731;1.21296;1.21302;1.21299;0;T;True;1
1621225835000;14111732;1.21296;1.21302;1.21299;0;T;True;1
1621225836000;14111733;1.21296;1.21302;1.21299;0;T;True;1
1621225837000;14111734;1.21296;1.21302;1.21299;0;T;True;1
1621225838000;14111738;1.213;1.21306;1.21303;3;T;True;1
1621225839000;14111740;1.213;1.21306;1.21303;1;T;True;1
1621225840000;14111741;1.213;1.21306;1.21303;0;T;True;1
1621225841000;14111742;1.213;1.21306;1.21303;0;T;True;1
1621225842000;14111744;1.213;1.21306;1.21303;1;T;True;1
1621225843000;14111746;1.21299;1.21305;1.21302;1;T;True;1
1621225844000;14111747;1.21299;1.21305;1.21302;0;T;True;1
1621225845000;14111754;1.21297;1.21303;1.213;6;T;True;1
1621225846000;14111758;1.21296;1.21302;1.21299;3;T;True;1
1621225847000;14111759;1.21296;1.21302;1.21299;0;T;True;1
1621225848000;14111761;1.21296;1.21302;1.21299;1;T;True;1
1621225849000;14111762;1.21296;1.21302;1.21299;0;T;True;1
1621225850000;14111768;1.21299;1.21305;1.21302;5;T;True;1
1621225851000;14111769;1.21299;1.21305;1.21302;0;T;True;1
1621225852000;14111770;1.21299;1.21305;1.21302;0;T;True;1
1621225853000;14111772;1.213;1.21306;1.21303;1;T;True;1
1621225854000;14111773;1.213;1.21306;1.21303;0;T;True;1
1621225855000;14111774;1.213;1.21306;1.21303;0;T;True;1
1621225856000;14111775;1.213;1.21306;1.21303;0;T;True;1
1621225857000;14111776;1.213;1.21306;1.21303;0;T;True;1
1621225858000;14111778;1.213;1.21306;1.21303;1;T;True;1
1621225859000;14111780;1.213;1.21306;1.21303;1;T;True;1
1621225860000;14111781;1.213;1.21306;1.21303;0;T;True;1
1621225861000;14111784;1.213;1.21306;1.21303;2;T;True;1
1621225862000;14111789;1.21297;1.21303;1.213;4;T;True;1
1621225863000;14111795;1.21296;1.21302;1.21299;5;T;True;1
1621225864000;14111796;1.21296;1.21302;1.21299;0;T;True;1
1621225865000;14111797;1.21296;1.21302;1.21299;0;T;True;1
1621225866000;14111799;1.21296;1.21302;1.21299;1;T;True;1
1621225867000;14111800;1.21296;1.21302;1.21299;0;T;True;1
1621225868000;14111801;1.21296;1.21302;1.21299;0;T;True;1
1621225869000;14111802;1.21296;1.21302;1.21299;0;T;True;1
1621225870000;14111805;1.21298;1.21304;1.21301;2;T;True;1
1621225871000;14111809;1.213;1.21306;1.21303;3;T;True;1
1621225872000;14111813;1.21301;1.21307;1.21304;3;T;True;1
1621225873000;14111814;1.21301;1.21307;1.21304;0;T;True;1
1621225874000;14111815;1.21301;1.21307;1.21304;0;T;True;1
1621225875000;14111824;1.21294;1.213;1.21297;8;T;True;1
1621225876000;14111828;1.21294;1.213;1.21297;3;T;True;1
1621225877000;14111829;1.21294;1.213;1.21297;0;T;True;1
1621225878000;14111830;1.21294;1.213;1.21297;0;T;True;1
1621225879000;14111837;1.21294;1.213;1.21297;6;T;True;1
1621225880000;14111838;1.21294;1.213;1.21297;0;T;True;1
1621225881000;14111839;1.21294;1.213;1.21297;0;T;True;1
1621225882000;14111840;1.21294;1.213;1.21297;0;T;True;1
1621225883000;14111842;1.21294;1.213;1.21297;1;T;True;1
1621225884000;14111845;1.21296;1.21302;1.21299;2;T;True;1
1621225885000;14111846;1.21296;1.21302;1.21299;0;T;True;1
1621225886000;14111848;1.21298;1.21304;1.21301;1;T;True;1
1621225887000;14111851;1.21298;1.21304;1.21301;2;T;True;1
1621225888000;14111852;1.21298;1.21304;1.21301;0;T;True;1
1621225889000;14111853;1.21298;1.21304;1.21301;0;T;True;1
1621225890000;14111854;1.21298;1.21304;1.21301;0;T;True;1
1621225891000;14111856;1.21298;1.21304;1.21301;1;T;True;1
1621225892000;14111864;1.213;1.21306;1.21303;7;T;True;1
1621225893000;14111868;1.213;1.21306;1.21303;3;T;True;1
1621225894000;14111871;1.21302;1.21308;1.21305;2;T;True;1
1621225895000;14111872;1.21302;1.21308;1.21305;0;T;True;1
1621225896000;14111873;1.21302;1.21308;1.21305;0;T;True;1
1621225897000;14111874;1.21302;1.21308;1.21305;0;T;True;1
1621225898000;14111875;1.21302;1.21308;1.21305;0;T;True;1
1621225899000;14111876;1.21302;1.21308;1.21305;0;T;True;1
1621225900000;14111879;1.21302;1.21308;1.21305;2;T;True;1
1621225901000;14111881;1.21302;1.21308;1.21305;1;T;True;1
1621225902000;14111884;1.21302;1.21308;1.21305;2;T;True;1
1621225903000;14111885;1.21302;1.21308;1.21305;0;T;True;1
1621225904000;14111887;1.21302;1.21308;1.21305;1;T;True;1
1621225905000;14111896;1.21304;1.2131;1.21307;8;T;True;1
1621225906000;14111897;1.21304;1.2131;1.21307;0;T;True;1
1621225907000;14111902;1.21306;1.21312;1.21309;4;T;True;1
1621225908000;14111903;1.21306;1.21312;1.21309;0;T;True;1
1621225909000;14111905;1.21306;1.21312;1.21309;1;T;True;1
1621225910000;14111906;1.21306;1.21312;1.21309;0;T;True;1
1621225911000;14111907;1.21306;1.21312;1.21309;0;T;True;1
1621225912000;14111909;1.21306;1.21312;1.21309;1;T;True;1
1621225913000;14111916;1.21303;1.21309;1.21306;6;T;True;1
1621225914000;14111917;1.21303;1.21309;1.21306;0;T;True;1
1621225915000;14111918;1.21303;1.21309;1.21306;0;T;True;1
1621225916000;14111919;1.21303;1.21309;1.21306;0;T;True;1
1621225917000;14111920;1.21303;1.21309;1.21306;0;T;True;1
1621225918000;14111922;1.21303;1.21309;1.21306;1;T;True;1
1621225919000;14111923;1.21303;1.21309;1.21306;0;T;True;1
1621225920000;14111925;1.21304;1.2131;1.21307;1;T;True;1
1621225921000;14111926;1.21304;1.2131;1.21307;0;T;True;1
1621225922000;14111930;1.21305;1.21311;1.21308;3;T;True;1
1621225923000;14111932;1.21304;1.2131;1.21307;1;T;True;1
1621225924000;14111933;1.21304;1.2131;1.21307;0;T;True;1
1621225925000;14111937;1.21304;1.2131;1.21307;3;T;True;1
1621225926000;14111943;1.21305;1.21311;1.21308;5;T;True;1
1621225927000;14111946;1.21305;1.21311;1.21308;2;T;True;1
1621225928000;14111947;1.21305;1.21311;1.21308;0;T;True;1
1621225929000;14111952;1.21306;1.21312;1.21309;4;T;True;1
1621225930000;14111953;1.21306;1.21312;1.21309;0;T;True;1
1621225931000;14111955;1.21308;1.21314;1.21311;1;T;True;1
1621225932000;14111957;1.21308;1.21314;1.21311;1;T;True;1
1621225933000;14111958;1.21308;1.21314;1.21311;0;T;True;1
1621225934000;14111959;1.21308;1.21314;1.21311;0;T;True;1
1621225935000;14111960;1.21308;1.21314;1.21311;0;T;True;1
1621225936000;14111961;1.21308;1.21314;1.21311;0;T;True;1
1621225937000;14111962;1.21308;1.21314;1.21311;0;T;True;1
1621225938000;14111963;1.21308;1.21314;1.21311;0;T;True;1
1621225939000;14111964;1.21308;1.21314;1.21311;0;T;True;1
1621225940000;14111966;1.21307;1.21313;1.2131;1;T;True;1
1621225941000;14111967;1.21307;1.21313;1.2131;0;T;True;1
1621225942000;14111968;1.21307;1.21313;1.2131;0;T;True;1
1621225943000;14111971;1.21307;1.21313;1.2131;2;T;True;1
1621225944000;14111972;1.21307;1.21313;1.2131;0;T;True;1
1621225945000;14111973;1.21307;1.21313;1.2131;0;T;True;1
1621225946000;14111974;1.21307;1.21313;1.2131;0;T;True;1
1621225947000;14111979;1.21307;1.21313;1.2131;4;T;True;1
1621225948000;14111980;1.21307;1.21313;1.2131;0;T;True;1
1621225949000;14111982;1.21307;1.21313;1.2131;1;T;True;1
1621225950000;14111984;1.21308;1.21314;1.21311;1;T;True;1
1621225951000;14111989;1.21308;1.21314;1.21311;4;T;True;1
1621225952000;14111990;1.21308;1.21314;1.21311;0;T;True;1
1621225953000;14111991;1.21308;1.21314;1.21311;0;T;True;1
1621225954000;14111992;1.21308;1.21314;1.21311;0;T;True;1
1621225955000;14111994;1.21309;1.21315;1.21312;1;T;True;1
1621225956000;14111995;1.21309;1.21315;1.21312;0;T;True;1
1621225957000;14111997;1.21308;1.21314;1.21311;1;T;True;1
1621225958000;14111998;1.21308;1.21314;1.21311;0;T;True;1
1621225959000;14111999;1.21308;1.21314;1.21311;0;T;True;1
1621225960000;14112002;1.2131;1.21316;1.21313;2;T;True;1
1621225961000;14112005;1.21312;1.21318;1.21315;2;T;True;1
1621225962000;14112008;1.21312;1.21318;1.21315;2;T;True;1
1621225963000;14112009;1.21312;1.21318;1.21315;0;T;True;1
1621225964000;14112010;1.21312;1.21318;1.21315;0;T;True;1
1621225965000;14112013;1.21312;1.21318;1.21315;2;T;True;1
1621225966000;14112022;1.21318;1.21324;1.21321;8;T;True;1
1621225967000;14112024;1.21318;1.21324;1.21321;1;T;True;1
1621225968000;14112025;1.21318;1.21324;1.21321;0;T;True;1
1621225969000;14112026;1.21318;1.21324;1.21321;0;T;True;1
1621225970000;14112028;1.21318;1.21324;1.21321;1;T;True;1
1621225971000;14112029;1.21318;1.21324;1.21321;0;T;True;1
1621225972000;14112037;1.2132;1.21326;1.21323;7;T;True;1
1621225973000;14112040;1.21321;1.21327;1.21324;2;T;True;1
1621225974000;14112041;1.21321;1.21327;1.21324;0;T;True;1
1621225975000;14112043;1.2132;1.21326;1.21323;1;T;True;1
1621225976000;14112044;1.2132;1.21326;1.21323;0;T;True;1
1621225977000;14112045;1.2132;1.21326;1.21323;0;T;True;1
1621225978000;14112050;1.2132;1.21326;1.21323;4;T;True;1
1621225979000;14112052;1.21319;1.21325;1.21322;1;T;True;1
1621225980000;14112058;1.2132;1.21326;1.21323;5;T;True;1
1621225981000;14112059;1.2132;1.21326;1.21323;0;T;True;1
1621225982000;14112060;1.2132;1.21326;1.21323;0;T;True;1
1621225983000;14112065;1.21319;1.21325;1.21322;4;T;True;1
1621225984000;14112070;1.2132;1.21326;1.21323;4;T;True;1
1621225985000;14112071;1.2132;1.21326;1.21323;0;T;True;1
1621225986000;14112075;1.2132;1.21326;1.21323;3;T;True;1
1621225987000;14112076;1.2132;1.21326;1.21323;0;T;True;1
1621225988000;14112078;1.21318;1.21324;1.21321;1;T;True;1
1621225989000;14112080;1.21318;1.21324;1.21321;1;T;True;1
1621225990000;14112081;1.21318;1.21324;1.21321;0;T;True;1
1621225991000;14112082;1.21318;1.21324;1.21321;0;T;True;1
1621225992000;14112085;1.21318;1.21324;1.21321;2;T;True;1
1621225993000;14112086;1.21318;1.21324;1.21321;0;T;True;1
1621225994000;14112088;1.21318;1.21324;1.21321;1;T;True;1
1621225995000;14112089;1.21318;1.21324;1.21321;0;T;True;1
1621225996000;14112090;1.21318;1.21324;1.21321;0;T;True;1
1621225997000;14112091;1.21318;1.21324;1.21321;0;T;True;1
1621225998000;14112094;1.21318;1.21324;1.21321;2;T;True;1
1621225999000;14112095;1.21318;1.21324;1.21321;0;T;True;1
1621226000000;14112096;1.21318;1.21324;1.21321;0;T;True;1
1621226001000;14112098;1.21319;1.21325;1.21322;1;T;True;1
1621226002000;14112105;1.21321;1.21327;1.21324;6;T;True;1
1621226003000;14112106;1.21321;1.21327;1.21324;0;T;True;1
1621226004000;14112108;1.21321;1.21327;1.21324;1;T;True;1
1621226005000;14112109;1.21321;1.21327;1.21324;0;T;True;1
1621226006000;14112111;1.21321;1.21327;1.21324;1;T;True;1
1621226007000;14112112;1.21321;1.21327;1.21324;0;T;True;1
1621226008000;14112113;1.21321;1.21327;1.21324;0;T;True;1
1621226009000;14112115;1.21321;1.21327;1.21324;1;T;True;1
1621226010000;14112116;1.21321;1.21327;1.21324;0;T;True;1
1621226011000;14112117;1.21321;1.21327;1.21324;0;T;True;1
1621226012000;14112118;1.21321;1.21327;1.21324;0;T;True;1
1621226013000;14112119;1.21321;1.21327;1.21324;0;T;True;1
1621226014000;14112120;1.21321;1.21327;1.21324;0;T;True;1
1621226015000;14112121;1.21321;1.21327;1.21324;0;T;True;1
1621226016000;14112124;1.2132;1.21326;1.21323;2;T;True;1
1621226017000;14112125;1.2132;1.21326;1.21323;0;T;True;1
1621226018000;14112126;1.2132;1.21326;1.21323;0;T;True;1
1621226019000;14112127;1.2132;1.21326;1.21323;0;T;True;1
1621226020000;14112128;1.2132;1.21326;1.21323;0;T;True;1
1621226021000;14112129;1.2132;1.21326;1.21323;0;T;True;1
1621226022000;14112130;1.2132;1.21326;1.21323;0;T;True;1
1621226023000;14112131;1.2132;1.21326;1.21323;0;T;True;1
1621226024000;14112132;1.2132;1.21326;1.21323;0;T;True;1
1621226025000;14112133;1.2132;1.21326;1.21323;0;T;True;1
1621226026000;14112134;1.2132;1.21326;1.21323;0;T;True;1
1621226027000;14112135;1.2132;1.21326;1.21323;0;T;True;1
1621226028000;14112137;1.2132;1.21326;1.21323;1;T;True;1
1621226029000;14112140;1.21322;1.21328;1.21325;2;T;True;1
1621226030000;14112141;1.21322;1.21328;1.21325;0;T;True;1
1621226031000;14112142;1.21322;1.21328;1.21325;0;T;True;1
1621226032000;14112143;1.21322;1.21328;1.21325;0;T;True;1
1621226033000;14112145;1.21322;1.21328;1.21325;1;T;True;1
1621226034000;14112146;1.21322;1.21328;1.21325;0;T;True;1
1621226035000;14112147;1.21322;1.21328;1.21325;0;T;True;1
1621226036000;14112149;1.21322;1.21328;1.21325;1;T;True;1
1621226037000;14112150;1.21322;1.21328;1.21325;0;T;True;1
1621226038000;14112151;1.21322;1.21328;1.21325;0;T;True;1
1621226039000;14112152;1.21322;1.21328;1.21325;0;T;True;1
1621226040000;14112153;1.21322;1.21328;1.21325;0;T;True;1
1621226041000;14112154;1.21322;1.21328;1.21325;0;T;True;1
1621226042000;14112156;1.21322;1.21328;1.21325;1;T;True;1
1621226043000;14112157;1.21322;1.21328;1.21325;0;T;True;1
1621226044000;14112158;1.21322;1.21328;1.21325;0;T;True;1
1621226045000;14112159;1.21322;1.21328;1.21325;0;T;True;1
1621226046000;14112160;1.21322;1.21328;1.21325;0;T;True;1
1621226047000;14112161;1.21322;1.21328;1.21325;0;T;True;1
1621226048000;14112162;1.21322;1.21328;1.21325;0;T;True;1
1621226049000;14112163;1.21322;1.21328;1.21325;0;T;True;1
1621226050000;14112164;1.21322;1.21328;1.21325;0;T;True;1
1621226051000;14112165;1.21322;1.21328;1.21325;0;T;True;1
1621226052000;14112166;1.21322;1.21328;1.21325;0;T;True;1
1621226053000;14112167;1.21322;1.21328;1.21325;0;T;True;1
1621226054000;14112168;1.21322;1.21328;1.21325;0;T;True;1
1621226055000;14112169;1.21322;1.21328;1.21325;0;T;True;1
1621226056000;14112173;1.21322;1.21328;1.21325;3;T;True;1
1621226057000;14112174;1.21322;1.21328;1.21325;0;T;True;1
1621226058000;14112175;1.21322;1.21328;1.21325;0;T;True;1
1621226059000;14112176;1.21322;1.21328;1.21325;0;T;True;1
1621226060000;14112177;1.21322;1.21328;1.21325;0;T;True;1
1621226061000;14112178;1.21322;1.21328;1.21325;0;T;True;1
1621226062000;14112179;1.21322;1.21328;1.21325;0;T;True;1
1621226063000;14112180;1.21322;1.21328;1.21325;0;T;True;1
1621226064000;14112181;1.21322;1.21328;1.21325;0;T;True;1
1621226065000;14112182;1.21322;1.21328;1.21325;0;T;True;1
1621226066000;14112183;1.21322;1.21328;1.21325;0;T;True;1
1621226067000;14112184;1.21322;1.21328;1.21325;0;T;True;1
1621226068000;14112185;1.21322;1.21328;1.21325;0;T;True;1
1621226069000;14112186;1.21322;1.21328;1.21325;0;T;True;1
1621226070000;14112188;1.21323;1.21329;1.21326;1;T;True;1
1621226071000;14112189;1.21323;1.21329;1.21326;0;T;True;1
1621226072000;14112190;1.21323;1.21329;1.21326;0;T;True;1
1621226073000;14112191;1.21323;1.21329;1.21326;0;T;True;1
1621226074000;14112192;1.21323;1.21329;1.21326;0;T;True;1
1621226075000;14112194;1.21322;1.21328;1.21325;1;T;True;1
1621226076000;14112195;1.21322;1.21328;1.21325;0;T;True;1
1621226077000;14112196;1.21322;1.21328;1.21325;0;T;True;1
1621226078000;14112197;1.21322;1.21328;1.21325;0;T;True;1
1621226079000;14112199;1.21322;1.21328;1.21325;1;T;True;1
1621226080000;14112200;1.21322;1.21328;1.21325;0;T;True;1
1621226081000;14112201;1.21322;1.21328;1.21325;0;T;True;1
1621226082000;14112202;1.21322;1.21328;1.21325;0;T;True;1
1621226083000;14112203;1.21322;1.21328;1.21325;0;T;True;1
1621226084000;14112204;1.21322;1.21328;1.21325;0;T;True;1
1621226085000;14112205;1.21322;1.21328;1.21325;0;T;True;1
1621226086000;14112206;1.21322;1.21328;1.21325;0;T;True;1
1621226087000;14112208;1.21322;1.21328;1.21325;1;T;True;1
1621226088000;14112209;1.21322;1.21328;1.21325;0;T;True;1
1621226089000;14112216;1.21321;1.21327;1.21324;6;T;True;1
1621226090000;14112217;1.21321;1.21327;1.21324;0;T;True;1
1621226091000;14112218;1.21321;1.21327;1.21324;0;T;True;1
1621226092000;14112221;1.2132;1.21326;1.21323;2;T;True;1
1621226093000;14112222;1.2132;1.21326;1.21323;0;T;True;1
1621226094000;14112223;1.2132;1.21326;1.21323;0;T;True;1
1621226095000;14112226;1.21319;1.21325;1.21322;2;T;True;1
1621226096000;14112227;1.21319;1.21325;1.21322;0;T;True;1
1621226097000;14112229;1.21318;1.21324;1.21321;1;T;True;1
1621226098000;14112231;1.21318;1.21324;1.21321;1;T;True;1
1621226099000;14112232;1.21318;1.21324;1.21321;0;T;True;1
1621226100000;14112234;1.21318;1.21324;1.21321;1;T;True;1
1621226101000;14112241;1.2132;1.21326;1.21323;6;T;True;1
1621226102000;14112243;1.2132;1.21326;1.21323;1;T;True;1
1621226103000;14112244;1.2132;1.21326;1.21323;0;T;True;1
1621226104000;14112245;1.2132;1.21326;1.21323;0;T;True;1
1621226105000;14112246;1.2132;1.21326;1.21323;0;T;True;1
1621226106000;14112248;1.21321;1.21327;1.21324;1;T;True;1
1621226107000;14112249;1.21321;1.21327;1.21324;0;T;True;1
1621226108000;14112250;1.21321;1.21327;1.21324;0;T;True;1
1621226109000;14112258;1.21322;1.21328;1.21325;7;T;True;1
1621226110000;14112262;1.21323;1.21329;1.21326;3;T;True;1
1621226111000;14112264;1.21322;1.21328;1.21325;1;T;True;1
1621226112000;14112265;1.21322;1.21328;1.21325;0;T;True;1
1621226113000;14112266;1.21322;1.21328;1.21325;0;T;True;1
1621226114000;14112267;1.21322;1.21328;1.21325;0;T;True;1
1621226115000;14112271;1.21322;1.21328;1.21325;3;T;True;1
1621226116000;14112276;1.21322;1.21328;1.21325;4;T;True;1
1621226117000;14112280;1.21322;1.21328;1.21325;3;T;True;1
1621226118000;14112283;1.21322;1.21328;1.21325;2;T;True;1
1621226119000;14112284;1.21322;1.21328;1.21325;0;T;True;1
1621226120000;14112285;1.21322;1.21328;1.21325;0;T;True;1
1621226121000;14112286;1.21322;1.21328;1.21325;0;T;True;1
1621226122000;14112290;1.21324;1.2133;1.21327;3;T;True;1
1621226123000;14112293;1.21322;1.21328;1.21325;2;T;True;1
1621226124000;14112294;1.21322;1.21328;1.21325;0;T;True;1
1621226125000;14112295;1.21322;1.21328;1.21325;0;T;True;1
1621226126000;14112296;1.21322;1.21328;1.21325;0;T;True;1
1621226127000;14112298;1.21323;1.21329;1.21326;1;T;True;1
1621226128000;14112299;1.21323;1.21329;1.21326;0;T;True;1
1621226129000;14112300;1.21323;1.21329;1.21326;0;T;True;1
1621226130000;14112302;1.21323;1.21329;1.21326;1;T;True;1
1621226131000;14112303;1.21323;1.21329;1.21326;0;T;True;1
1621226132000;14112305;1.21322;1.21328;1.21325;1;T;True;1
1621226133000;14112307;1.21323;1.21329;1.21326;1;T;True;1
1621226134000;14112308;1.21323;1.21329;1.21326;0;T;True;1
1621226135000;14112310;1.21322;1.21328;1.21325;1;T;True;1
1621226136000;14112311;1.21322;1.21328;1.21325;0;T;True;1
1621226137000;14112312;1.21322;1.21328;1.21325;0;T;True;1
1621226138000;14112313;1.21322;1.21328;1.21325;0;T;True;1
1621226139000;14112314;1.21322;1.21328;1.21325;0;T;True;1
1621226140000;14112315;1.21322;1.21328;1.21325;0;T;True;1
1621226141000;14112319;1.2132;1.21326;1.21323;3;T;True;1
1621226142000;14112322;1.2132;1.21326;1.21323;2;T;True;1
1621226143000;14112325;1.2132;1.21326;1.21323;2;T;True;1
1621226144000;14112326;1.2132;1.21326;1.21323;0;T;True;1
1621226145000;14112328;1.2132;1.21326;1.21323;1;T;True;1
1621226146000;14112329;1.2132;1.21326;1.21323;0;T;True;1
1621226147000;14112333;1.21322;1.21328;1.21325;3;T;True;1
1621226148000;14112334;1.21322;1.21328;1.21325;0;T;True;1
1621226149000;14112335;1.21322;1.21328;1.21325;0;T;True;1
1621226150000;14112336;1.21322;1.21328;1.21325;0;T;True;1
1621226151000;14112337;1.21322;1.21328;1.21325;0;T;True;1
1621226152000;14112338;1.21322;1.21328;1.21325;0;T;True;1
1621226153000;14112344;1.21323;1.21329;1.21326;5;T;True;1
1621226154000;14112346;1.21322;1.21328;1.21325;1;T;True;1
1621226155000;14112348;1.21323;1.21329;1.21326;1;T;True;1
1621226156000;14112350;1.21323;1.21329;1.21326;1;T;True;1
1621226157000;14112351;1.21323;1.21329;1.21326;0;T;True;1
1621226158000;14112352;1.21323;1.21329;1.21326;0;T;True;1
1621226159000;14112353;1.21323;1.21329;1.21326;0;T;True;1
1621226160000;14112354;1.21323;1.21329;1.21326;0;T;True;1
1621226161000;14112358;1.21323;1.21329;1.21326;3;T;True;1
1621226162000;14112359;1.21323;1.21329;1.21326;0;T;True;1
1621226163000;14112361;1.21324;1.2133;1.21327;1;T;True;1
1621226164000;14112362;1.21324;1.2133;1.21327;0;T;True;1
1621226165000;14112363;1.21324;1.2133;1.21327;0;T;True;1
1621226166000;14112364;1.21324;1.2133;1.21327;0;T;True;1
1621226167000;14112365;1.21324;1.2133;1.21327;0;T;True;1
1621226168000;14112366;1.21324;1.2133;1.21327;0;T;True;1
1621226169000;14112367;1.21324;1.2133;1.21327;0;T;True;1
1621226170000;14112368;1.21324;1.2133;1.21327;0;T;True;1
1621226171000;14112369;1.21324;1.2133;1.21327;0;T;True;1
1621226172000;14112372;1.21322;1.21328;1.21325;2;T;True;1
1621226173000;14112376;1.21322;1.21328;1.21325;3;T;True;1
1621226174000;14112377;1.21322;1.21328;1.21325;0;T;True;1
1621226175000;14112382;1.21322;1.21328;1.21325;4;T;True;1
1621226176000;14112384;1.21322;1.21328;1.21325;1;T;True;1
1621226177000;14112386;1.21322;1.21328;1.21325;1;T;True;1
1621226178000;14112387;1.21322;1.21328;1.21325;0;T;True;1
1621226179000;14112389;1.21322;1.21328;1.21325;1;T;True;1
1621226180000;14112391;1.21322;1.21328;1.21325;1;T;True;1
1621226181000;14112392;1.21322;1.21328;1.21325;0;T;True;1
1621226182000;14112393;1.21322;1.21328;1.21325;0;T;True;1
1621226183000;14112394;1.21322;1.21328;1.21325;0;T;True;1
1621226184000;14112395;1.21322;1.21328;1.21325;0;T;True;1
1621226185000;14112406;1.21322;1.21328;1.21325;10;T;True;1
1621226186000;14112407;1.21322;1.21328;1.21325;0;T;True;1
1621226187000;14112409;1.21322;1.21328;1.21325;1;T;True;1
1621226188000;14112410;1.21322;1.21328;1.21325;0;T;True;1
1621226189000;14112411;1.21322;1.21328;1.21325;0;T;True;1
1621226190000;14112412;1.21322;1.21328;1.21325;0;T;True;1
1621226191000;14112415;1.21322;1.21328;1.21325;2;T;True;1
1621226192000;14112416;1.21322;1.21328;1.21325;0;T;True;1
1621226193000;14112417;1.21322;1.21328;1.21325;0;T;True;1
1621226194000;14112418;1.21322;1.21328;1.21325;0;T;True;1
1621226195000;14112419;1.21322;1.21328;1.21325;0;T;True;1
1621226196000;14112420;1.21322;1.21328;1.21325;0;T;True;1
1621226197000;14112421;1.21322;1.21328;1.21325;0;T;True;1
1621226198000;14112422;1.21322;1.21328;1.21325;0;T;True;1
1621226199000;14112425;1.21324;1.2133;1.21327;2;T;True;1
1621226200000;14112426;1.21324;1.2133;1.21327;0;T;True;1
1621226201000;14112427;1.21324;1.2133;1.21327;0;T;True;1
1621226202000;14112428;1.21324;1.2133;1.21327;0;T;True;1
1621226203000;14112432;1.21322;1.21328;1.21325;3;T;True;1
1621226204000;14112433;1.21322;1.21328;1.21325;0;T;True;1
1621226205000;14112434;1.21322;1.21328;1.21325;0;T;True;1
1621226206000;14112435;1.21322;1.21328;1.21325;0;T;True;1
1621226207000;14112436;1.21322;1.21328;1.21325;0;T;True;1
1621226208000;14112437;1.21322;1.21328;1.21325;0;T;True;1
1621226209000;14112438;1.21322;1.21328;1.21325;0;T;True;1
1621226210000;14112439;1.21322;1.21328;1.21325;0;T;True;1
1621226211000;14112440;1.21322;1.21328;1.21325;0;T;True;1
1621226212000;14112441;1.21322;1.21328;1.21325;0;T;True;1
1621226213000;14112442;1.21322;1.21328;1.21325;0;T;True;1
1621226214000;14112443;1.21322;1.21328;1.21325;0;T;True;1
1621226215000;14112445;1.21323;1.21329;1.21326;1;T;True;1
1621226216000;14112446;1.21323;1.21329;1.21326;0;T;True;1
1621226217000;14112447;1.21323;1.21329;1.21326;0;T;True;1
1621226218000;14112448;1.21323;1.21329;1.21326;0;T;True;1
1621226219000;14112449;1.21323;1.21329;1.21326;0;T;True;1
1621226220000;14112450;1.21323;1.21329;1.21326;0;T;True;1
1621226221000;14112451;1.21323;1.21329;1.21326;0;T;True;1
1621226222000;14112452;1.21323;1.21329;1.21326;0;T;True;1
1621226223000;14112453;1.21323;1.21329;1.21326;0;T;True;1
1621226224000;14112454;1.21323;1.21329;1.21326;0;T;True;1
1621226225000;14112457;1.21323;1.21329;1.21326;2;T;True;1
1621226226000;14112458;1.21323;1.21329;1.21326;0;T;True;1
1621226227000;14112459;1.21323;1.21329;1.21326;0;T;True;1
1621226228000;14112460;1.21323;1.21329;1.21326;0;T;True;1
1621226229000;14112461;1.21323;1.21329;1.21326;0;T;True;1
1621226230000;14112462;1.21323;1.21329;1.21326;0;T;True;1
1621226231000;14112463;1.21323;1.21329;1.21326;0;T;True;1
1621226232000;14112464;1.21323;1.21329;1.21326;0;T;True;1
1621226233000;14112467;1.21323;1.21329;1.21326;2;T;True;1
1621226234000;14112468;1.21323;1.21329;1.21326;0;T;True;1
1621226235000;14112470;1.21322;1.21328;1.21325;1;T;True;1
1621226236000;14112471;1.21322;1.21328;1.21325;0;T;True;1
1621226237000;14112472;1.21322;1.21328;1.21325;0;T;True;1
1621226238000;14112473;1.21322;1.21328;1.21325;0;T;True;1
1621226239000;14112474;1.21322;1.21328;1.21325;0;T;True;1
1621226240000;14112476;1.21322;1.21328;1.21325;1;T;True;1
1621226241000;14112477;1.21322;1.21328;1.21325;0;T;True;1
1621226242000;14112478;1.21322;1.21328;1.21325;0;T;True;1
1621226243000;14112479;1.21322;1.21328;1.21325;0;T;True;1
1621226244000;14112483;1.21322;1.21328;1.21325;3;T;True;1
1621226245000;14112484;1.21322;1.21328;1.21325;0;T;True;1
1621226246000;14112485;1.21322;1.21328;1.21325;0;T;True;1
1621226247000;14112486;1.21322;1.21328;1.21325;0;T;True;1
1621226248000;14112487;1.21322;1.21328;1.21325;0;T;True;1
1621226249000;14112488;1.21322;1.21328;1.21325;0;T;True;1
1621226250000;14112489;1.21322;1.21328;1.21325;0;T;True;1
1621226251000;14112491;1.21322;1.21328;1.21325;1;T;True;1
1621226252000;14112492;1.21322;1.21328;1.21325;0;T;True;1
1621226253000;14112493;1.21322;1.21328;1.21325;0;T;True;1
1621226254000;14112494;1.21322;1.21328;1.21325;0;T;True;1
1621226255000;14112495;1.21322;1.21328;1.21325;0;T;True;1
1621226256000;14112496;1.21322;1.21328;1.21325;0;T;True;1
1621226257000;14112497;1.21322;1.21328;1.21325;0;T;True;1
1621226258000;14112498;1.21322;1.21328;1.21325;0;T;True;1
1621226259000;14112499;1.21322;1.21328;1.21325;0;T;True;1
1621226260000;14112500;1.21322;1.21328;1.21325;0;T;True;1
1621226261000;14112501;1.21322;1.21328;1.21325;0;T;True;1
1621226262000;14112502;1.21322;1.21328;1.21325;0;T;True;1
1621226263000;14112503;1.21322;1.21328;1.21325;0;T;True;1
1621226264000;14112504;1.21322;1.21328;1.21325;0;T;True;1
1621226265000;14112508;1.2132;1.21326;1.21323;3;T;True;1
1621226266000;14112509;1.2132;1.21326;1.21323;0;T;True;1
1621226267000;14112516;1.2132;1.21326;1.21323;6;T;True;1
1621226268000;14112517;1.2132;1.21326;1.21323;0;T;True;1
1621226269000;14112518;1.2132;1.21326;1.21323;0;T;True;1
1621226270000;14112519;1.2132;1.21326;1.21323;0;T;True;1
1621226271000;14112520;1.2132;1.21326;1.21323;0;T;True;1
1621226272000;14112522;1.2132;1.21326;1.21323;1;T;True;1
1621226273000;14112526;1.21321;1.21327;1.21324;3;T;True;1
1621226274000;14112527;1.21321;1.21327;1.21324;0;T;True;1
1621226275000;14112528;1.21321;1.21327;1.21324;0;T;True;1
1621226276000;14112530;1.21322;1.21328;1.21325;1;T;True;1
1621226277000;14112531;1.21322;1.21328;1.21325;0;T;True;1
1621226278000;14112532;1.21322;1.21328;1.21325;0;T;True;1
1621226279000;14112543;1.21322;1.21328;1.21325;10;T;True;1
1621226280000;14112550;1.21322;1.21328;1.21325;6;T;True;1
1621226281000;14112552;1.21322;1.21328;1.21325;1;T;True;1
1621226282000;14112553;1.21322;1.21328;1.21325;0;T;True;1
1621226283000;14112554;1.21322;1.21328;1.21325;0;T;True;1
1621226284000;14112555;1.21322;1.21328;1.21325;0;T;True;1
1621226285000;14112556;1.21322;1.21328;1.21325;0;T;True;1
1621226286000;14112557;1.21322;1.21328;1.21325;0;T;True;1
1621226287000;14112558;1.21322;1.21328;1.21325;0;T;True;1
1621226288000;14112559;1.21322;1.21328;1.21325;0;T;True;1
1621226289000;14112560;1.21322;1.21328;1.21325;0;T;True;1
1621226290000;14112561;1.21322;1.21328;1.21325;0;T;True;1
1621226291000;14112562;1.21322;1.21328;1.21325;0;T;True;1
1621226292000;14112563;1.21322;1.21328;1.21325;0;T;True;1
1621226293000;14112566;1.21322;1.21328;1.21325;2;T;True;1
1621226294000;14112567;1.21322;1.21328;1.21325;0;T;True;1
1621226295000;14112568;1.21322;1.21328;1.21325;0;T;True;1
1621226296000;14112570;1.21322;1.21328;1.21325;1;T;True;1
1621226297000;14112571;1.21322;1.21328;1.21325;0;T;True;1
1621226298000;14112572;1.21322;1.21328;1.21325;0;T;True;1
1621226299000;14112573;1.21322;1.21328;1.21325;0;T;True;1
1621226300000;14112574;1.21322;1.21328;1.21325;0;T;True;1
1621226301000;14112575;1.21322;1.21328;1.21325;0;T;True;1
1621226302000;14112577;1.21322;1.21328;1.21325;1;T;True;1
1621226303000;14112578;1.21322;1.21328;1.21325;0;T;True;1
1621226304000;14112579;1.21322;1.21328;1.21325;0;T;True;1
1621226305000;14112581;1.21323;1.21329;1.21326;1;T;True;1
1621226306000;14112583;1.21324;1.2133;1.21327;1;T;True;1
1621226307000;14112584;1.21324;1.2133;1.21327;0;T;True;1
1621226308000;14112585;1.21324;1.2133;1.21327;0;T;True;1
1621226309000;14112586;1.21324;1.2133;1.21327;0;T;True;1
1621226310000;14112587;1.21324;1.2133;1.21327;0;T;True;1
1621226311000;14112588;1.21324;1.2133;1.21327;0;T;True;1
1621226312000;14112589;1.21324;1.2133;1.21327;0;T;True;1
1621226313000;14112590;1.21324;1.2133;1.21327;0;T;True;1
1621226314000;14112591;1.21324;1.2133;1.21327;0;T;True;1
1621226315000;14112593;1.21324;1.2133;1.21327;1;T;True;1
1621226316000;14112594;1.21324;1.2133;1.21327;0;T;True;1
1621226317000;14112595;1.21324;1.2133;1.21327;0;T;True;1
1621226318000;14112596;1.21324;1.2133;1.21327;0;T;True;1
1621226319000;14112597;1.21324;1.2133;1.21327;0;T;True;1
1621226320000;14112598;1.21324;1.2133;1.21327;0;T;True;1
1621226321000;14112599;1.21324;1.2133;1.21327;0;T;True;1
1621226322000;14112600;1.21324;1.2133;1.21327;0;T;True;1
1621226323000;14112601;1.21324;1.2133;1.21327;0;T;True;1
1621226324000;14112602;1.21324;1.2133;1.21327;0;T;True;1
1621226325000;14112603;1.21324;1.2133;1.21327;0;T;True;1
1621226326000;14112605;1.21323;1.21329;1.21326;1;T;True;1
1621226327000;14112606;1.21323;1.21329;1.21326;0;T;True;1
1621226328000;14112608;1.21322;1.21328;1.21325;1;T;True;1
1621226329000;14112609;1.21322;1.21328;1.21325;0;T;True;1
1621226330000;14112610;1.21322;1.21328;1.21325;0;T;True;1
1621226331000;14112611;1.21322;1.21328;1.21325;0;T;True;1
1621226332000;14112612;1.21322;1.21328;1.21325;0;T;True;1
1621226333000;14112613;1.21322;1.21328;1.21325;0;T;True;1
1621226334000;14112614;1.21322;1.21328;1.21325;0;T;True;1
1621226335000;14112615;1.21322;1.21328;1.21325;0;T;True;1
1621226336000;14112616;1.21322;1.21328;1.21325;0;T;True;1
1621226337000;14112617;1.21322;1.21328;1.21325;0;T;True;1
1621226338000;14112618;1.21322;1.21328;1.21325;0;T;True;1
1621226339000;14112619;1.21322;1.21328;1.21325;0;T;True;1
1621226340000;14112620;1.21322;1.21328;1.21325;0;T;True;1
1621226341000;14112622;1.21322;1.21328;1.21325;1;T;True;1
1621226342000;14112625;1.21324;1.2133;1.21327;2;T;True;1
1621226343000;14112627;1.21324;1.2133;1.21327;1;T;True;1
1621226344000;14112628;1.21324;1.2133;1.21327;0;T;True;1
1621226345000;14112629;1.21324;1.2133;1.21327;0;T;True;1
1621226346000;14112630;1.21324;1.2133;1.21327;0;T;True;1
1621226347000;14112631;1.21324;1.2133;1.21327;0;T;True;1
1621226348000;14112632;1.21324;1.2133;1.21327;0;T;True;1
1621226349000;14112633;1.21324;1.2133;1.21327;0;T;True;1
1621226350000;14112637;1.21322;1.21328;1.21325;3;T;True;1
1621226351000;14112638;1.21322;1.21328;1.21325;0;T;True;1
1621226352000;14112640;1.21322;1.21328;1.21325;1;T;True;1
1621226353000;14112641;1.21322;1.21328;1.21325;0;T;True;1
1621226354000;14112642;1.21322;1.21328;1.21325;0;T;True;1
1621226355000;14112643;1.21322;1.21328;1.21325;0;T;True;1
1621226356000;14112644;1.21322;1.21328;1.21325;0;T;True;1
1621226357000;14112645;1.21322;1.21328;1.21325;0;T;True;1
1621226358000;14112646;1.21322;1.21328;1.21325;0;T;True;1
1621226359000;14112647;1.21322;1.21328;1.21325;0;T;True;1
1621226360000;14112648;1.21322;1.21328;1.21325;0;T;True;1
1621226361000;14112649;1.21322;1.21328;1.21325;0;T;True;1
1621226362000;14112652;1.21322;1.21328;1.21325;2;T;True;1
1621226363000;14112653;1.21322;1.21328;1.21325;0;T;True;1
1621226364000;14112654;1.21322;1.21328;1.21325;0;T;True;1
1621226365000;14112655;1.21322;1.21328;1.21325;0;T;True;1
1621226366000;14112656;1.21322;1.21328;1.21325;0;T;True;1
1621226367000;14112660;1.21323;1.21329;1.21326;3;T;True;1
1621226368000;14112665;1.21325;1.21331;1.21328;4;T;True;1
1621226369000;14112676;1.21328;1.21334;1.21331;10;T;True;1
1621226370000;14112677;1.21328;1.21334;1.21331;0;T;True;1
1621226371000;14112681;1.21324;1.2133;1.21327;3;T;True;1
1621226372000;14112683;1.21323;1.21329;1.21326;1;T;True;1
1621226373000;14112685;1.21323;1.21329;1.21326;1;T;True;1
1621226374000;14112686;1.21323;1.21329;1.21326;0;T;True;1
1621226375000;14112692;1.21324;1.2133;1.21327;5;T;True;1
1621226376000;14112695;1.21326;1.21332;1.21329;2;T;True;1
1621226377000;14112699;1.21326;1.21332;1.21329;3;T;True;1
1621226378000;14112701;1.21327;1.21333;1.2133;1;T;True;1
1621226379000;14112703;1.21328;1.21334;1.21331;1;T;True;1
1621226380000;14112704;1.21328;1.21334;1.21331;0;T;True;1
1621226381000;14112705;1.21328;1.21334;1.21331;0;T;True;1
1621226382000;14112706;1.21328;1.21334;1.21331;0;T;True;1
1621226383000;14112707;1.21328;1.21334;1.21331;0;T;True;1
1621226384000;14112708;1.21328;1.21334;1.21331;0;T;True;1
1621226385000;14112709;1.21328;1.21334;1.21331;0;T;True;1
1621226386000;14112710;1.21328;1.21334;1.21331;0;T;True;1
1621226387000;14112717;1.21324;1.2133;1.21327;6;T;True;1
1621226388000;14112720;1.21324;1.2133;1.21327;2;T;True;1
1621226389000;14112721;1.21324;1.2133;1.21327;0;T;True;1
1621226390000;14112722;1.21324;1.2133;1.21327;0;T;True;1
1621226391000;14112723;1.21324;1.2133;1.21327;0;T;True;1
1621226392000;14112728;1.21326;1.21332;1.21329;4;T;True;1
1621226393000;14112730;1.21326;1.21332;1.21329;1;T;True;1
1621226394000;14112737;1.21326;1.21332;1.21329;6;T;True;1
1621226395000;14112739;1.21328;1.21334;1.21331;1;T;True;1
1621226396000;14112740;1.21328;1.21334;1.21331;0;T;True;1
1621226397000;14112741;1.21328;1.21334;1.21331;0;T;True;1
1621226398000;14112742;1.21328;1.21334;1.21331;0;T;True;1
1621226399000;14112743;1.21328;1.21334;1.21331;0;T;True;1
1621226400000;14112744;1.21328;1.21334;1.21331;0;T;True;1
1621226401000;14112745;1.21328;1.21334;1.21331;0;T;True;1
1621226402000;14112746;1.21328;1.21334;1.21331;0;T;True;1
1621226403000;14112747;1.21328;1.21334;1.21331;0;T;True;1
1621226404000;14112748;1.21328;1.21334;1.21331;0;T;True;1
1621226405000;14112750;1.21326;1.21332;1.21329;1;T;True;1
1621226406000;14112751;1.21326;1.21332;1.21329;0;T;True;1
1621226407000;14112752;1.21326;1.21332;1.21329;0;T;True;1
1621226408000;14112753;1.21326;1.21332;1.21329;0;T;True;1
1621226409000;14112754;1.21326;1.21332;1.21329;0;T;True;1
1621226410000;14112755;1.21326;1.21332;1.21329;0;T;True;1
1621226411000;14112756;1.21326;1.21332;1.21329;0;T;True;1
1621226412000;14112757;1.21326;1.21332;1.21329;0;T;True;1
1621226413000;14112758;1.21326;1.21332;1.21329;0;T;True;1
1621226414000;14112759;1.21326;1.21332;1.21329;0;T;True;1
1621226415000;14112761;1.21326;1.21332;1.21329;1;T;True;1
1621226416000;14112762;1.21326;1.21332;1.21329;0;T;True;1
1621226417000;14112763;1.21326;1.21332;1.21329;0;T;True;1
1621226418000;14112764;1.21326;1.21332;1.21329;0;T;True;1
1621226419000;14112765;1.21326;1.21332;1.21329;0;T;True;1
1621226420000;14112766;1.21326;1.21332;1.21329;0;T;True;1
1621226421000;14112768;1.21326;1.21332;1.21329;1;T;True;1
1621226422000;14112769;1.21326;1.21332;1.21329;0;T;True;1
1621226423000;14112770;1.21326;1.21332;1.21329;0;T;True;1
1621226424000;14112771;1.21326;1.21332;1.21329;0;T;True;1
1621226425000;14112772;1.21326;1.21332;1.21329;0;T;True;1
1621226426000;14112773;1.21326;1.21332;1.21329;0;T;True;1
1621226427000;14112774;1.21326;1.21332;1.21329;0;T;True;1
1621226428000;14112782;1.21324;1.2133;1.21327;7;T;True;1
1621226429000;14112786;1.21324;1.2133;1.21327;3;T;True;1
1621226430000;14112790;1.21324;1.2133;1.21327;3;T;True;1
1621226431000;14112791;1.21324;1.2133;1.21327;0;T;True;1
1621226432000;14112796;1.21324;1.2133;1.21327;4;T;True;1
1621226433000;14112798;1.21322;1.21328;1.21325;1;T;True;1
1621226434000;14112799;1.21322;1.21328;1.21325;0;T;True;1
1621226435000;14112800;1.21322;1.21328;1.21325;0;T;True;1
1621226436000;14112801;1.21322;1.21328;1.21325;0;T;True;1
1621226437000;14112802;1.21322;1.21328;1.21325;0;T;True;1
1621226438000;14112803;1.21322;1.21328;1.21325;0;T;True;1
1621226439000;14112805;1.21322;1.21328;1.21325;1;T;True;1
1621226440000;14112814;1.21325;1.21331;1.21328;8;T;True;1
1621226441000;14112817;1.21326;1.21332;1.21329;2;T;True;1
1621226442000;14112820;1.21326;1.21332;1.21329;2;T;True;1
1621226443000;14112821;1.21326;1.21332;1.21329;0;T;True;1
1621226444000;14112823;1.21326;1.21332;1.21329;1;T;True;1
1621226445000;14112824;1.21326;1.21332;1.21329;0;T;True;1
1621226446000;14112825;1.21326;1.21332;1.21329;0;T;True;1
1621226447000;14112826;1.21326;1.21332;1.21329;0;T;True;1
1621226448000;14112830;1.21328;1.21334;1.21331;3;T;True;1
1621226449000;14112831;1.21328;1.21334;1.21331;0;T;True;1
1621226450000;14112832;1.21328;1.21334;1.21331;0;T;True;1
1621226451000;14112836;1.2133;1.21336;1.21333;3;T;True;1
1621226452000;14112842;1.21332;1.21338;1.21335;5;T;True;1
1621226453000;14112844;1.21332;1.21338;1.21335;1;T;True;1
1621226454000;14112846;1.21332;1.21338;1.21335;1;T;True;1
1621226455000;14112847;1.21332;1.21338;1.21335;0;T;True;1
1621226456000;14112848;1.21332;1.21338;1.21335;0;T;True;1
1621226457000;14112849;1.21332;1.21338;1.21335;0;T;True;1
1621226458000;14112850;1.21332;1.21338;1.21335;0;T;True;1
1621226459000;14112853;1.21332;1.21338;1.21335;2;T;True;1
1621226460000;14112854;1.21332;1.21338;1.21335;0;T;True;1
1621226461000;14112856;1.21332;1.21338;1.21335;1;T;True;1
1621226462000;14112857;1.21332;1.21338;1.21335;0;T;True;1
1621226463000;14112863;1.21332;1.21338;1.21335;5;T;True;1
1621226464000;14112864;1.21332;1.21338;1.21335;0;T;True;1
1621226465000;14112865;1.21332;1.21338;1.21335;0;T;True;1
1621226466000;14112866;1.21332;1.21338;1.21335;0;T;True;1
1621226467000;14112869;1.21333;1.21339;1.21336;2;T;True;1
1621226468000;14112871;1.21334;1.2134;1.21337;1;T;True;1
1621226469000;14112874;1.21334;1.2134;1.21337;2;T;True;1
1621226470000;14112876;1.21333;1.21339;1.21336;1;T;True;1
1621226471000;14112877;1.21333;1.21339;1.21336;0;T;True;1
1621226472000;14112878;1.21333;1.21339;1.21336;0;T;True;1
1621226473000;14112879;1.21333;1.21339;1.21336;0;T;True;1
1621226474000;14112880;1.21333;1.21339;1.21336;0;T;True;1
1621226475000;14112881;1.21333;1.21339;1.21336;0;T;True;1
1621226476000;14112882;1.21333;1.21339;1.21336;0;T;True;1
1621226477000;14112883;1.21333;1.21339;1.21336;0;T;True;1
1621226478000;14112885;1.21333;1.21339;1.21336;1;T;True;1
1621226479000;14112886;1.21333;1.21339;1.21336;0;T;True;1
1621226480000;14112887;1.21333;1.21339;1.21336;0;T;True;1
1621226481000;14112888;1.21333;1.21339;1.21336;0;T;True;1
1621226482000;14112889;1.21333;1.21339;1.21336;0;T;True;1
1621226483000;14112891;1.21334;1.2134;1.21337;1;T;True;1
1621226484000;14112892;1.21334;1.2134;1.21337;0;T;True;1
1621226485000;14112894;1.21334;1.2134;1.21337;1;T;True;1
1621226486000;14112897;1.21334;1.2134;1.21337;2;T;True;1
1621226487000;14112898;1.21334;1.2134;1.21337;0;T;True;1
1621226488000;14112899;1.21334;1.2134;1.21337;0;T;True;1
1621226489000;14112900;1.21334;1.2134;1.21337;0;T;True;1
1621226490000;14112901;1.21334;1.2134;1.21337;0;T;True;1
1621226491000;14112902;1.21334;1.2134;1.21337;0;T;True;1
1621226492000;14112903;1.21334;1.2134;1.21337;0;T;True;1
1621226493000;14112906;1.21335;1.21341;1.21338;2;T;True;1
1621226494000;14112909;1.21338;1.21344;1.21341;2;T;True;1
1621226495000;14112910;1.21338;1.21344;1.21341;0;T;True;1
1621226496000;14112911;1.21338;1.21344;1.21341;0;T;True;1
1621226497000;14112917;1.21336;1.21342;1.21339;5;T;True;1
1621226498000;14112918;1.21336;1.21342;1.21339;0;T;True;1
1621226499000;14112921;1.21336;1.21342;1.21339;2;T;True;1
1621226500000;14112926;1.21334;1.2134;1.21337;4;T;True;1
1621226501000;14112930;1.21334;1.2134;1.21337;3;T;True;1
1621226502000;14112935;1.21334;1.2134;1.21337;4;T;True;1
1621226503000;14112936;1.21334;1.2134;1.21337;0;T;True;1
1621226504000;14112938;1.21334;1.2134;1.21337;1;T;True;1
1621226505000;14112939;1.21334;1.2134;1.21337;0;T;True;1
1621226506000;14112940;1.21334;1.2134;1.21337;0;T;True;1
1621226507000;14112942;1.21334;1.2134;1.21337;1;T;True;1
1621226508000;14112943;1.21334;1.2134;1.21337;0;T;True;1
1621226509000;14112946;1.21334;1.2134;1.21337;2;T;True;1
1621226510000;14112947;1.21334;1.2134;1.21337;0;T;True;1
1621226511000;14112949;1.21334;1.2134;1.21337;1;T;True;1
1621226512000;14112950;1.21334;1.2134;1.21337;0;T;True;1
1621226513000;14112951;1.21334;1.2134;1.21337;0;T;True;1
1621226514000;14112955;1.21332;1.21338;1.21335;3;T;True;1
1621226515000;14112956;1.21332;1.21338;1.21335;0;T;True;1
1621226516000;14112958;1.21332;1.21338;1.21335;1;T;True;1
1621226517000;14112959;1.21332;1.21338;1.21335;0;T;True;1
1621226518000;14112960;1.21332;1.21338;1.21335;0;T;True;1
1621226519000;14112961;1.21332;1.21338;1.21335;0;T;True;1
1621226520000;14112962;1.21332;1.21338;1.21335;0;T;True;1
1621226521000;14112963;1.21332;1.21338;1.21335;0;T;True;1
1621226522000;14112964;1.21332;1.21338;1.21335;0;T;True;1
1621226523000;14112965;1.21332;1.21338;1.21335;0;T;True;1
1621226524000;14112966;1.21332;1.21338;1.21335;0;T;True;1
1621226525000;14112967;1.21332;1.21338;1.21335;0;T;True;1
1621226526000;14112968;1.21332;1.21338;1.21335;0;T;True;1
1621226527000;14112969;1.21332;1.21338;1.21335;0;T;True;1
1621226528000;14112970;1.21332;1.21338;1.21335;0;T;True;1
1621226529000;14112971;1.21332;1.21338;1.21335;0;T;True;1
1621226530000;14112972;1.21332;1.21338;1.21335;0;T;True;1
1621226531000;14112973;1.21332;1.21338;1.21335;0;T;True;1
1621226532000;14112974;1.21332;1.21338;1.21335;0;T;True;1
1621226533000;14112975;1.21332;1.21338;1.21335;0;T;True;1
1621226534000;14112976;1.21332;1.21338;1.21335;0;T;True;1
1621226535000;14112977;1.21332;1.21338;1.21335;0;T;True;1
1621226536000;14112978;1.21332;1.21338;1.21335;0;T;True;1
1621226537000;14112979;1.21332;1.21338;1.21335;0;T;True;1
1621226538000;14112980;1.21332;1.21338;1.21335;0;T;True;1
1621226539000;14112981;1.21332;1.21338;1.21335;0;T;True;1
1621226540000;14112982;1.21332;1.21338;1.21335;0;T;True;1
1621226541000;14112984;1.21333;1.21339;1.21336;1;T;True;1
1621226542000;14112985;1.21333;1.21339;1.21336;0;T;True;1
1621226543000;14112986;1.21333;1.21339;1.21336;0;T;True;1
1621226544000;14112987;1.21333;1.21339;1.21336;0;T;True;1
1621226545000;14112988;1.21333;1.21339;1.21336;0;T;True;1
1621226546000;14112989;1.21333;1.21339;1.21336;0;T;True;1
1621226547000;14112990;1.21333;1.21339;1.21336;0;T;True;1
1621226548000;14112991;1.21333;1.21339;1.21336;0;T;True;1
1621226549000;14112992;1.21333;1.21339;1.21336;0;T;True;1
1621226550000;14112993;1.21333;1.21339;1.21336;0;T;True;1
1621226551000;14112995;1.21334;1.2134;1.21337;1;T;True;1
1621226552000;14112997;1.21334;1.2134;1.21337;1;T;True;1
1621226553000;14112998;1.21334;1.2134;1.21337;0;T;True;1
1621226554000;14112999;1.21334;1.2134;1.21337;0;T;True;1
1621226555000;14113000;1.21334;1.2134;1.21337;0;T;True;1
1621226556000;14113001;1.21334;1.2134;1.21337;0;T;True;1
1621226557000;14113002;1.21334;1.2134;1.21337;0;T;True;1
1621226558000;14113008;1.21332;1.21338;1.21335;5;T;True;1
1621226559000;14113009;1.21332;1.21338;1.21335;0;T;True;1
1621226560000;14113010;1.21332;1.21338;1.21335;0;T;True;1
1621226561000;14113012;1.21332;1.21338;1.21335;1;T;True;1
1621226562000;14113013;1.21332;1.21338;1.21335;0;T;True;1
1621226563000;14113014;1.21332;1.21338;1.21335;0;T;True;1
1621226564000;14113015;1.21332;1.21338;1.21335;0;T;True;1
1621226565000;14113016;1.21332;1.21338;1.21335;0;T;True;1
1621226566000;14113017;1.21332;1.21338;1.21335;0;T;True;1
1621226567000;14113018;1.21332;1.21338;1.21335;0;T;True;1
1621226568000;14113019;1.21332;1.21338;1.21335;0;T;True;1
1621226569000;14113020;1.21332;1.21338;1.21335;0;T;True;1
1621226570000;14113021;1.21332;1.21338;1.21335;0;T;True;1
1621226571000;14113022;1.21332;1.21338;1.21335;0;T;True;1
1621226572000;14113023;1.21332;1.21338;1.21335;0;T;True;1
1621226573000;14113024;1.21332;1.21338;1.21335;0;T;True;1
1621226574000;14113025;1.21332;1.21338;1.21335;0;T;True;1
1621226575000;14113026;1.21332;1.21338;1.21335;0;T;True;1
1621226576000;14113027;1.21332;1.21338;1.21335;0;T;True;1
1621226577000;14113028;1.21332;1.21338;1.21335;0;T;True;1
1621226578000;14113030;1.21332;1.21338;1.21335;1;T;True;1
1621226579000;14113031;1.21332;1.21338;1.21335;0;T;True;1
1621226580000;14113032;1.21332;1.21338;1.21335;0;T;True;1
1621226581000;14113033;1.21332;1.21338;1.21335;0;T;True;1
1621226582000;14113034;1.21332;1.21338;1.21335;0;T;True;1
1621226583000;14113035;1.21332;1.21338;1.21335;0;T;True;1
1621226584000;14113036;1.21332;1.21338;1.21335;0;T;True;1
1621226585000;14113037;1.21332;1.21338;1.21335;0;T;True;1
1621226586000;14113038;1.21332;1.21338;1.21335;0;T;True;1
1621226587000;14113039;1.21332;1.21338;1.21335;0;T;True;1
1621226588000;14113041;1.21332;1.21338;1.21335;1;T;True;1
1621226589000;14113042;1.21332;1.21338;1.21335;0;T;True;1
1621226590000;14113043;1.21332;1.21338;1.21335;0;T;True;1
1621226591000;14113044;1.21332;1.21338;1.21335;0;T;True;1
1621226592000;14113045;1.21332;1.21338;1.21335;0;T;True;1
1621226593000;14113046;1.21332;1.21338;1.21335;0;T;True;1
1621226594000;14113047;1.21332;1.21338;1.21335;0;T;True;1
1621226595000;14113048;1.21332;1.21338;1.21335;0;T;True;1
1621226596000;14113049;1.21332;1.21338;1.21335;0;T;True;1
1621226597000;14113050;1.21332;1.21338;1.21335;0;T;True;1
1621226598000;14113051;1.21332;1.21338;1.21335;0;T;True;1
1621226599000;14113052;1.21332;1.21338;1.21335;0;T;True;1
1621226600000;14113055;1.2133;1.21336;1.21333;2;T;True;1
1621226601000;14113056;1.2133;1.21336;1.21333;0;T;True;1
1621226602000;14113058;1.21328;1.21334;1.21331;1;T;True;1
1621226603000;14113059;1.21328;1.21334;1.21331;0;T;True;1
1621226604000;14113065;1.21332;1.21338;1.21335;5;T;True;1
1621226605000;14113066;1.21332;1.21338;1.21335;0;T;True;1
1621226606000;14113067;1.21332;1.21338;1.21335;0;T;True;1
1621226607000;14113068;1.21332;1.21338;1.21335;0;T;True;1
1621226608000;14113069;1.21332;1.21338;1.21335;0;T;True;1
1621226609000;14113070;1.21332;1.21338;1.21335;0;T;True;1
1621226610000;14113071;1.21332;1.21338;1.21335;0;T;True;1
1621226611000;14113072;1.21332;1.21338;1.21335;0;T;True;1
1621226612000;14113073;1.21332;1.21338;1.21335;0;T;True;1
1621226613000;14113075;1.21332;1.21338;1.21335;1;T;True;1
1621226614000;14113076;1.21332;1.21338;1.21335;0;T;True;1
1621226615000;14113077;1.21332;1.21338;1.21335;0;T;True;1
1621226616000;14113078;1.21332;1.21338;1.21335;0;T;True;1
1621226617000;14113079;1.21332;1.21338;1.21335;0;T;True;1
1621226618000;14113081;1.21332;1.21338;1.21335;1;T;True;1
1621226619000;14113082;1.21332;1.21338;1.21335;0;T;True;1
1621226620000;14113083;1.21332;1.21338;1.21335;0;T;True;1
1621226621000;14113084;1.21332;1.21338;1.21335;0;T;True;1
1621226622000;14113091;1.21322;1.21328;1.21325;6;T;True;1
1621226623000;14113096;1.21322;1.21328;1.21325;4;T;True;1
1621226624000;14113097;1.21322;1.21328;1.21325;0;T;True;1
1621226625000;14113098;1.21322;1.21328;1.21325;0;T;True;1
1621226626000;14113099;1.21322;1.21328;1.21325;0;T;True;1
1621226627000;14113100;1.21322;1.21328;1.21325;0;T;True;1
1621226628000;14113101;1.21322;1.21328;1.21325;0;T;True;1
1621226629000;14113102;1.21322;1.21328;1.21325;0;T;True;1
1621226630000;14113103;1.21322;1.21328;1.21325;0;T;True;1
1621226631000;14113105;1.21322;1.21328;1.21325;1;T;True;1
1621226632000;14113107;1.21322;1.21328;1.21325;1;T;True;1
1621226633000;14113108;1.21322;1.21328;1.21325;0;T;True;1
1621226634000;14113109;1.21322;1.21328;1.21325;0;T;True;1
1621226635000;14113110;1.21322;1.21328;1.21325;0;T;True;1
1621226636000;14113111;1.21322;1.21328;1.21325;0;T;True;1
1621226637000;14113112;1.21322;1.21328;1.21325;0;T;True;1
1621226638000;14113113;1.21322;1.21328;1.21325;0;T;True;1
1621226639000;14113114;1.21322;1.21328;1.21325;0;T;True;1
1621226640000;14113115;1.21322;1.21328;1.21325;0;T;True;1
1621226641000;14113116;1.21322;1.21328;1.21325;0;T;True;1
1621226642000;14113117;1.21322;1.21328;1.21325;0;T;True;1
1621226643000;14113119;1.21321;1.21327;1.21324;1;T;True;1
1621226644000;14113120;1.21321;1.21327;1.21324;0;T;True;1
1621226645000;14113121;1.21321;1.21327;1.21324;0;T;True;1
1621226646000;14113124;1.21322;1.21328;1.21325;2;T;True;1
1621226647000;14113130;1.21322;1.21328;1.21325;5;T;True;1
1621226648000;14113131;1.21322;1.21328;1.21325;0;T;True;1
1621226649000;14113135;1.21322;1.21328;1.21325;3;T;True;1
1621226650000;14113136;1.21322;1.21328;1.21325;0;T;True;1
1621226651000;14113139;1.21322;1.21328;1.21325;2;T;True;1
1621226652000;14113144;1.21324;1.2133;1.21327;4;T;True;1
1621226653000;14113146;1.21324;1.2133;1.21327;1;T;True;1
1621226654000;14113150;1.21322;1.21328;1.21325;3;T;True;1
1621226655000;14113151;1.21322;1.21328;1.21325;0;T;True;1
1621226656000;14113152;1.21322;1.21328;1.21325;0;T;True;1
1621226657000;14113154;1.21322;1.21328;1.21325;1;T;True;1
1621226658000;14113155;1.21322;1.21328;1.21325;0;T;True;1
1621226659000;14113157;1.21322;1.21328;1.21325;1;T;True;1
1621226660000;14113158;1.21322;1.21328;1.21325;0;T;True;1
1621226661000;14113160;1.21322;1.21328;1.21325;1;T;True;1
1621226662000;14113170;1.2132;1.21326;1.21323;9;T;True;1
1621226663000;14113172;1.2132;1.21326;1.21323;1;T;True;1
1621226664000;14113173;1.2132;1.21326;1.21323;0;T;True;1
1621226665000;14113176;1.21322;1.21328;1.21325;2;T;True;1
1621226666000;14113184;1.21322;1.21328;1.21325;7;T;True;1
1621226667000;14113186;1.21322;1.21328;1.21325;1;T;True;1
1621226668000;14113187;1.21322;1.21328;1.21325;0;T;True;1
1621226669000;14113188;1.21322;1.21328;1.21325;0;T;True;1
1621226670000;14113191;1.21322;1.21328;1.21325;2;T;True;1
1621226671000;14113194;1.21322;1.21328;1.21325;2;T;True;1
1621226672000;14113195;1.21322;1.21328;1.21325;0;T;True;1
1621226673000;14113196;1.21322;1.21328;1.21325;0;T;True;1
1621226674000;14113197;1.21322;1.21328;1.21325;0;T;True;1
1621226675000;14113198;1.21322;1.21328;1.21325;0;T;True;1
1621226676000;14113199;1.21322;1.21328;1.21325;0;T;True;1
1621226677000;14113200;1.21322;1.21328;1.21325;0;T;True;1
1621226678000;14113201;1.21322;1.21328;1.21325;0;T;True;1
1621226679000;14113202;1.21322;1.21328;1.21325;0;T;True;1
1621226680000;14113203;1.21322;1.21328;1.21325;0;T;True;1
1621226681000;14113204;1.21322;1.21328;1.21325;0;T;True;1
1621226682000;14113205;1.21322;1.21328;1.21325;0;T;True;1
1621226683000;14113207;1.21322;1.21328;1.21325;1;T;True;1
1621226684000;14113214;1.21324;1.2133;1.21327;6;T;True;1
1621226685000;14113222;1.2133;1.21336;1.21333;7;T;True;1
1621226686000;14113226;1.21329;1.21335;1.21332;3;T;True;1
1621226687000;14113233;1.21324;1.2133;1.21327;6;T;True;1
1621226688000;14113247;1.21322;1.21328;1.21325;13;T;True;1
1621226689000;14113257;1.21326;1.21332;1.21329;9;T;True;1
1621226690000;14113258;1.21326;1.21332;1.21329;0;T;True;1
1621226691000;14113259;1.21326;1.21332;1.21329;0;T;True;1
1621226692000;14113261;1.21325;1.21331;1.21328;1;T;True;1
1621226693000;14113262;1.21325;1.21331;1.21328;0;T;True;1
1621226694000;14113265;1.21325;1.21331;1.21328;2;T;True;1
1621226695000;14113266;1.21325;1.21331;1.21328;0;T;True;1
1621226696000;14113267;1.21325;1.21331;1.21328;0;T;True;1
1621226697000;14113268;1.21325;1.21331;1.21328;0;T;True;1
1621226698000;14113269;1.21325;1.21331;1.21328;0;T;True;1
1621226699000;14113271;1.21326;1.21332;1.21329;1;T;True;1
1621226700000;14113272;1.21326;1.21332;1.21329;0;T;True;1
1621226701000;14113275;1.21325;1.21331;1.21328;2;T;True;1
1621226702000;14113277;1.21326;1.21332;1.21329;1;T;True;1
1621226703000;14113278;1.21326;1.21332;1.21329;0;T;True;1
1621226704000;14113279;1.21326;1.21332;1.21329;0;T;True;1
1621226705000;14113282;1.21326;1.21332;1.21329;2;T;True;1
1621226706000;14113283;1.21326;1.21332;1.21329;0;T;True;1
1621226707000;14113284;1.21326;1.21332;1.21329;0;T;True;1
1621226708000;14113285;1.21326;1.21332;1.21329;0;T;True;1
1621226709000;14113288;1.21326;1.21332;1.21329;2;T;True;1
1621226710000;14113289;1.21326;1.21332;1.21329;0;T;True;1
1621226711000;14113290;1.21326;1.21332;1.21329;0;T;True;1
1621226712000;14113293;1.21326;1.21332;1.21329;2;T;True;1
1621226713000;14113295;1.21326;1.21332;1.21329;1;T;True;1
1621226714000;14113297;1.21326;1.21332;1.21329;1;T;True;1
1621226715000;14113301;1.21326;1.21332;1.21329;3;T;True;1
1621226716000;14113304;1.21326;1.21332;1.21329;2;T;True;1
1621226717000;14113306;1.21326;1.21332;1.21329;1;T;True;1
1621226718000;14113308;1.21326;1.21332;1.21329;1;T;True;1
1621226719000;14113309;1.21326;1.21332;1.21329;0;T;True;1
1621226720000;14113310;1.21326;1.21332;1.21329;0;T;True;1
1621226721000;14113311;1.21326;1.21332;1.21329;0;T;True;1
1621226722000;14113312;1.21326;1.21332;1.21329;0;T;True;1
1621226723000;14113313;1.21326;1.21332;1.21329;0;T;True;1
1621226724000;14113314;1.21326;1.21332;1.21329;0;T;True;1
1621226725000;14113315;1.21326;1.21332;1.21329;0;T;True;1
1621226726000;14113316;1.21326;1.21332;1.21329;0;T;True;1
1621226727000;14113321;1.21326;1.21332;1.21329;4;T;True;1
1621226728000;14113322;1.21326;1.21332;1.21329;0;T;True;1
1621226729000;14113323;1.21326;1.21332;1.21329;0;T;True;1
1621226730000;14113325;1.21326;1.21332;1.21329;1;T;True;1
1621226731000;14113326;1.21326;1.21332;1.21329;0;T;True;1
1621226732000;14113327;1.21326;1.21332;1.21329;0;T;True;1
1621226733000;14113331;1.21328;1.21334;1.21331;3;T;True;1
1621226734000;14113332;1.21328;1.21334;1.21331;0;T;True;1
1621226735000;14113333;1.21328;1.21334;1.21331;0;T;True;1
1621226736000;14113336;1.21328;1.21334;1.21331;2;T;True;1
1621226737000;14113345;1.21326;1.21332;1.21329;8;T;True;1
1621226738000;14113346;1.21326;1.21332;1.21329;0;T;True;1
1621226739000;14113347;1.21326;1.21332;1.21329;0;T;True;1
1621226740000;14113348;1.21326;1.21332;1.21329;0;T;True;1
1621226741000;14113349;1.21326;1.21332;1.21329;0;T;True;1
1621226742000;14113350;1.21326;1.21332;1.21329;0;T;True;1
1621226743000;14113351;1.21326;1.21332;1.21329;0;T;True;1
1621226744000;14113356;1.21327;1.21333;1.2133;4;T;True;1
1621226745000;14113358;1.21327;1.21333;1.2133;1;T;True;1
1621226746000;14113359;1.21327;1.21333;1.2133;0;T;True;1
1621226747000;14113360;1.21327;1.21333;1.2133;0;T;True;1
1621226748000;14113361;1.21327;1.21333;1.2133;0;T;True;1
1621226749000;14113362;1.21327;1.21333;1.2133;0;T;True;1
1621226750000;14113363;1.21327;1.21333;1.2133;0;T;True;1
1621226751000;14113364;1.21327;1.21333;1.2133;0;T;True;1
1621226752000;14113366;1.21328;1.21334;1.21331;1;T;True;1
1621226753000;14113367;1.21328;1.21334;1.21331;0;T;True;1
1621226754000;14113368;1.21328;1.21334;1.21331;0;T;True;1
1621226755000;14113369;1.21328;1.21334;1.21331;0;T;True;1
1621226756000;14113372;1.21326;1.21332;1.21329;2;T;True;1
1621226757000;14113373;1.21326;1.21332;1.21329;0;T;True;1
1621226758000;14113374;1.21326;1.21332;1.21329;0;T;True;1
1621226759000;14113375;1.21326;1.21332;1.21329;0;T;True;1
1621226760000;14113376;1.21326;1.21332;1.21329;0;T;True;1
1621226761000;14113377;1.21326;1.21332;1.21329;0;T;True;1
1621226762000;14113378;1.21326;1.21332;1.21329;0;T;True;1
1621226763000;14113379;1.21326;1.21332;1.21329;0;T;True;1
1621226764000;14113380;1.21326;1.21332;1.21329;0;T;True;1
1621226765000;14113381;1.21326;1.21332;1.21329;0;T;True;1
1621226766000;14113383;1.21326;1.21332;1.21329;1;T;True;1
1621226767000;14113389;1.21326;1.21332;1.21329;5;T;True;1
1621226768000;14113390;1.21326;1.21332;1.21329;0;T;True;1
1621226769000;14113392;1.21326;1.21332;1.21329;1;T;True;1
1621226770000;14113393;1.21326;1.21332;1.21329;0;T;True;1
1621226771000;14113401;1.21326;1.21332;1.21329;7;T;True;1
1621226772000;14113403;1.21327;1.21333;1.2133;1;T;True;1
1621226773000;14113404;1.21327;1.21333;1.2133;0;T;True;1
1621226774000;14113405;1.21327;1.21333;1.2133;0;T;True;1
1621226775000;14113406;1.21327;1.21333;1.2133;0;T;True;1
1621226776000;14113408;1.21327;1.21333;1.2133;1;T;True;1
1621226777000;14113410;1.21327;1.21333;1.2133;1;T;True;1
1621226778000;14113415;1.21326;1.21332;1.21329;4;T;True;1
1621226779000;14113416;1.21326;1.21332;1.21329;0;T;True;1
1621226780000;14113417;1.21326;1.21332;1.21329;0;T;True;1
1621226781000;14113418;1.21326;1.21332;1.21329;0;T;True;1
1621226782000;14113419;1.21326;1.21332;1.21329;0;T;True;1
1621226783000;14113420;1.21326;1.21332;1.21329;0;T;True;1
1621226784000;14113421;1.21326;1.21332;1.21329;0;T;True;1
1621226785000;14113422;1.21326;1.21332;1.21329;0;T;True;1
1621226786000;14113423;1.21326;1.21332;1.21329;0;T;True;1
1621226787000;14113426;1.21328;1.21334;1.21331;2;T;True;1
1621226788000;14113427;1.21328;1.21334;1.21331;0;T;True;1
1621226789000;14113428;1.21328;1.21334;1.21331;0;T;True;1
1621226790000;14113429;1.21328;1.21334;1.21331;0;T;True;1
1621226791000;14113431;1.21328;1.21334;1.21331;1;T;True;1
1621226792000;14113432;1.21328;1.21334;1.21331;0;T;True;1
1621226793000;14113433;1.21328;1.21334;1.21331;0;T;True;1
1621226794000;14113434;1.21328;1.21334;1.21331;0;T;True;1
1621226795000;14113435;1.21328;1.21334;1.21331;0;T;True;1
1621226796000;14113436;1.21328;1.21334;1.21331;0;T;True;1
1621226797000;14113437;1.21328;1.21334;1.21331;0;T;True;1
1621226798000;14113438;1.21328;1.21334;1.21331;0;T;True;1
1621226799000;14113439;1.21328;1.21334;1.21331;0;T;True;1
1621226800000;14113440;1.21328;1.21334;1.21331;0;T;True;1
1621226801000;14113441;1.21328;1.21334;1.21331;0;T;True;1
1621226802000;14113442;1.21328;1.21334;1.21331;0;T;True;1
1621226803000;14113453;1.21331;1.21337;1.21334;10;T;True;1
1621226804000;14113456;1.21332;1.21338;1.21335;2;T;True;1
1621226805000;14113459;1.21332;1.21338;1.21335;2;T;True;1
1621226806000;14113461;1.21331;1.21337;1.21334;1;T;True;1
1621226807000;14113462;1.21331;1.21337;1.21334;0;T;True;1
1621226808000;14113463;1.21331;1.21337;1.21334;0;T;True;1
1621226809000;14113464;1.21331;1.21337;1.21334;0;T;True;1
1621226810000;14113466;1.21331;1.21337;1.21334;1;T;True;1
1621226811000;14113467;1.21331;1.21337;1.21334;0;T;True;1
1621226812000;14113468;1.21331;1.21337;1.21334;0;T;True;1
1621226813000;14113469;1.21331;1.21337;1.21334;0;T;True;1
1621226814000;14113470;1.21331;1.21337;1.21334;0;T;True;1
1621226815000;14113471;1.21331;1.21337;1.21334;0;T;True;1
1621226816000;14113472;1.21331;1.21337;1.21334;0;T;True;1
1621226817000;14113476;1.21332;1.21338;1.21335;3;T;True;1
1621226818000;14113478;1.21332;1.21338;1.21335;1;T;True;1
1621226819000;14113479;1.21332;1.21338;1.21335;0;T;True;1
1621226820000;14113480;1.21332;1.21338;1.21335;0;T;True;1
1621226821000;14113481;1.21332;1.21338;1.21335;0;T;True;1
1621226822000;14113482;1.21332;1.21338;1.21335;0;T;True;1
1621226823000;14113483;1.21332;1.21338;1.21335;0;T;True;1
1621226824000;14113484;1.21332;1.21338;1.21335;0;T;True;1
1621226825000;14113485;1.21332;1.21338;1.21335;0;T;True;1
1621226826000;14113486;1.21332;1.21338;1.21335;0;T;True;1
1621226827000;14113487;1.21332;1.21338;1.21335;0;T;True;1
1621226828000;14113488;1.21332;1.21338;1.21335;0;T;True;1
1621226829000;14113490;1.21331;1.21337;1.21334;1;T;True;1
1621226830000;14113493;1.21331;1.21337;1.21334;2;T;True;1
1621226831000;14113494;1.21331;1.21337;1.21334;0;T;True;1
1621226832000;14113496;1.21331;1.21337;1.21334;1;T;True;1
1621226833000;14113497;1.21331;1.21337;1.21334;0;T;True;1
1621226834000;14113498;1.21331;1.21337;1.21334;0;T;True;1
1621226835000;14113501;1.21331;1.21337;1.21334;2;T;True;1
1621226836000;14113502;1.21331;1.21337;1.21334;0;T;True;1
1621226837000;14113503;1.21331;1.21337;1.21334;0;T;True;1
1621226838000;14113504;1.21331;1.21337;1.21334;0;T;True;1
1621226839000;14113505;1.21331;1.21337;1.21334;0;T;True;1
1621226840000;14113506;1.21331;1.21337;1.21334;0;T;True;1
1621226841000;14113507;1.21331;1.21337;1.21334;0;T;True;1
1621226842000;14113508;1.21331;1.21337;1.21334;0;T;True;1
1621226843000;14113509;1.21331;1.21337;1.21334;0;T;True;1
1621226844000;14113510;1.21331;1.21337;1.21334;0;T;True;1
1621226845000;14113511;1.21331;1.21337;1.21334;0;T;True;1
1621226846000;14113512;1.21331;1.21337;1.21334;0;T;True;1
1621226847000;14113513;1.21331;1.21337;1.21334;0;T;True;1
1621226848000;14113514;1.21331;1.21337;1.21334;0;T;True;1
1621226849000;14113516;1.21332;1.21338;1.21335;1;T;True;1
1621226850000;14113517;1.21332;1.21338;1.21335;0;T;True;1
1621226851000;14113518;1.21332;1.21338;1.21335;0;T;True;1
1621226852000;14113519;1.21332;1.21338;1.21335;0;T;True;1
1621226853000;14113521;1.21332;1.21338;1.21335;1;T;True;1
1621226854000;14113522;1.21332;1.21338;1.21335;0;T;True;1
1621226855000;14113523;1.21332;1.21338;1.21335;0;T;True;1
1621226856000;14113524;1.21332;1.21338;1.21335;0;T;True;1
1621226857000;14113525;1.21332;1.21338;1.21335;0;T;True;1
1621226858000;14113526;1.21332;1.21338;1.21335;0;T;True;1
1621226859000;14113527;1.21332;1.21338;1.21335;0;T;True;1
1621226860000;14113528;1.21332;1.21338;1.21335;0;T;True;1
1621226861000;14113529;1.21332;1.21338;1.21335;0;T;True;1
1621226862000;14113530;1.21332;1.21338;1.21335;0;T;True;1
1621226863000;14113531;1.21332;1.21338;1.21335;0;T;True;1
1621226864000;14113532;1.21332;1.21338;1.21335;0;T;True;1
1621226865000;14113533;1.21332;1.21338;1.21335;0;T;True;1
1621226866000;14113534;1.21332;1.21338;1.21335;0;T;True;1
1621226867000;14113535;1.21332;1.21338;1.21335;0;T;True;1
1621226868000;14113536;1.21332;1.21338;1.21335;0;T;True;1
1621226869000;14113537;1.21332;1.21338;1.21335;0;T;True;1
1621226870000;14113538;1.21332;1.21338;1.21335;0;T;True;1
1621226871000;14113539;1.21332;1.21338;1.21335;0;T;True;1
1621226872000;14113540;1.21332;1.21338;1.21335;0;T;True;1
1621226873000;14113541;1.21332;1.21338;1.21335;0;T;True;1
1621226874000;14113542;1.21332;1.21338;1.21335;0;T;True;1
1621226875000;14113543;1.21332;1.21338;1.21335;0;T;True;1
1621226876000;14113544;1.21332;1.21338;1.21335;0;T;True;1
1621226877000;14113545;1.21332;1.21338;1.21335;0;T;True;1
1621226878000;14113546;1.21332;1.21338;1.21335;0;T;True;1
1621226879000;14113547;1.21332;1.21338;1.21335;0;T;True;1
1621226880000;14113548;1.21332;1.21338;1.21335;0;T;True;1
1621226881000;14113549;1.21332;1.21338;1.21335;0;T;True;1
1621226882000;14113551;1.21333;1.21339;1.21336;1;T;True;1
1621226883000;14113552;1.21333;1.21339;1.21336;0;T;True;1
1621226884000;14113553;1.21333;1.21339;1.21336;0;T;True;1
1621226885000;14113554;1.21333;1.21339;1.21336;0;T;True;1
1621226886000;14113555;1.21333;1.21339;1.21336;0;T;True;1
1621226887000;14113556;1.21333;1.21339;1.21336;0;T;True;1
1621226888000;14113557;1.21333;1.21339;1.21336;0;T;True;1
1621226889000;14113558;1.21333;1.21339;1.21336;0;T;True;1
1621226890000;14113559;1.21333;1.21339;1.21336;0;T;True;1
1621226891000;14113560;1.21333;1.21339;1.21336;0;T;True;1
1621226892000;14113561;1.21333;1.21339;1.21336;0;T;True;1
1621226893000;14113562;1.21333;1.21339;1.21336;0;T;True;1
1621226894000;14113563;1.21333;1.21339;1.21336;0;T;True;1
1621226895000;14113564;1.21333;1.21339;1.21336;0;T;True;1
1621226896000;14113565;1.21333;1.21339;1.21336;0;T;True;1
1621226897000;14113566;1.21333;1.21339;1.21336;0;T;True;1
1621226898000;14113567;1.21333;1.21339;1.21336;0;T;True;1
1621226899000;14113568;1.21333;1.21339;1.21336;0;T;True;1
1621226900000;14113569;1.21333;1.21339;1.21336;0;T;True;1
1621226901000;14113570;1.21333;1.21339;1.21336;0;T;True;1
1621226902000;14113571;1.21333;1.21339;1.21336;0;T;True;1
1621226903000;14113572;1.21333;1.21339;1.21336;0;T;True;1
1621226904000;14113573;1.21333;1.21339;1.21336;0;T;True;1
1621226905000;14113574;1.21333;1.21339;1.21336;0;T;True;1
1621226906000;14113575;1.21333;1.21339;1.21336;0;T;True;1
1621226907000;14113576;1.21333;1.21339;1.21336;0;T;True;1
1621226908000;14113578;1.21334;1.2134;1.21337;1;T;True;1
1621226909000;14113579;1.21334;1.2134;1.21337;0;T;True;1
1621226910000;14113580;1.21334;1.2134;1.21337;0;T;True;1
1621226911000;14113581;1.21334;1.2134;1.21337;0;T;True;1
1621226912000;14113582;1.21334;1.2134;1.21337;0;T;True;1
1621226913000;14113583;1.21334;1.2134;1.21337;0;T;True;1
1621226914000;14113584;1.21334;1.2134;1.21337;0;T;True;1
1621226915000;14113585;1.21334;1.2134;1.21337;0;T;True;1
1621226916000;14113586;1.21334;1.2134;1.21337;0;T;True;1
1621226917000;14113587;1.21334;1.2134;1.21337;0;T;True;1
1621226918000;14113588;1.21334;1.2134;1.21337;0;T;True;1
1621226919000;14113589;1.21334;1.2134;1.21337;0;T;True;1
1621226920000;14113595;1.21329;1.21335;1.21332;5;T;True;1
1621226921000;14113597;1.21328;1.21334;1.21331;1;T;True;1
1621226922000;14113598;1.21328;1.21334;1.21331;0;T;True;1
1621226923000;14113601;1.21326;1.21332;1.21329;2;T;True;1
1621226924000;14113603;1.21326;1.21332;1.21329;1;T;True;1
1621226925000;14113604;1.21326;1.21332;1.21329;0;T;True;1
1621226926000;14113605;1.21326;1.21332;1.21329;0;T;True;1
1621226927000;14113606;1.21326;1.21332;1.21329;0;T;True;1
1621226928000;14113607;1.21326;1.21332;1.21329;0;T;True;1
1621226929000;14113609;1.21326;1.21332;1.21329;1;T;True;1
1621226930000;14113613;1.21326;1.21332;1.21329;3;T;True;1
1621226931000;14113614;1.21326;1.21332;1.21329;0;T;True;1
1621226932000;14113615;1.21326;1.21332;1.21329;0;T;True;1
1621226933000;14113618;1.21326;1.21332;1.21329;2;T;True;1
1621226934000;14113619;1.21326;1.21332;1.21329;0;T;True;1
1621226935000;14113622;1.21328;1.21334;1.21331;2;T;True;1
1621226936000;14113629;1.21328;1.21334;1.21331;6;T;True;1
1621226937000;14113632;1.21328;1.21334;1.21331;2;T;True;1
1621226938000;14113633;1.21328;1.21334;1.21331;0;T;True;1
1621226939000;14113634;1.21328;1.21334;1.21331;0;T;True;1
1621226940000;14113640;1.21328;1.21334;1.21331;5;T;True;1
1621226941000;14113644;1.21328;1.21334;1.21331;3;T;True;1
1621226942000;14113647;1.21328;1.21334;1.21331;2;T;True;1
1621226943000;14113649;1.21328;1.21334;1.21331;1;T;True;1
1621226944000;14113650;1.21328;1.21334;1.21331;0;T;True;1
1621226945000;14113651;1.21328;1.21334;1.21331;0;T;True;1
1621226946000;14113652;1.21328;1.21334;1.21331;0;T;True;1
1621226947000;14113653;1.21328;1.21334;1.21331;0;T;True;1
1621226948000;14113654;1.21328;1.21334;1.21331;0;T;True;1
1621226949000;14113655;1.21328;1.21334;1.21331;0;T;True;1
1621226950000;14113657;1.21328;1.21334;1.21331;1;T;True;1
1621226951000;14113658;1.21328;1.21334;1.21331;0;T;True;1
1621226952000;14113659;1.21328;1.21334;1.21331;0;T;True;1
1621226953000;14113663;1.21326;1.21332;1.21329;3;T;True;1
1621226954000;14113664;1.21326;1.21332;1.21329;0;T;True;1
1621226955000;14113665;1.21326;1.21332;1.21329;0;T;True;1
1621226956000;14113666;1.21326;1.21332;1.21329;0;T;True;1
1621226957000;14113667;1.21326;1.21332;1.21329;0;T;True;1
1621226958000;14113669;1.21326;1.21332;1.21329;1;T;True;1
1621226959000;14113670;1.21326;1.21332;1.21329;0;T;True;1
1621226960000;14113671;1.21326;1.21332;1.21329;0;T;True;1
1621226961000;14113672;1.21326;1.21332;1.21329;0;T;True;1
1621226962000;14113673;1.21326;1.21332;1.21329;0;T;True;1
1621226963000;14113674;1.21326;1.21332;1.21329;0;T;True;1
1621226964000;14113675;1.21326;1.21332;1.21329;0;T;True;1
1621226965000;14113676;1.21326;1.21332;1.21329;0;T;True;1
1621226966000;14113677;1.21326;1.21332;1.21329;0;T;True;1
1621226967000;14113679;1.21326;1.21332;1.21329;1;T;True;1
1621226968000;14113681;1.21326;1.21332;1.21329;1;T;True;1
1621226969000;14113682;1.21326;1.21332;1.21329;0;T;True;1
1621226970000;14113683;1.21326;1.21332;1.21329;0;T;True;1
1621226971000;14113684;1.21326;1.21332;1.21329;0;T;True;1
1621226972000;14113685;1.21326;1.21332;1.21329;0;T;True;1
1621226973000;14113686;1.21326;1.21332;1.21329;0;T;True;1
1621226974000;14113687;1.21326;1.21332;1.21329;0;T;True;1
1621226975000;14113688;1.21326;1.21332;1.21329;0;T;True;1
1621226976000;14113689;1.21326;1.21332;1.21329;0;T;True;1
1621226977000;14113690;1.21326;1.21332;1.21329;0;T;True;1
1621226978000;14113691;1.21326;1.21332;1.21329;0;T;True;1
1621226979000;14113696;1.21329;1.21335;1.21332;4;T;True;1
1621226980000;14113697;1.21329;1.21335;1.21332;0;T;True;1
1621226981000;14113698;1.21329;1.21335;1.21332;0;T;True;1
1621226982000;14113699;1.21329;1.21335;1.21332;0;T;True;1
1621226983000;14113700;1.21329;1.21335;1.21332;0;T;True;1
1621226984000;14113703;1.21329;1.21335;1.21332;2;T;True;1
1621226985000;14113704;1.21329;1.21335;1.21332;0;T;True;1
1621226986000;14113705;1.21329;1.21335;1.21332;0;T;True;1
1621226987000;14113710;1.2133;1.21336;1.21333;4;T;True;1
1621226988000;14113711;1.2133;1.21336;1.21333;0;T;True;1
1621226989000;14113715;1.21329;1.21335;1.21332;3;T;True;1
1621226990000;14113716;1.21329;1.21335;1.21332;0;T;True;1
1621226991000;14113717;1.21329;1.21335;1.21332;0;T;True;1
1621226992000;14113718;1.21329;1.21335;1.21332;0;T;True;1
1621226993000;14113719;1.21329;1.21335;1.21332;0;T;True;1
1621226994000;14113720;1.21329;1.21335;1.21332;0;T;True;1
1621226995000;14113721;1.21329;1.21335;1.21332;0;T;True;1
1621226996000;14113722;1.21329;1.21335;1.21332;0;T;True;1
1621226997000;14113723;1.21329;1.21335;1.21332;0;T;True;1
1621226998000;14113724;1.21329;1.21335;1.21332;0;T;True;1
1621226999000;14113725;1.21329;1.21335;1.21332;0;T;True;1
1621227000000;14113727;1.21328;1.21334;1.21331;1;T;True;1
1621227001000;14113729;1.21327;1.21333;1.2133;1;T;True;1
1621227002000;14113730;1.21327;1.21333;1.2133;0;T;True;1
1621227003000;14113731;1.21327;1.21333;1.2133;0;T;True;1
1621227004000;14113734;1.21326;1.21332;1.21329;2;T;True;1
1621227005000;14113735;1.21326;1.21332;1.21329;0;T;True;1
1621227006000;14113736;1.21326;1.21332;1.21329;0;T;True;1
1621227007000;14113737;1.21326;1.21332;1.21329;0;T;True;1
1621227008000;14113738;1.21326;1.21332;1.21329;0;T;True;1
1621227009000;14113739;1.21326;1.21332;1.21329;0;T;True;1
1621227010000;14113740;1.21326;1.21332;1.21329;0;T;True;1
1621227011000;14113741;1.21326;1.21332;1.21329;0;T;True;1
1621227012000;14113742;1.21326;1.21332;1.21329;0;T;True;1
1621227013000;14113743;1.21326;1.21332;1.21329;0;T;True;1
1621227014000;14113744;1.21326;1.21332;1.21329;0;T;True;1
1621227015000;14113745;1.21326;1.21332;1.21329;0;T;True;1
1621227016000;14113746;1.21326;1.21332;1.21329;0;T;True;1
1621227017000;14113747;1.21326;1.21332;1.21329;0;T;True;1
1621227018000;14113748;1.21326;1.21332;1.21329;0;T;True;1
1621227019000;14113749;1.21326;1.21332;1.21329;0;T;True;1
1621227020000;14113752;1.21326;1.21332;1.21329;2;T;True;1
1621227021000;14113753;1.21326;1.21332;1.21329;0;T;True;1
1621227022000;14113754;1.21326;1.21332;1.21329;0;T;True;1
1621227023000;14113755;1.21326;1.21332;1.21329;0;T;True;1
1621227024000;14113756;1.21326;1.21332;1.21329;0;T;True;1
1621227025000;14113758;1.21326;1.21332;1.21329;1;T;True;1
1621227026000;14113759;1.21326;1.21332;1.21329;0;T;True;1
1621227027000;14113760;1.21326;1.21332;1.21329;0;T;True;1
1621227028000;14113761;1.21326;1.21332;1.21329;0;T;True;1
1621227029000;14113762;1.21326;1.21332;1.21329;0;T;True;1
1621227030000;14113763;1.21326;1.21332;1.21329;0;T;True;1
1621227031000;14113764;1.21326;1.21332;1.21329;0;T;True;1
1621227032000;14113767;1.21326;1.21332;1.21329;2;T;True;1
1621227033000;14113768;1.21326;1.21332;1.21329;0;T;True;1
1621227034000;14113769;1.21326;1.21332;1.21329;0;T;True;1
1621227035000;14113770;1.21326;1.21332;1.21329;0;T;True;1
1621227036000;14113771;1.21326;1.21332;1.21329;0;T;True;1
1621227037000;14113772;1.21326;1.21332;1.21329;0;T;True;1
1621227038000;14113773;1.21326;1.21332;1.21329;0;T;True;1
1621227039000;14113774;1.21326;1.21332;1.21329;0;T;True;1
1621227040000;14113775;1.21326;1.21332;1.21329;0;T;True;1
1621227041000;14113776;1.21326;1.21332;1.21329;0;T;True;1
1621227042000;14113777;1.21326;1.21332;1.21329;0;T;True;1
1621227043000;14113778;1.21326;1.21332;1.21329;0;T;True;1
1621227044000;14113779;1.21326;1.21332;1.21329;0;T;True;1
1621227045000;14113780;1.21326;1.21332;1.21329;0;T;True;1
1621227046000;14113781;1.21326;1.21332;1.21329;0;T;True;1
1621227047000;14113782;1.21326;1.21332;1.21329;0;T;True;1
1621227048000;14113783;1.21326;1.21332;1.21329;0;T;True;1
1621227049000;14113784;1.21326;1.21332;1.21329;0;T;True;1
1621227050000;14113785;1.21326;1.21332;1.21329;0;T;True;1
1621227051000;14113786;1.21326;1.21332;1.21329;0;T;True;1
1621227052000;14113787;1.21326;1.21332;1.21329;0;T;True;1
1621227053000;14113788;1.21326;1.21332;1.21329;0;T;True;1
1621227054000;14113789;1.21326;1.21332;1.21329;0;T;True;1
1621227055000;14113790;1.21326;1.21332;1.21329;0;T;True;1
1621227056000;14113791;1.21326;1.21332;1.21329;0;T;True;1
1621227057000;14113792;1.21326;1.21332;1.21329;0;T;True;1
1621227058000;14113793;1.21326;1.21332;1.21329;0;T;True;1
1621227059000;14113794;1.21326;1.21332;1.21329;0;T;True;1
1621227060000;14113795;1.21326;1.21332;1.21329;0;T;True;1
1621227061000;14113796;1.21326;1.21332;1.21329;0;T;True;1
1621227062000;14113799;1.21326;1.21332;1.21329;2;T;True;1
1621227063000;14113801;1.21326;1.21332;1.21329;1;T;True;1
1621227064000;14113802;1.21326;1.21332;1.21329;0;T;True;1
1621227065000;14113803;1.21326;1.21332;1.21329;0;T;True;1
1621227066000;14113805;1.21326;1.21332;1.21329;1;T;True;1
1621227067000;14113806;1.21326;1.21332;1.21329;0;T;True;1
1621227068000;14113810;1.21328;1.21334;1.21331;3;T;True;1
1621227069000;14113812;1.21328;1.21334;1.21331;1;T;True;1
1621227070000;14113813;1.21328;1.21334;1.21331;0;T;True;1
1621227071000;14113814;1.21328;1.21334;1.21331;0;T;True;1
1621227072000;14113815;1.21328;1.21334;1.21331;0;T;True;1
1621227073000;14113816;1.21328;1.21334;1.21331;0;T;True;1
1621227074000;14113817;1.21328;1.21334;1.21331;0;T;True;1
1621227075000;14113819;1.21328;1.21334;1.21331;1;T;True;1
1621227076000;14113820;1.21328;1.21334;1.21331;0;T;True;1
1621227077000;14113821;1.21328;1.21334;1.21331;0;T;True;1
1621227078000;14113822;1.21328;1.21334;1.21331;0;T;True;1
1621227079000;14113823;1.21328;1.21334;1.21331;0;T;True;1
1621227080000;14113824;1.21328;1.21334;1.21331;0;T;True;1
1621227081000;14113827;1.21328;1.21334;1.21331;2;T;True;1
1621227082000;14113828;1.21328;1.21334;1.21331;0;T;True;1
1621227083000;14113829;1.21328;1.21334;1.21331;0;T;True;1
1621227084000;14113832;1.21327;1.21333;1.2133;2;T;True;1
1621227085000;14113834;1.21328;1.21334;1.21331;1;T;True;1
1621227086000;14113835;1.21328;1.21334;1.21331;0;T;True;1
1621227087000;14113836;1.21328;1.21334;1.21331;0;T;True;1
1621227088000;14113838;1.21328;1.21334;1.21331;1;T;True;1
1621227089000;14113839;1.21328;1.21334;1.21331;0;T;True;1
1621227090000;14113840;1.21328;1.21334;1.21331;0;T;True;1
1621227091000;14113842;1.21328;1.21334;1.21331;1;T;True;1
1621227092000;14113843;1.21328;1.21334;1.21331;0;T;True;1
1621227093000;14113846;1.21328;1.21334;1.21331;2;T;True;1
1621227094000;14113847;1.21328;1.21334;1.21331;0;T;True;1
1621227095000;14113848;1.21328;1.21334;1.21331;0;T;True;1
1621227096000;14113849;1.21328;1.21334;1.21331;0;T;True;1
1621227097000;14113850;1.21328;1.21334;1.21331;0;T;True;1
1621227098000;14113854;1.21328;1.21334;1.21331;3;T;True;1
1621227099000;14113861;1.2133;1.21336;1.21333;6;T;True;1
1621227100000;14113863;1.2133;1.21336;1.21333;1;T;True;1
1621227101000;14113868;1.2133;1.21336;1.21333;4;T;True;1
1621227102000;14113869;1.2133;1.21336;1.21333;0;T;True;1
1621227103000;14113870;1.2133;1.21336;1.21333;0;T;True;1
1621227104000;14113876;1.21327;1.21333;1.2133;5;T;True;1
1621227105000;14113878;1.21326;1.21332;1.21329;1;T;True;1
1621227106000;14113879;1.21326;1.21332;1.21329;0;T;True;1
1621227107000;14113882;1.21326;1.21332;1.21329;2;T;True;1
1621227108000;14113884;1.21326;1.21332;1.21329;1;T;True;1
1621227109000;14113887;1.21326;1.21332;1.21329;2;T;True;1
1621227110000;14113889;1.21326;1.21332;1.21329;1;T;True;1
1621227111000;14113890;1.21326;1.21332;1.21329;0;T;True;1
1621227112000;14113893;1.21326;1.21332;1.21329;2;T;True;1
1621227113000;14113901;1.21326;1.21332;1.21329;7;T;True;1
1621227114000;14113909;1.21326;1.21332;1.21329;7;T;True;1
1621227115000;14113912;1.21325;1.21331;1.21328;2;T;True;1
1621227116000;14113913;1.21325;1.21331;1.21328;0;T;True;1
1621227117000;14113916;1.21325;1.21331;1.21328;2;T;True;1
1621227118000;14113917;1.21325;1.21331;1.21328;0;T;True;1
1621227119000;14113918;1.21325;1.21331;1.21328;0;T;True;1
1621227120000;14113919;1.21325;1.21331;1.21328;0;T;True;1
1621227121000;14113922;1.21326;1.21332;1.21329;2;T;True;1
1621227122000;14113923;1.21326;1.21332;1.21329;0;T;True;1
1621227123000;14113925;1.21326;1.21332;1.21329;1;T;True;1
1621227124000;14113930;1.21326;1.21332;1.21329;4;T;True;1
1621227125000;14113931;1.21326;1.21332;1.21329;0;T;True;1
1621227126000;14113932;1.21326;1.21332;1.21329;0;T;True;1
1621227127000;14113933;1.21326;1.21332;1.21329;0;T;True;1
1621227128000;14113938;1.21326;1.21332;1.21329;4;T;True;1
1621227129000;14113943;1.21326;1.21332;1.21329;4;T;True;1
1621227130000;14113947;1.21326;1.21332;1.21329;3;T;True;1
1621227131000;14113951;1.21326;1.21332;1.21329;3;T;True;1
1621227132000;14113953;1.21326;1.21332;1.21329;1;T;True;1
1621227133000;14113955;1.21326;1.21332;1.21329;1;T;True;1
1621227134000;14113956;1.21326;1.21332;1.21329;0;T;True;1
1621227135000;14113957;1.21326;1.21332;1.21329;0;T;True;1
1621227136000;14113958;1.21326;1.21332;1.21329;0;T;True;1
1621227137000;14113959;1.21326;1.21332;1.21329;0;T;True;1
1621227138000;14113960;1.21326;1.21332;1.21329;0;T;True;1
1621227139000;14113961;1.21326;1.21332;1.21329;0;T;True;1
1621227140000;14113962;1.21326;1.21332;1.21329;0;T;True;1
1621227141000;14113963;1.21326;1.21332;1.21329;0;T;True;1
1621227142000;14113964;1.21326;1.21332;1.21329;0;T;True;1
1621227143000;14113965;1.21326;1.21332;1.21329;0;T;True;1
1621227144000;14113966;1.21326;1.21332;1.21329;0;T;True;1
1621227145000;14113967;1.21326;1.21332;1.21329;0;T;True;1
1621227146000;14113968;1.21326;1.21332;1.21329;0;T;True;1
1621227147000;14113969;1.21326;1.21332;1.21329;0;T;True;1
1621227148000;14113970;1.21326;1.21332;1.21329;0;T;True;1
1621227149000;14113975;1.21326;1.21332;1.21329;4;T;True;1
1621227150000;14113976;1.21326;1.21332;1.21329;0;T;True;1
1621227151000;14113977;1.21326;1.21332;1.21329;0;T;True;1
1621227152000;14113978;1.21326;1.21332;1.21329;0;T;True;1
1621227153000;14113979;1.21326;1.21332;1.21329;0;T;True;1
1621227154000;14113980;1.21326;1.21332;1.21329;0;T;True;1
1621227155000;14113981;1.21326;1.21332;1.21329;0;T;True;1
1621227156000;14113982;1.21326;1.21332;1.21329;0;T;True;1
1621227157000;14113983;1.21326;1.21332;1.21329;0;T;True;1
1621227158000;14113984;1.21326;1.21332;1.21329;0;T;True;1
1621227159000;14113985;1.21326;1.21332;1.21329;0;T;True;1
1621227160000;14113986;1.21326;1.21332;1.21329;0;T;True;1
1621227161000;14113987;1.21326;1.21332;1.21329;0;T;True;1
1621227162000;14113988;1.21326;1.21332;1.21329;0;T;True;1
1621227163000;14113989;1.21326;1.21332;1.21329;0;T;True;1
1621227164000;14113990;1.21326;1.21332;1.21329;0;T;True;1
1621227165000;14113991;1.21326;1.21332;1.21329;0;T;True;1
1621227166000;14113992;1.21326;1.21332;1.21329;0;T;True;1
1621227167000;14113993;1.21326;1.21332;1.21329;0;T;True;1
1621227168000;14113994;1.21326;1.21332;1.21329;0;T;True;1
1621227169000;14113995;1.21326;1.21332;1.21329;0;T;True;1
1621227170000;14113996;1.21326;1.21332;1.21329;0;T;True;1
1621227171000;14113998;1.21326;1.21332;1.21329;1;T;True;1
1621227172000;14114001;1.21324;1.2133;1.21327;2;T;True;1
1621227173000;14114010;1.21318;1.21324;1.21321;8;T;True;1
1621227174000;14114012;1.21317;1.21323;1.2132;1;T;True;1
1621227175000;14114014;1.21317;1.21323;1.2132;1;T;True;1
1621227176000;14114015;1.21317;1.21323;1.2132;0;T;True;1
1621227177000;14114016;1.21317;1.21323;1.2132;0;T;True;1
1621227178000;14114017;1.21317;1.21323;1.2132;0;T;True;1
1621227179000;14114019;1.21317;1.21323;1.2132;1;T;True;1
1621227180000;14114020;1.21317;1.21323;1.2132;0;T;True;1
1621227181000;14114021;1.21317;1.21323;1.2132;0;T;True;1
1621227182000;14114022;1.21317;1.21323;1.2132;0;T;True;1
1621227183000;14114023;1.21317;1.21323;1.2132;0;T;True;1
1621227184000;14114024;1.21317;1.21323;1.2132;0;T;True;1
1621227185000;14114025;1.21317;1.21323;1.2132;0;T;True;1
1621227186000;14114026;1.21317;1.21323;1.2132;0;T;True;1
1621227187000;14114027;1.21317;1.21323;1.2132;0;T;True;1
1621227188000;14114028;1.21317;1.21323;1.2132;0;T;True;1
1621227189000;14114029;1.21317;1.21323;1.2132;0;T;True;1
1621227190000;14114030;1.21317;1.21323;1.2132;0;T;True;1
1621227191000;14114031;1.21317;1.21323;1.2132;0;T;True;1
1621227192000;14114032;1.21317;1.21323;1.2132;0;T;True;1
1621227193000;14114033;1.21317;1.21323;1.2132;0;T;True;1
1621227194000;14114034;1.21317;1.21323;1.2132;0;T;True;1
1621227195000;14114035;1.21317;1.21323;1.2132;0;T;True;1
1621227196000;14114036;1.21317;1.21323;1.2132;0;T;True;1
1621227197000;14114037;1.21317;1.21323;1.2132;0;T;True;1
1621227198000;14114038;1.21317;1.21323;1.2132;0;T;True;1
1621227199000;14114039;1.21317;1.21323;1.2132;0;T;True;1
1621227200000;14114040;1.21317;1.21323;1.2132;0;T;True;1
1621227201000;14114041;1.21317;1.21323;1.2132;0;T;True;1
1621227202000;14114042;1.21317;1.21323;1.2132;0;T;True;1
1621227203000;14114043;1.21317;1.21323;1.2132;0;T;True;1
1621227204000;14114044;1.21317;1.21323;1.2132;0;T;True;1
1621227205000;14114045;1.21317;1.21323;1.2132;0;T;True;1
1621227206000;14114046;1.21317;1.21323;1.2132;0;T;True;1
1621227207000;14114047;1.21317;1.21323;1.2132;0;T;True;1
1621227208000;14114048;1.21317;1.21323;1.2132;0;T;True;1
1621227209000;14114049;1.21317;1.21323;1.2132;0;T;True;1
1621227210000;14114050;1.21317;1.21323;1.2132;0;T;True;1
1621227211000;14114051;1.21317;1.21323;1.2132;0;T;True;1
1621227212000;14114052;1.21317;1.21323;1.2132;0;T;True;1
1621227213000;14114055;1.21316;1.21322;1.21319;2;T;True;1
1621227214000;14114056;1.21316;1.21322;1.21319;0;T;True;1
1621227215000;14114057;1.21316;1.21322;1.21319;0;T;True;1
1621227216000;14114058;1.21316;1.21322;1.21319;0;T;True;1
1621227217000;14114059;1.21316;1.21322;1.21319;0;T;True;1
1621227218000;14114060;1.21316;1.21322;1.21319;0;T;True;1
1621227219000;14114061;1.21316;1.21322;1.21319;0;T;True;1
1621227220000;14114062;1.21316;1.21322;1.21319;0;T;True;1
1621227221000;14114066;1.21314;1.2132;1.21317;3;T;True;1
1621227222000;14114067;1.21314;1.2132;1.21317;0;T;True;1
1621227223000;14114068;1.21314;1.2132;1.21317;0;T;True;1
1621227224000;14114069;1.21314;1.2132;1.21317;0;T;True;1
1621227225000;14114070;1.21314;1.2132;1.21317;0;T;True;1
1621227226000;14114071;1.21314;1.2132;1.21317;0;T;True;1
1621227227000;14114072;1.21314;1.2132;1.21317;0;T;True;1
1621227228000;14114073;1.21314;1.2132;1.21317;0;T;True;1
1621227229000;14114074;1.21314;1.2132;1.21317;0;T;True;1
1621227230000;14114075;1.21314;1.2132;1.21317;0;T;True;1
1621227231000;14114076;1.21314;1.2132;1.21317;0;T;True;1
1621227232000;14114077;1.21314;1.2132;1.21317;0;T;True;1
1621227233000;14114078;1.21314;1.2132;1.21317;0;T;True;1
1621227234000;14114079;1.21314;1.2132;1.21317;0;T;True;1
1621227235000;14114080;1.21314;1.2132;1.21317;0;T;True;1
1621227236000;14114081;1.21314;1.2132;1.21317;0;T;True;1
1621227237000;14114082;1.21314;1.2132;1.21317;0;T;True;1
1621227238000;14114083;1.21314;1.2132;1.21317;0;T;True;1
1621227239000;14114084;1.21314;1.2132;1.21317;0;T;True;1
1621227240000;14114089;1.21314;1.2132;1.21317;4;T;True;1
1621227241000;14114095;1.21314;1.2132;1.21317;5;T;True;1
1621227242000;14114097;1.21315;1.21321;1.21318;1;T;True;1
1621227243000;14114100;1.21316;1.21322;1.21319;2;T;True;1
1621227244000;14114101;1.21316;1.21322;1.21319;0;T;True;1
1621227245000;14114102;1.21316;1.21322;1.21319;0;T;True;1
1621227246000;14114103;1.21316;1.21322;1.21319;0;T;True;1
1621227247000;14114104;1.21316;1.21322;1.21319;0;T;True;1
1621227248000;14114105;1.21316;1.21322;1.21319;0;T;True;1
1621227249000;14114106;1.21316;1.21322;1.21319;0;T;True;1
1621227250000;14114107;1.21316;1.21322;1.21319;0;T;True;1
1621227251000;14114108;1.21316;1.21322;1.21319;0;T;True;1
1621227252000;14114109;1.21316;1.21322;1.21319;0;T;True;1
1621227253000;14114110;1.21316;1.21322;1.21319;0;T;True;1
1621227254000;14114111;1.21316;1.21322;1.21319;0;T;True;1
1621227255000;14114112;1.21316;1.21322;1.21319;0;T;True;1
1621227256000;14114115;1.21315;1.21321;1.21318;2;T;True;1
1621227257000;14114116;1.21315;1.21321;1.21318;0;T;True;1
1621227258000;14114119;1.21314;1.2132;1.21317;2;T;True;1
1621227259000;14114120;1.21314;1.2132;1.21317;0;T;True;1
1621227260000;14114123;1.21313;1.21319;1.21316;2;T;True;1
1621227261000;14114124;1.21313;1.21319;1.21316;0;T;True;1
1621227262000;14114131;1.21308;1.21314;1.21311;6;T;True;1
1621227263000;14114134;1.21308;1.21314;1.21311;2;T;True;1
1621227264000;14114135;1.21308;1.21314;1.21311;0;T;True;1
1621227265000;14114138;1.21308;1.21314;1.21311;2;T;True;1
1621227266000;14114140;1.21307;1.21313;1.2131;1;T;True;1
1621227267000;14114141;1.21307;1.21313;1.2131;0;T;True;1
1621227268000;14114142;1.21307;1.21313;1.2131;0;T;True;1
1621227269000;14114143;1.21307;1.21313;1.2131;0;T;True;1
1621227270000;14114144;1.21307;1.21313;1.2131;0;T;True;1
1621227271000;14114145;1.21307;1.21313;1.2131;0;T;True;1
1621227272000;14114146;1.21307;1.21313;1.2131;0;T;True;1
1621227273000;14114147;1.21307;1.21313;1.2131;0;T;True;1
1621227274000;14114148;1.21307;1.21313;1.2131;0;T;True;1
1621227275000;14114149;1.21307;1.21313;1.2131;0;T;True;1
1621227276000;14114150;1.21307;1.21313;1.2131;0;T;True;1
1621227277000;14114151;1.21307;1.21313;1.2131;0;T;True;1
1621227278000;14114152;1.21307;1.21313;1.2131;0;T;True;1
1621227279000;14114153;1.21307;1.21313;1.2131;0;T;True;1
1621227280000;14114154;1.21307;1.21313;1.2131;0;T;True;1
1621227281000;14114155;1.21307;1.21313;1.2131;0;T;True;1
1621227282000;14114156;1.21307;1.21313;1.2131;0;T;True;1
1621227283000;14114158;1.21306;1.21312;1.21309;1;T;True;1
1621227284000;14114159;1.21306;1.21312;1.21309;0;T;True;1
1621227285000;14114162;1.21306;1.21312;1.21309;2;T;True;1
1621227286000;14114164;1.21306;1.21312;1.21309;1;T;True;1
1621227287000;14114165;1.21306;1.21312;1.21309;0;T;True;1
1621227288000;14114166;1.21306;1.21312;1.21309;0;T;True;1
1621227289000;14114167;1.21306;1.21312;1.21309;0;T;True;1
1621227290000;14114168;1.21306;1.21312;1.21309;0;T;True;1
1621227291000;14114169;1.21306;1.21312;1.21309;0;T;True;1
1621227292000;14114170;1.21306;1.21312;1.21309;0;T;True;1
1621227293000;14114171;1.21306;1.21312;1.21309;0;T;True;1
1621227294000;14114172;1.21306;1.21312;1.21309;0;T;True;1
1621227295000;14114173;1.21306;1.21312;1.21309;0;T;True;1
1621227296000;14114174;1.21306;1.21312;1.21309;0;T;True;1
1621227297000;14114175;1.21306;1.21312;1.21309;0;T;True;1
1621227298000;14114176;1.21306;1.21312;1.21309;0;T;True;1
1621227299000;14114177;1.21306;1.21312;1.21309;0;T;True;1
1621227300000;14114178;1.21306;1.21312;1.21309;0;T;True;1
1621227301000;14114179;1.21306;1.21312;1.21309;0;T;True;1
1621227302000;14114183;1.21307;1.21313;1.2131;3;T;True;1
1621227303000;14114184;1.21307;1.21313;1.2131;0;T;True;1
1621227304000;14114185;1.21307;1.21313;1.2131;0;T;True;1
1621227305000;14114186;1.21307;1.21313;1.2131;0;T;True;1
1621227306000;14114187;1.21307;1.21313;1.2131;0;T;True;1
1621227307000;14114188;1.21307;1.21313;1.2131;0;T;True;1
1621227308000;14114189;1.21307;1.21313;1.2131;0;T;True;1
1621227309000;14114190;1.21307;1.21313;1.2131;0;T;True;1
1621227310000;14114191;1.21307;1.21313;1.2131;0;T;True;1
1621227311000;14114192;1.21307;1.21313;1.2131;0;T;True;1
1621227312000;14114193;1.21307;1.21313;1.2131;0;T;True;1
1621227313000;14114194;1.21307;1.21313;1.2131;0;T;True;1
1621227314000;14114195;1.21307;1.21313;1.2131;0;T;True;1
1621227315000;14114197;1.21307;1.21313;1.2131;1;T;True;1
1621227316000;14114198;1.21307;1.21313;1.2131;0;T;True;1
1621227317000;14114199;1.21307;1.21313;1.2131;0;T;True;1
1621227318000;14114201;1.21307;1.21313;1.2131;1;T;True;1
1621227319000;14114202;1.21307;1.21313;1.2131;0;T;True;1
1621227320000;14114204;1.21307;1.21313;1.2131;1;T;True;1
1621227321000;14114206;1.21308;1.21314;1.21311;1;T;True;1
1621227322000;14114207;1.21308;1.21314;1.21311;0;T;True;1
1621227323000;14114208;1.21308;1.21314;1.21311;0;T;True;1
1621227324000;14114209;1.21308;1.21314;1.21311;0;T;True;1
1621227325000;14114210;1.21308;1.21314;1.21311;0;T;True;1
1621227326000;14114211;1.21308;1.21314;1.21311;0;T;True;1
1621227327000;14114212;1.21308;1.21314;1.21311;0;T;True;1
1621227328000;14114217;1.21309;1.21315;1.21312;4;T;True;1
1621227329000;14114219;1.21309;1.21315;1.21312;1;T;True;1
1621227330000;14114220;1.21309;1.21315;1.21312;0;T;True;1
1621227331000;14114221;1.21309;1.21315;1.21312;0;T;True;1
1621227332000;14114222;1.21309;1.21315;1.21312;0;T;True;1
1621227333000;14114223;1.21309;1.21315;1.21312;0;T;True;1
1621227334000;14114228;1.21307;1.21313;1.2131;4;T;True;1
1621227335000;14114230;1.21307;1.21313;1.2131;1;T;True;1
1621227336000;14114231;1.21307;1.21313;1.2131;0;T;True;1
1621227337000;14114232;1.21307;1.21313;1.2131;0;T;True;1
1621227338000;14114234;1.21306;1.21312;1.21309;1;T;True;1
1621227339000;14114235;1.21306;1.21312;1.21309;0;T;True;1
1621227340000;14114236;1.21306;1.21312;1.21309;0;T;True;1
1621227341000;14114241;1.21304;1.2131;1.21307;4;T;True;1
1621227342000;14114242;1.21304;1.2131;1.21307;0;T;True;1
1621227343000;14114243;1.21304;1.2131;1.21307;0;T;True;1
1621227344000;14114244;1.21304;1.2131;1.21307;0;T;True;1
1621227345000;14114245;1.21304;1.2131;1.21307;0;T;True;1
1621227346000;14114251;1.21304;1.2131;1.21307;5;T;True;1
1621227347000;14114252;1.21304;1.2131;1.21307;0;T;True;1
1621227348000;14114255;1.21304;1.2131;1.21307;2;T;True;1
1621227349000;14114256;1.21304;1.2131;1.21307;0;T;True;1
1621227350000;14114258;1.21303;1.21309;1.21306;1;T;True;1
1621227351000;14114259;1.21303;1.21309;1.21306;0;T;True;1
1621227352000;14114260;1.21303;1.21309;1.21306;0;T;True;1
1621227353000;14114261;1.21303;1.21309;1.21306;0;T;True;1
1621227354000;14114262;1.21303;1.21309;1.21306;0;T;True;1
1621227355000;14114263;1.21303;1.21309;1.21306;0;T;True;1
1621227356000;14114264;1.21303;1.21309;1.21306;0;T;True;1
1621227357000;14114269;1.21303;1.21309;1.21306;4;T;True;1
1621227358000;14114270;1.21303;1.21309;1.21306;0;T;True;1
1621227359000;14114271;1.21303;1.21309;1.21306;0;T;True;1
1621227360000;14114272;1.21303;1.21309;1.21306;0;T;True;1
1621227361000;14114276;1.21305;1.21311;1.21308;3;T;True;1
1621227362000;14114278;1.21305;1.21311;1.21308;1;T;True;1
1621227363000;14114284;1.21306;1.21312;1.21309;5;T;True;1
1621227364000;14114285;1.21306;1.21312;1.21309;0;T;True;1
1621227365000;14114287;1.21306;1.21312;1.21309;1;T;True;1
1621227366000;14114290;1.21307;1.21313;1.2131;2;T;True;1
1621227367000;14114292;1.21306;1.21312;1.21309;1;T;True;1
1621227368000;14114297;1.21306;1.21312;1.21309;4;T;True;1
1621227369000;14114298;1.21306;1.21312;1.21309;0;T;True;1
1621227370000;14114299;1.21306;1.21312;1.21309;0;T;True;1
1621227371000;14114300;1.21306;1.21312;1.21309;0;T;True;1
1621227372000;14114301;1.21306;1.21312;1.21309;0;T;True;1
1621227373000;14114303;1.21306;1.21312;1.21309;1;T;True;1
1621227374000;14114304;1.21306;1.21312;1.21309;0;T;True;1
1621227375000;14114305;1.21306;1.21312;1.21309;0;T;True;1
1621227376000;14114306;1.21306;1.21312;1.21309;0;T;True;1
1621227377000;14114309;1.21308;1.21314;1.21311;2;T;True;1
1621227378000;14114311;1.21307;1.21313;1.2131;1;T;True;1
1621227379000;14114312;1.21307;1.21313;1.2131;0;T;True;1
1621227380000;14114313;1.21307;1.21313;1.2131;0;T;True;1
1621227381000;14114314;1.21307;1.21313;1.2131;0;T;True;1
1621227382000;14114317;1.21307;1.21313;1.2131;2;T;True;1
1621227383000;14114318;1.21307;1.21313;1.2131;0;T;True;1
1621227384000;14114319;1.21307;1.21313;1.2131;0;T;True;1
1621227385000;14114320;1.21307;1.21313;1.2131;0;T;True;1
1621227386000;14114321;1.21307;1.21313;1.2131;0;T;True;1
1621227387000;14114322;1.21307;1.21313;1.2131;0;T;True;1
1621227388000;14114324;1.21306;1.21312;1.21309;1;T;True;1
1621227389000;14114326;1.21305;1.21311;1.21308;1;T;True;1
1621227390000;14114327;1.21305;1.21311;1.21308;0;T;True;1
1621227391000;14114328;1.21305;1.21311;1.21308;0;T;True;1
