ts;n;bid;ask;value;volume;phase;round;active_id
1621252662000;14176786;1.21496;1.21502;1.21499;9;T;True;1
1621252663000;14176791;1.21495;1.21501;1.21498;4;T;True;1
1621252664000;14176803;1.21492;1.21498;1.21495;11;T;True;1
1621252665000;14176819;1.21489;1.21495;1.21492;15;T;True;1
1621252666000;14176820;1.21489;1.21495;1.21492;0;T;True;1
1621252667000;14176831;1.21488;1.21494;1.21491;10;T;True;1
1621252668000;14176833;1.21488;1.21494;1.21491;1;T;True;1
1621252669000;14176835;1.21488;1.21494;1.21491;1;T;True;1
1621252670000;14176839;1.21488;1.21494;1.21491;3;T;True;1
1621252671000;14176841;1.21488;1.21494;1.21491;1;T;True;1
1621252672000;14176846;1.21488;1.21494;1.21491;4;T;True;1
1621252673000;14176857;1.21484;1.2149;1.21487;10;T;True;1
1621252674000;14176864;1.21484;1.2149;1.21487;6;T;True;1
1621252675000;14176872;1.21483;1.21489;1.21486;7;T;True;1
1621252676000;14176874;1.21482;1.21488;1.21485;1;T;True;1
1621252677000;14176879;1.21482;1.21488;1.21485;4;T;True;1
1621252678000;14176889;1.21482;1.21488;1.21485;9;T;True;1
1621252679000;14176903;1.21479;1.21485;1.21482;13;T;True;1
1621252680000;14176913;1.21478;1.21484;1.21481;9;T;True;1
1621252681000;14176917;1.21477;1.21483;1.2148;3;T;True;1
1621252682000;14176930;1.21477;1.21483;1.2148;12;T;True;1
1621252683000;14176937;1.21477;1.21483;1.2148;6;T;True;1
1621252684000;14176947;1.21472;1.21478;1.21475;9;T;True;1
1621252685000;14176951;1.21469;1.21475;1.21472;3;T;True;1
1621252686000;14176967;1.21472;1.21478;1.21475;15;T;True;1
1621252687000;14176973;1.21477;1.21483;1.2148;5;T;True;1
1621252688000;14176975;1.21477;1.21483;1.2148;1;T;True;1
1621252689000;14176980;1.21476;1.21482;1.21479;4;T;True;1
1621252690000;14176984;1.21474;1.2148;1.21477;3;T;True;1
1621252691000;14176985;1.21474;1.2148;1.21477;0;T;True;1
1621252692000;14176986;1.21474;1.2148;1.21477;0;T;True;1
1621252693000;14176992;1.21468;1.21474;1.21471;5;T;True;1
1621252694000;14176993;1.21468;1.21474;1.21471;0;T;True;1
1621252695000;14176995;1.21469;1.21475;1.21472;1;T;True;1
1621252696000;14177000;1.21472;1.21478;1.21475;4;T;True;1
1621252697000;14177003;1.21472;1.21478;1.21475;2;T;True;1
1621252698000;14177004;1.21472;1.21478;1.21475;0;T;True;1
1621252699000;14177005;1.21472;1.21478;1.21475;0;T;True;1
1621252700000;14177008;1.21472;1.21478;1.21475;2;T;True;1
1621252701000;14177009;1.21472;1.21478;1.21475;0;T;True;1
1621252702000;14177010;1.21472;1.21478;1.21475;0;T;True;1
1621252703000;14177011;1.21472;1.21478;1.21475;0;T;True;1
1621252704000;14177012;1.21472;1.21478;1.21475;0;T;True;1
1621252705000;14177013;1.21472;1.21478;1.21475;0;T;True;1
1621252706000;14177014;1.21472;1.21478;1.21475;0;T;True;1
1621252707000;14177015;1.21472;1.21478;1.21475;0;T;True;1
1621252708000;14177016;1.21472;1.21478;1.21475;0;T;True;1
1621252709000;14177017;1.21472;1.21478;1.21475;0;T;True;1
1621252710000;14177018;1.21472;1.21478;1.21475;0;T;True;1
1621252711000;14177019;1.21472;1.21478;1.21475;0;T;True;1
1621252712000;14177021;1.21472;1.21478;1.21475;1;T;True;1
1621252713000;14177038;1.21476;1.21482;1.21479;16;T;True;1
1621252714000;14177044;1.21474;1.2148;1.21477;5;T;True;1
1621252715000;14177045;1.21474;1.2148;1.21477;0;T;True;1
1621252716000;14177048;1.21474;1.2148;1.21477;2;T;True;1
1621252717000;14177054;1.21477;1.21483;1.2148;5;T;True;1
1621252718000;14177056;1.21478;1.21484;1.21481;1;T;True;1
1621252719000;14177059;1.21478;1.21484;1.21481;2;T;True;1
1621252720000;14177060;1.21478;1.21484;1.21481;0;T;True;1
1621252721000;14177063;1.21478;1.21484;1.21481;2;T;True;1
1621252722000;14177066;1.21477;1.21483;1.2148;2;T;True;1
1621252723000;14177068;1.21477;1.21483;1.2148;1;T;True;1
1621252724000;14177070;1.21477;1.21483;1.2148;1;T;True;1
1621252725000;14177072;1.21477;1.21483;1.2148;1;T;True;1
1621252726000;14177076;1.21477;1.21483;1.2148;3;T;True;1
1621252727000;14177077;1.21477;1.21483;1.2148;0;T;True;1
1621252728000;14177078;1.21477;1.21483;1.2148;0;T;True;1
1621252729000;14177079;1.21477;1.21483;1.2148;0;T;True;1
1621252730000;14177080;1.21477;1.21483;1.2148;0;T;True;1
1621252731000;14177083;1.21478;1.21484;1.21481;2;T;True;1
1621252732000;14177089;1.21473;1.21479;1.21476;5;T;True;1
1621252733000;14177092;1.21473;1.21479;1.21476;2;T;True;1
1621252734000;14177097;1.21474;1.2148;1.21477;4;T;True;1
1621252735000;14177099;1.21473;1.21479;1.21476;1;T;True;1
1621252736000;14177100;1.21473;1.21479;1.21476;0;T;True;1
1621252737000;14177103;1.21472;1.21478;1.21475;2;T;True;1
1621252738000;14177106;1.21473;1.21479;1.21476;2;T;True;1
1621252739000;14177114;1.21473;1.21479;1.21476;7;T;True;1
1621252740000;14177120;1.21472;1.21478;1.21475;5;T;True;1
1621252741000;14177126;1.21473;1.21479;1.21476;5;T;True;1
1621252742000;14177131;1.21474;1.2148;1.21477;4;T;True;1
1621252743000;14177136;1.21476;1.21482;1.21479;4;T;True;1
1621252744000;14177145;1.21476;1.21482;1.21479;8;T;True;1
1621252745000;14177150;1.21476;1.21482;1.21479;4;T;True;1
1621252746000;14177158;1.21474;1.2148;1.21477;7;T;True;1
1621252747000;14177160;1.21474;1.2148;1.21477;1;T;True;1
1621252748000;14177165;1.21476;1.21482;1.21479;4;T;True;1
1621252749000;14177168;1.21476;1.21482;1.21479;2;T;True;1
1621252750000;14177169;1.21476;1.21482;1.21479;0;T;True;1
1621252751000;14177175;1.21477;1.21483;1.2148;5;T;True;1
1621252752000;14177183;1.21476;1.21482;1.21479;7;T;True;1
1621252753000;14177187;1.21476;1.21482;1.21479;3;T;True;1
1621252754000;14177189;1.21476;1.21482;1.21479;1;T;True;1
1621252755000;14177192;1.21476;1.21482;1.21479;2;T;True;1
1621252756000;14177195;1.21476;1.21482;1.21479;2;T;True;1
1621252757000;14177203;1.21474;1.2148;1.21477;7;T;True;1
1621252758000;14177208;1.21474;1.2148;1.21477;4;T;True;1
1621252759000;14177217;1.21468;1.21474;1.21471;8;T;True;1
1621252760000;14177219;1.21468;1.21474;1.21471;1;T;True;1
1621252761000;14177224;1.2147;1.21476;1.21473;4;T;True;1
1621252762000;14177225;1.2147;1.21476;1.21473;0;T;True;1
1621252763000;14177230;1.21472;1.21478;1.21475;4;T;True;1
1621252764000;14177231;1.21472;1.21478;1.21475;0;T;True;1
1621252765000;14177233;1.21473;1.21479;1.21476;1;T;True;1
1621252766000;14177234;1.21473;1.21479;1.21476;0;T;True;1
1621252767000;14177235;1.21473;1.21479;1.21476;0;T;True;1
1621252768000;14177237;1.21474;1.2148;1.21477;1;T;True;1
1621252769000;14177241;1.21472;1.21478;1.21475;3;T;True;1
1621252770000;14177246;1.21465;1.21471;1.21468;4;T;True;1
1621252771000;14177249;1.21463;1.21469;1.21466;2;T;True;1
1621252772000;14177251;1.21462;1.21468;1.21465;1;T;True;1
1621252773000;14177257;1.21465;1.21471;1.21468;5;T;True;1
1621252774000;14177263;1.21464;1.2147;1.21467;5;T;True;1
1621252775000;14177265;1.21463;1.21469;1.21466;1;T;True;1
1621252776000;14177266;1.21463;1.21469;1.21466;0;T;True;1
1621252777000;14177272;1.21464;1.2147;1.21467;5;T;True;1
1621252778000;14177276;1.21468;1.21474;1.21471;3;T;True;1
1621252779000;14177277;1.21468;1.21474;1.21471;0;T;True;1
1621252780000;14177278;1.21468;1.21474;1.21471;0;T;True;1
1621252781000;14177280;1.21467;1.21473;1.2147;1;T;True;1
1621252782000;14177282;1.21466;1.21472;1.21469;1;T;True;1
1621252783000;14177283;1.21466;1.21472;1.21469;0;T;True;1
1621252784000;14177284;1.21466;1.21472;1.21469;0;T;True;1
1621252785000;14177287;1.21466;1.21472;1.21469;2;T;True;1
1621252786000;14177292;1.21466;1.21472;1.21469;4;T;True;1
1621252787000;14177304;1.21454;1.2146;1.21457;11;T;True;1
1621252788000;14177312;1.21454;1.2146;1.21457;7;T;True;1
1621252789000;14177320;1.21458;1.21464;1.21461;7;T;True;1
1621252790000;14177321;1.21458;1.21464;1.21461;0;T;True;1
1621252791000;14177324;1.21458;1.21464;1.21461;2;T;True;1
1621252792000;14177330;1.21462;1.21468;1.21465;5;T;True;1
1621252793000;14177336;1.21468;1.21474;1.21471;5;T;True;1
1621252794000;14177340;1.21468;1.21474;1.21471;3;T;True;1
1621252795000;14177345;1.21467;1.21473;1.2147;4;T;True;1
1621252796000;14177348;1.21468;1.21474;1.21471;2;T;True;1
1621252797000;14177351;1.21466;1.21472;1.21469;2;T;True;1
1621252798000;14177354;1.21464;1.2147;1.21467;2;T;True;1
1621252799000;14177365;1.21465;1.21471;1.21468;10;T;True;1
1621252800000;14177378;1.21464;1.2147;1.21467;12;T;True;1
1621252801000;14177389;1.21467;1.21473;1.2147;10;T;True;1
1621252802000;14177404;1.21468;1.21474;1.21471;14;T;True;1
1621252803000;14177408;1.21468;1.21474;1.21471;3;T;True;1
1621252804000;14177412;1.21467;1.21473;1.2147;3;T;True;1
1621252805000;14177414;1.21467;1.21473;1.2147;1;T;True;1
1621252806000;14177421;1.21468;1.21474;1.21471;6;T;True;1
1621252807000;14177424;1.21468;1.21474;1.21471;2;T;True;1
1621252808000;14177435;1.2147;1.21476;1.21473;10;T;True;1
1621252809000;14177444;1.21471;1.21477;1.21474;8;T;True;1
1621252810000;14177447;1.21472;1.21478;1.21475;2;T;True;1
1621252811000;14177455;1.21478;1.21484;1.21481;7;T;True;1
1621252812000;14177458;1.21478;1.21484;1.21481;2;T;True;1
1621252813000;14177462;1.21476;1.21482;1.21479;3;T;True;1
1621252814000;14177465;1.21476;1.21482;1.21479;2;T;True;1
1621252815000;14177467;1.21476;1.21482;1.21479;1;T;True;1
1621252816000;14177477;1.21476;1.21482;1.21479;9;T;True;1
1621252817000;14177480;1.21474;1.2148;1.21477;2;T;True;1
1621252818000;14177481;1.21474;1.2148;1.21477;0;T;True;1
1621252819000;14177484;1.21474;1.2148;1.21477;2;T;True;1
1621252820000;14177488;1.21476;1.21482;1.21479;3;T;True;1
1621252821000;14177492;1.21475;1.21481;1.21478;3;T;True;1
1621252822000;14177495;1.21476;1.21482;1.21479;2;T;True;1
1621252823000;14177498;1.21476;1.21482;1.21479;2;T;True;1
1621252824000;14177501;1.21474;1.2148;1.21477;2;T;True;1
1621252825000;14177506;1.21476;1.21482;1.21479;4;T;True;1
1621252826000;14177509;1.21476;1.21482;1.21479;2;T;True;1
1621252827000;14177511;1.21476;1.21482;1.21479;1;T;True;1
1621252828000;14177512;1.21476;1.21482;1.21479;0;T;True;1
1621252829000;14177515;1.21476;1.21482;1.21479;2;T;True;1
1621252830000;14177529;1.2148;1.21486;1.21483;13;T;True;1
1621252831000;14177537;1.21483;1.21489;1.21486;7;T;True;1
1621252832000;14177543;1.21483;1.21489;1.21486;5;T;True;1
1621252833000;14177548;1.21483;1.21489;1.21486;4;T;True;1
1621252834000;14177550;1.21483;1.21489;1.21486;1;T;True;1
1621252835000;14177551;1.21483;1.21489;1.21486;0;T;True;1
1621252836000;14177557;1.2148;1.21486;1.21483;5;T;True;1
1621252837000;14177564;1.21478;1.21484;1.21481;6;T;True;1
1621252838000;14177574;1.21476;1.21482;1.21479;9;T;True;1
1621252839000;14177579;1.21476;1.21482;1.21479;4;T;True;1
1621252840000;14177581;1.21476;1.21482;1.21479;1;T;True;1
1621252841000;14177585;1.21474;1.2148;1.21477;3;T;True;1
1621252842000;14177589;1.21474;1.2148;1.21477;3;T;True;1
1621252843000;14177592;1.21474;1.2148;1.21477;2;T;True;1
1621252844000;14177593;1.21474;1.2148;1.21477;0;T;True;1
1621252845000;14177594;1.21474;1.2148;1.21477;0;T;True;1
1621252846000;14177600;1.21474;1.2148;1.21477;5;T;True;1
1621252847000;14177601;1.21474;1.2148;1.21477;0;T;True;1
1621252848000;14177602;1.21474;1.2148;1.21477;0;T;True;1
1621252849000;14177603;1.21474;1.2148;1.21477;0;T;True;1
1621252850000;14177604;1.21474;1.2148;1.21477;0;T;True;1
1621252851000;14177606;1.21476;1.21482;1.21479;1;T;True;1
1621252852000;14177607;1.21476;1.21482;1.21479;0;T;True;1
1621252853000;14177609;1.21476;1.21482;1.21479;1;T;True;1
1621252854000;14177612;1.21476;1.21482;1.21479;2;T;True;1
1621252855000;14177618;1.21476;1.21482;1.21479;5;T;True;1
1621252856000;14177622;1.21476;1.21482;1.21479;3;T;True;1
1621252857000;14177625;1.21476;1.21482;1.21479;2;T;True;1
1621252858000;14177635;1.21477;1.21483;1.2148;9;T;True;1
1621252859000;14177636;1.21477;1.21483;1.2148;0;T;True;1
1621252860000;14177639;1.21475;1.21481;1.21478;2;T;True;1
1621252861000;14177644;1.21472;1.21478;1.21475;4;T;True;1
1621252862000;14177658;1.21467;1.21473;1.2147;13;T;True;1
1621252863000;14177669;1.21468;1.21474;1.21471;10;T;True;1
1621252864000;14177670;1.21468;1.21474;1.21471;0;T;True;1
1621252865000;14177672;1.21469;1.21475;1.21472;1;T;True;1
1621252866000;14177678;1.21473;1.21479;1.21476;5;T;True;1
1621252867000;14177680;1.21474;1.2148;1.21477;1;T;True;1
1621252868000;14177681;1.21474;1.2148;1.21477;0;T;True;1
1621252869000;14177691;1.21477;1.21483;1.2148;9;T;True;1
1621252870000;14177692;1.21477;1.21483;1.2148;0;T;True;1
1621252871000;14177694;1.21478;1.21484;1.21481;1;T;True;1
1621252872000;14177698;1.21478;1.21484;1.21481;3;T;True;1
1621252873000;14177704;1.21474;1.2148;1.21477;5;T;True;1
1621252874000;14177707;1.21473;1.21479;1.21476;2;T;True;1
1621252875000;14177713;1.21475;1.21481;1.21478;5;T;True;1
1621252876000;14177719;1.21474;1.2148;1.21477;5;T;True;1
1621252877000;14177722;1.21476;1.21482;1.21479;2;T;True;1
1621252878000;14177726;1.21474;1.2148;1.21477;3;T;True;1
1621252879000;14177728;1.21474;1.2148;1.21477;1;T;True;1
1621252880000;14177730;1.21474;1.2148;1.21477;1;T;True;1
1621252881000;14177731;1.21474;1.2148;1.21477;0;T;True;1
1621252882000;14177733;1.21474;1.2148;1.21477;1;T;True;1
1621252883000;14177734;1.21474;1.2148;1.21477;0;T;True;1
1621252884000;14177735;1.21474;1.2148;1.21477;0;T;True;1
1621252885000;14177736;1.21474;1.2148;1.21477;0;T;True;1
1621252886000;14177741;1.21476;1.21482;1.21479;4;T;True;1
1621252887000;14177742;1.21476;1.21482;1.21479;0;T;True;1
1621252888000;14177744;1.21474;1.2148;1.21477;1;T;True;1
1621252889000;14177750;1.21474;1.2148;1.21477;5;T;True;1
1621252890000;14177752;1.21475;1.21481;1.21478;1;T;True;1
1621252891000;14177753;1.21475;1.21481;1.21478;0;T;True;1
1621252892000;14177758;1.21476;1.21482;1.21479;4;T;True;1
1621252893000;14177765;1.21476;1.21482;1.21479;6;T;True;1
1621252894000;14177769;1.21476;1.21482;1.21479;3;T;True;1
1621252895000;14177770;1.21476;1.21482;1.21479;0;T;True;1
1621252896000;14177773;1.21476;1.21482;1.21479;2;T;True;1
1621252897000;14177774;1.21476;1.21482;1.21479;0;T;True;1
1621252898000;14177777;1.21476;1.21482;1.21479;2;T;True;1
1621252899000;14177778;1.21476;1.21482;1.21479;0;T;True;1
1621252900000;14177779;1.21476;1.21482;1.21479;0;T;True;1
1621252901000;14177783;1.21476;1.21482;1.21479;3;T;True;1
1621252902000;14177790;1.21476;1.21482;1.21479;6;T;True;1
1621252903000;14177797;1.21477;1.21483;1.2148;6;T;True;1
1621252904000;14177798;1.21477;1.21483;1.2148;0;T;True;1
1621252905000;14177803;1.21477;1.21483;1.2148;4;T;True;1
1621252906000;14177806;1.21478;1.21484;1.21481;2;T;True;1
1621252907000;14177808;1.21479;1.21485;1.21482;1;T;True;1
1621252908000;14177810;1.21478;1.21484;1.21481;1;T;True;1
1621252909000;14177811;1.21478;1.21484;1.21481;0;T;True;1
1621252910000;14177812;1.21478;1.21484;1.21481;0;T;True;1
1621252911000;14177816;1.2148;1.21486;1.21483;3;T;True;1
1621252912000;14177817;1.2148;1.21486;1.21483;0;T;True;1
1621252913000;14177819;1.2148;1.21486;1.21483;1;T;True;1
1621252914000;14177820;1.2148;1.21486;1.21483;0;T;True;1
1621252915000;14177821;1.2148;1.21486;1.21483;0;T;True;1
1621252916000;14177822;1.2148;1.21486;1.21483;0;T;True;1
1621252917000;14177825;1.21479;1.21485;1.21482;2;T;True;1
1621252918000;14177827;1.21478;1.21484;1.21481;1;T;True;1
1621252919000;14177830;1.21478;1.21484;1.21481;2;T;True;1
1621252920000;14177832;1.21478;1.21484;1.21481;1;T;True;1
1621252921000;14177835;1.21478;1.21484;1.21481;2;T;True;1
1621252922000;14177837;1.21478;1.21484;1.21481;1;T;True;1
1621252923000;14177841;1.21478;1.21484;1.21481;3;T;True;1
1621252924000;14177842;1.21478;1.21484;1.21481;0;T;True;1
1621252925000;14177848;1.21477;1.21483;1.2148;5;T;True;1
1621252926000;14177856;1.21478;1.21484;1.21481;7;T;True;1
1621252927000;14177861;1.2148;1.21486;1.21483;4;T;True;1
1621252928000;14177862;1.2148;1.21486;1.21483;0;T;True;1
1621252929000;14177863;1.2148;1.21486;1.21483;0;T;True;1
1621252930000;14177864;1.2148;1.21486;1.21483;0;T;True;1
1621252931000;14177866;1.21479;1.21485;1.21482;1;T;True;1
1621252932000;14177867;1.21479;1.21485;1.21482;0;T;True;1
1621252933000;14177868;1.21479;1.21485;1.21482;0;T;True;1
1621252934000;14177869;1.21479;1.21485;1.21482;0;T;True;1
1621252935000;14177870;1.21479;1.21485;1.21482;0;T;True;1
1621252936000;14177871;1.21479;1.21485;1.21482;0;T;True;1
1621252937000;14177873;1.2148;1.21486;1.21483;1;T;True;1
1621252938000;14177874;1.2148;1.21486;1.21483;0;T;True;1
1621252939000;14177881;1.21482;1.21488;1.21485;6;T;True;1
1621252940000;14177884;1.21483;1.21489;1.21486;2;T;True;1
1621252941000;14177890;1.21486;1.21492;1.21489;5;T;True;1
1621252942000;14177892;1.21486;1.21492;1.21489;1;T;True;1
1621252943000;14177895;1.21488;1.21494;1.21491;2;T;True;1
1621252944000;14177896;1.21488;1.21494;1.21491;0;T;True;1
1621252945000;14177900;1.21489;1.21495;1.21492;3;T;True;1
1621252946000;14177904;1.21488;1.21494;1.21491;3;T;True;1
1621252947000;14177907;1.21489;1.21495;1.21492;2;T;True;1
1621252948000;14177909;1.21489;1.21495;1.21492;1;T;True;1
1621252949000;14177910;1.21489;1.21495;1.21492;0;T;True;1
1621252950000;14177913;1.2149;1.21496;1.21493;2;T;True;1
1621252951000;14177915;1.2149;1.21496;1.21493;1;T;True;1
1621252952000;14177917;1.2149;1.21496;1.21493;1;T;True;1
1621252953000;14177921;1.2149;1.21496;1.21493;3;T;True;1
1621252954000;14177924;1.2149;1.21496;1.21493;2;T;True;1
1621252955000;14177925;1.2149;1.21496;1.21493;0;T;True;1
1621252956000;14177928;1.21491;1.21497;1.21494;2;T;True;1
1621252957000;14177930;1.21492;1.21498;1.21495;1;T;True;1
1621252958000;14177931;1.21492;1.21498;1.21495;0;T;True;1
1621252959000;14177936;1.21495;1.21501;1.21498;4;T;True;1
1621252960000;14177937;1.21495;1.21501;1.21498;0;T;True;1
1621252961000;14177938;1.21495;1.21501;1.21498;0;T;True;1
1621252962000;14177939;1.21495;1.21501;1.21498;0;T;True;1
1621252963000;14177940;1.21495;1.21501;1.21498;0;T;True;1
1621252964000;14177941;1.21495;1.21501;1.21498;0;T;True;1
1621252965000;14177944;1.21494;1.215;1.21497;2;T;True;1
1621252966000;14177945;1.21494;1.215;1.21497;0;T;True;1
1621252967000;14177946;1.21494;1.215;1.21497;0;T;True;1
1621252968000;14177947;1.21494;1.215;1.21497;0;T;True;1
1621252969000;14177948;1.21494;1.215;1.21497;0;T;True;1
1621252970000;14177949;1.21494;1.215;1.21497;0;T;True;1
1621252971000;14177950;1.21494;1.215;1.21497;0;T;True;1
1621252972000;14177951;1.21494;1.215;1.21497;0;T;True;1
1621252973000;14177952;1.21494;1.215;1.21497;0;T;True;1
1621252974000;14177953;1.21494;1.215;1.21497;0;T;True;1
1621252975000;14177954;1.21494;1.215;1.21497;0;T;True;1
1621252976000;14177956;1.21495;1.21501;1.21498;1;T;True;1
1621252977000;14177958;1.21494;1.215;1.21497;1;T;True;1
1621252978000;14177961;1.21495;1.21501;1.21498;2;T;True;1
1621252979000;14177962;1.21495;1.21501;1.21498;0;T;True;1
1621252980000;14177963;1.21495;1.21501;1.21498;0;T;True;1
1621252981000;14177966;1.21495;1.21501;1.21498;2;T;True;1
1621252982000;14177967;1.21495;1.21501;1.21498;0;T;True;1
1621252983000;14177974;1.215;1.21506;1.21503;6;T;True;1
1621252984000;14177975;1.215;1.21506;1.21503;0;T;True;1
1621252985000;14177976;1.215;1.21506;1.21503;0;T;True;1
1621252986000;14177977;1.215;1.21506;1.21503;0;T;True;1
1621252987000;14177978;1.215;1.21506;1.21503;0;T;True;1
1621252988000;14177979;1.215;1.21506;1.21503;0;T;True;1
1621252989000;14177980;1.215;1.21506;1.21503;0;T;True;1
1621252990000;14177985;1.21499;1.21505;1.21502;4;T;True;1
1621252991000;14177987;1.21499;1.21505;1.21502;1;T;True;1
1621252992000;14177988;1.21499;1.21505;1.21502;0;T;True;1
1621252993000;14177990;1.215;1.21506;1.21503;1;T;True;1
1621252994000;14177998;1.215;1.21506;1.21503;7;T;True;1
1621252995000;14177999;1.215;1.21506;1.21503;0;T;True;1
1621252996000;14178000;1.215;1.21506;1.21503;0;T;True;1
1621252997000;14178001;1.215;1.21506;1.21503;0;T;True;1
1621252998000;14178003;1.215;1.21506;1.21503;1;T;True;1
1621252999000;14178004;1.215;1.21506;1.21503;0;T;True;1
1621253000000;14178005;1.215;1.21506;1.21503;0;T;True;1
1621253001000;14178006;1.215;1.21506;1.21503;0;T;True;1
1621253002000;14178007;1.215;1.21506;1.21503;0;T;True;1
1621253003000;14178010;1.21499;1.21505;1.21502;2;T;True;1
1621253004000;14178011;1.21499;1.21505;1.21502;0;T;True;1
1621253005000;14178013;1.215;1.21506;1.21503;1;T;True;1
1621253006000;14178017;1.21504;1.2151;1.21507;3;T;True;1
1621253007000;14178018;1.21504;1.2151;1.21507;0;T;True;1
1621253008000;14178022;1.21501;1.21507;1.21504;3;T;True;1
1621253009000;14178025;1.215;1.21506;1.21503;2;T;True;1
1621253010000;14178026;1.215;1.21506;1.21503;0;T;True;1
1621253011000;14178027;1.215;1.21506;1.21503;0;T;True;1
1621253012000;14178028;1.215;1.21506;1.21503;0;T;True;1
1621253013000;14178029;1.215;1.21506;1.21503;0;T;True;1
1621253014000;14178030;1.215;1.21506;1.21503;0;T;True;1
1621253015000;14178033;1.215;1.21506;1.21503;2;T;True;1
1621253016000;14178036;1.21498;1.21504;1.21501;2;T;True;1
1621253017000;14178039;1.21498;1.21504;1.21501;2;T;True;1
1621253018000;14178043;1.21498;1.21504;1.21501;3;T;True;1
1621253019000;14178045;1.21498;1.21504;1.21501;1;T;True;1
1621253020000;14178046;1.21498;1.21504;1.21501;0;T;True;1
1621253021000;14178048;1.21498;1.21504;1.21501;1;T;True;1
1621253022000;14178050;1.21498;1.21504;1.21501;1;T;True;1
1621253023000;14178058;1.21505;1.21511;1.21508;7;T;True;1
1621253024000;14178063;1.21506;1.21512;1.21509;4;T;True;1
1621253025000;14178066;1.21505;1.21511;1.21508;2;T;True;1
1621253026000;14178068;1.21505;1.21511;1.21508;1;T;True;1
1621253027000;14178069;1.21505;1.21511;1.21508;0;T;True;1
1621253028000;14178071;1.21505;1.21511;1.21508;1;T;True;1
1621253029000;14178072;1.21505;1.21511;1.21508;0;T;True;1
1621253030000;14178075;1.21504;1.2151;1.21507;2;T;True;1
1621253031000;14178076;1.21504;1.2151;1.21507;0;T;True;1
1621253032000;14178078;1.21504;1.2151;1.21507;1;T;True;1
1621253033000;14178079;1.21504;1.2151;1.21507;0;T;True;1
1621253034000;14178085;1.21506;1.21512;1.21509;5;T;True;1
1621253035000;14178086;1.21506;1.21512;1.21509;0;T;True;1
1621253036000;14178087;1.21506;1.21512;1.21509;0;T;True;1
1621253037000;14178091;1.21508;1.21514;1.21511;3;T;True;1
1621253038000;14178092;1.21508;1.21514;1.21511;0;T;True;1
1621253039000;14178093;1.21508;1.21514;1.21511;0;T;True;1
1621253040000;14178103;1.21508;1.21514;1.21511;9;T;True;1
1621253041000;14178107;1.21508;1.21514;1.21511;3;T;True;1
1621253042000;14178114;1.21507;1.21513;1.2151;6;T;True;1
1621253043000;14178117;1.21508;1.21514;1.21511;2;T;True;1
1621253044000;14178118;1.21508;1.21514;1.21511;0;T;True;1
1621253045000;14178129;1.2151;1.21516;1.21513;10;T;True;1
1621253046000;14178132;1.2151;1.21516;1.21513;2;T;True;1
1621253047000;14178134;1.2151;1.21516;1.21513;1;T;True;1
1621253048000;14178145;1.21508;1.21514;1.21511;10;T;True;1
1621253049000;14178148;1.2151;1.21516;1.21513;2;T;True;1
1621253050000;14178149;1.2151;1.21516;1.21513;0;T;True;1
1621253051000;14178155;1.21511;1.21517;1.21514;5;T;True;1
1621253052000;14178156;1.21511;1.21517;1.21514;0;T;True;1
1621253053000;14178168;1.21515;1.21521;1.21518;11;T;True;1
1621253054000;14178169;1.21515;1.21521;1.21518;0;T;True;1
1621253055000;14178170;1.21515;1.21521;1.21518;0;T;True;1
1621253056000;14178171;1.21515;1.21521;1.21518;0;T;True;1
1621253057000;14178172;1.21515;1.21521;1.21518;0;T;True;1
1621253058000;14178175;1.21514;1.2152;1.21517;2;T;True;1
1621253059000;14178180;1.21511;1.21517;1.21514;4;T;True;1
1621253060000;14178203;1.2152;1.21526;1.21523;22;T;True;1
1621253061000;14178205;1.2152;1.21526;1.21523;1;T;True;1
1621253062000;14178210;1.21519;1.21525;1.21522;4;T;True;1
1621253063000;14178211;1.21519;1.21525;1.21522;0;T;True;1
1621253064000;14178212;1.21519;1.21525;1.21522;0;T;True;1
1621253065000;14178213;1.21519;1.21525;1.21522;0;T;True;1
1621253066000;14178225;1.21515;1.21521;1.21518;11;T;True;1
1621253067000;14178227;1.21514;1.2152;1.21517;1;T;True;1
1621253068000;14178228;1.21514;1.2152;1.21517;0;T;True;1
1621253069000;14178237;1.2152;1.21526;1.21523;8;T;True;1
1621253070000;14178240;1.2152;1.21526;1.21523;2;T;True;1
1621253071000;14178241;1.2152;1.21526;1.21523;0;T;True;1
1621253072000;14178243;1.2152;1.21526;1.21523;1;T;True;1
1621253073000;14178245;1.2152;1.21526;1.21523;1;T;True;1
1621253074000;14178246;1.2152;1.21526;1.21523;0;T;True;1
1621253075000;14178247;1.2152;1.21526;1.21523;0;T;True;1
1621253076000;14178251;1.21519;1.21525;1.21522;3;T;True;1
1621253077000;14178252;1.21519;1.21525;1.21522;0;T;True;1
1621253078000;14178254;1.2152;1.21526;1.21523;1;T;True;1
1621253079000;14178261;1.21518;1.21524;1.21521;6;T;True;1
1621253080000;14178266;1.21519;1.21525;1.21522;4;T;True;1
1621253081000;14178271;1.21518;1.21524;1.21521;4;T;True;1
1621253082000;14178272;1.21518;1.21524;1.21521;0;T;True;1
1621253083000;14178276;1.21516;1.21522;1.21519;3;T;True;1
1621253084000;14178279;1.21516;1.21522;1.21519;2;T;True;1
1621253085000;14178286;1.21518;1.21524;1.21521;6;T;True;1
1621253086000;14178290;1.21516;1.21522;1.21519;3;T;True;1
1621253087000;14178291;1.21516;1.21522;1.21519;0;T;True;1
1621253088000;14178292;1.21516;1.21522;1.21519;0;T;True;1
1621253089000;14178295;1.21518;1.21524;1.21521;2;T;True;1
1621253090000;14178296;1.21518;1.21524;1.21521;0;T;True;1
1621253091000;14178303;1.21518;1.21524;1.21521;6;T;True;1
1621253092000;14178306;1.21517;1.21523;1.2152;2;T;True;1
1621253093000;14178307;1.21517;1.21523;1.2152;0;T;True;1
1621253094000;14178315;1.21511;1.21517;1.21514;7;T;True;1
1621253095000;14178322;1.21506;1.21512;1.21509;6;T;True;1
1621253096000;14178325;1.21508;1.21514;1.21511;2;T;True;1
1621253097000;14178326;1.21508;1.21514;1.21511;0;T;True;1
1621253098000;14178328;1.21507;1.21513;1.2151;1;T;True;1
1621253099000;14178329;1.21507;1.21513;1.2151;0;T;True;1
1621253100000;14178330;1.21507;1.21513;1.2151;0;T;True;1
1621253101000;14178333;1.21506;1.21512;1.21509;2;T;True;1
1621253102000;14178342;1.21502;1.21508;1.21505;8;T;True;1
1621253103000;14178344;1.215;1.21506;1.21503;1;T;True;1
1621253104000;14178348;1.215;1.21506;1.21503;3;T;True;1
1621253105000;14178351;1.215;1.21506;1.21503;2;T;True;1
1621253106000;14178354;1.215;1.21506;1.21503;2;T;True;1
1621253107000;14178355;1.215;1.21506;1.21503;0;T;True;1
1621253108000;14178356;1.215;1.21506;1.21503;0;T;True;1
1621253109000;14178359;1.21502;1.21508;1.21505;2;T;True;1
1621253110000;14178362;1.21504;1.2151;1.21507;2;T;True;1
1621253111000;14178364;1.21504;1.2151;1.21507;1;T;True;1
1621253112000;14178365;1.21504;1.2151;1.21507;0;T;True;1
1621253113000;14178367;1.21504;1.2151;1.21507;1;T;True;1
1621253114000;14178368;1.21504;1.2151;1.21507;0;T;True;1
1621253115000;14178369;1.21504;1.2151;1.21507;0;T;True;1
1621253116000;14178370;1.21504;1.2151;1.21507;0;T;True;1
1621253117000;14178375;1.21509;1.21515;1.21512;4;T;True;1
1621253118000;14178377;1.21508;1.21514;1.21511;1;T;True;1
1621253119000;14178378;1.21508;1.21514;1.21511;0;T;True;1
1621253120000;14178379;1.21508;1.21514;1.21511;0;T;True;1
1621253121000;14178381;1.21509;1.21515;1.21512;1;T;True;1
1621253122000;14178382;1.21509;1.21515;1.21512;0;T;True;1
1621253123000;14178384;1.21508;1.21514;1.21511;1;T;True;1
1621253124000;14178387;1.21508;1.21514;1.21511;2;T;True;1
1621253125000;14178392;1.21508;1.21514;1.21511;4;T;True;1
1621253126000;14178393;1.21508;1.21514;1.21511;0;T;True;1
1621253127000;14178394;1.21508;1.21514;1.21511;0;T;True;1
1621253128000;14178395;1.21508;1.21514;1.21511;0;T;True;1
1621253129000;14178396;1.21508;1.21514;1.21511;0;T;True;1
1621253130000;14178398;1.21509;1.21515;1.21512;1;T;True;1
1621253131000;14178399;1.21509;1.21515;1.21512;0;T;True;1
1621253132000;14178402;1.21508;1.21514;1.21511;2;T;True;1
1621253133000;14178404;1.21507;1.21513;1.2151;1;T;True;1
1621253134000;14178409;1.21504;1.2151;1.21507;4;T;True;1
1621253135000;14178412;1.21504;1.2151;1.21507;2;T;True;1
1621253136000;14178421;1.21507;1.21513;1.2151;8;T;True;1
1621253137000;14178423;1.21508;1.21514;1.21511;1;T;True;1
1621253138000;14178424;1.21508;1.21514;1.21511;0;T;True;1
1621253139000;14178426;1.21508;1.21514;1.21511;1;T;True;1
1621253140000;14178429;1.21508;1.21514;1.21511;2;T;True;1
1621253141000;14178431;1.21508;1.21514;1.21511;1;T;True;1
1621253142000;14178432;1.21508;1.21514;1.21511;0;T;True;1
1621253143000;14178438;1.21504;1.2151;1.21507;5;T;True;1
1621253144000;14178440;1.21504;1.2151;1.21507;1;T;True;1
1621253145000;14178443;1.21503;1.21509;1.21506;2;T;True;1
1621253146000;14178444;1.21503;1.21509;1.21506;0;T;True;1
1621253147000;14178449;1.215;1.21506;1.21503;4;T;True;1
1621253148000;14178460;1.21494;1.215;1.21497;10;T;True;1
1621253149000;14178461;1.21494;1.215;1.21497;0;T;True;1
1621253150000;14178462;1.21494;1.215;1.21497;0;T;True;1
1621253151000;14178463;1.21494;1.215;1.21497;0;T;True;1
1621253152000;14178467;1.21498;1.21504;1.21501;3;T;True;1
1621253153000;14178470;1.21499;1.21505;1.21502;2;T;True;1
1621253154000;14178472;1.215;1.21506;1.21503;1;T;True;1
1621253155000;14178473;1.215;1.21506;1.21503;0;T;True;1
1621253156000;14178475;1.21499;1.21505;1.21502;1;T;True;1
1621253157000;14178478;1.215;1.21506;1.21503;2;T;True;1
1621253158000;14178479;1.215;1.21506;1.21503;0;T;True;1
1621253159000;14178480;1.215;1.21506;1.21503;0;T;True;1
1621253160000;14178483;1.21499;1.21505;1.21502;2;T;True;1
1621253161000;14178489;1.21498;1.21504;1.21501;5;T;True;1
1621253162000;14178491;1.21496;1.21502;1.21499;1;T;True;1
1621253163000;14178492;1.21496;1.21502;1.21499;0;T;True;1
1621253164000;14178494;1.21496;1.21502;1.21499;1;T;True;1
1621253165000;14178495;1.21496;1.21502;1.21499;0;T;True;1
1621253166000;14178496;1.21496;1.21502;1.21499;0;T;True;1
1621253167000;14178501;1.21498;1.21504;1.21501;4;T;True;1
1621253168000;14178502;1.21498;1.21504;1.21501;0;T;True;1
1621253169000;14178503;1.21498;1.21504;1.21501;0;T;True;1
1621253170000;14178504;1.21498;1.21504;1.21501;0;T;True;1
1621253171000;14178505;1.21498;1.21504;1.21501;0;T;True;1
1621253172000;14178512;1.21504;1.2151;1.21507;6;T;True;1
1621253173000;14178515;1.21502;1.21508;1.21505;2;T;True;1
1621253174000;14178516;1.21502;1.21508;1.21505;0;T;True;1
1621253175000;14178520;1.21503;1.21509;1.21506;3;T;True;1
1621253176000;14178522;1.21504;1.2151;1.21507;1;T;True;1
1621253177000;14178525;1.21502;1.21508;1.21505;2;T;True;1
1621253178000;14178526;1.21502;1.21508;1.21505;0;T;True;1
1621253179000;14178528;1.21502;1.21508;1.21505;1;T;True;1
1621253180000;14178529;1.21502;1.21508;1.21505;0;T;True;1
1621253181000;14178530;1.21502;1.21508;1.21505;0;T;True;1
1621253182000;14178533;1.215;1.21506;1.21503;2;T;True;1
1621253183000;14178534;1.215;1.21506;1.21503;0;T;True;1
1621253184000;14178535;1.215;1.21506;1.21503;0;T;True;1
1621253185000;14178536;1.215;1.21506;1.21503;0;T;True;1
1621253186000;14178537;1.215;1.21506;1.21503;0;T;True;1
1621253187000;14178541;1.215;1.21506;1.21503;3;T;True;1
1621253188000;14178552;1.21496;1.21502;1.21499;10;T;True;1
1621253189000;14178555;1.21494;1.215;1.21497;2;T;True;1
1621253190000;14178556;1.21494;1.215;1.21497;0;T;True;1
1621253191000;14178557;1.21494;1.215;1.21497;0;T;True;1
1621253192000;14178560;1.21496;1.21502;1.21499;2;T;True;1
1621253193000;14178565;1.21498;1.21504;1.21501;4;T;True;1
1621253194000;14178567;1.21498;1.21504;1.21501;1;T;True;1
1621253195000;14178568;1.21498;1.21504;1.21501;0;T;True;1
1621253196000;14178569;1.21498;1.21504;1.21501;0;T;True;1
1621253197000;14178573;1.21499;1.21505;1.21502;3;T;True;1
1621253198000;14178576;1.21498;1.21504;1.21501;2;T;True;1
1621253199000;14178582;1.21496;1.21502;1.21499;5;T;True;1
1621253200000;14178583;1.21496;1.21502;1.21499;0;T;True;1
1621253201000;14178585;1.21496;1.21502;1.21499;1;T;True;1
1621253202000;14178586;1.21496;1.21502;1.21499;0;T;True;1
1621253203000;14178588;1.21496;1.21502;1.21499;1;T;True;1
1621253204000;14178589;1.21496;1.21502;1.21499;0;T;True;1
1621253205000;14178590;1.21496;1.21502;1.21499;0;T;True;1
1621253206000;14178592;1.21497;1.21503;1.215;1;T;True;1
1621253207000;14178596;1.21498;1.21504;1.21501;3;T;True;1
1621253208000;14178597;1.21498;1.21504;1.21501;0;T;True;1
1621253209000;14178598;1.21498;1.21504;1.21501;0;T;True;1
1621253210000;14178599;1.21498;1.21504;1.21501;0;T;True;1
1621253211000;14178600;1.21498;1.21504;1.21501;0;T;True;1
1621253212000;14178601;1.21498;1.21504;1.21501;0;T;True;1
1621253213000;14178603;1.215;1.21506;1.21503;1;T;True;1
1621253214000;14178605;1.215;1.21506;1.21503;1;T;True;1
1621253215000;14178606;1.215;1.21506;1.21503;0;T;True;1
1621253216000;14178608;1.215;1.21506;1.21503;1;T;True;1
1621253217000;14178609;1.215;1.21506;1.21503;0;T;True;1
1621253218000;14178613;1.21496;1.21502;1.21499;3;T;True;1
1621253219000;14178614;1.21496;1.21502;1.21499;0;T;True;1
1621253220000;14178615;1.21496;1.21502;1.21499;0;T;True;1
1621253221000;14178617;1.21494;1.215;1.21497;1;T;True;1
1621253222000;14178618;1.21494;1.215;1.21497;0;T;True;1
1621253223000;14178619;1.21494;1.215;1.21497;0;T;True;1
1621253224000;14178623;1.21496;1.21502;1.21499;3;T;True;1
1621253225000;14178626;1.21495;1.21501;1.21498;2;T;True;1
1621253226000;14178629;1.21494;1.215;1.21497;2;T;True;1
1621253227000;14178630;1.21494;1.215;1.21497;0;T;True;1
1621253228000;14178634;1.21494;1.215;1.21497;3;T;True;1
1621253229000;14178635;1.21494;1.215;1.21497;0;T;True;1
1621253230000;14178637;1.21494;1.215;1.21497;1;T;True;1
1621253231000;14178641;1.21494;1.215;1.21497;3;T;True;1
1621253232000;14178642;1.21494;1.215;1.21497;0;T;True;1
1621253233000;14178644;1.21494;1.215;1.21497;1;T;True;1
1621253234000;14178645;1.21494;1.215;1.21497;0;T;True;1
1621253235000;14178651;1.21496;1.21502;1.21499;5;T;True;1
1621253236000;14178652;1.21496;1.21502;1.21499;0;T;True;1
1621253237000;14178653;1.21496;1.21502;1.21499;0;T;True;1
1621253238000;14178654;1.21496;1.21502;1.21499;0;T;True;1
1621253239000;14178655;1.21496;1.21502;1.21499;0;T;True;1
1621253240000;14178658;1.21498;1.21504;1.21501;2;T;True;1
1621253241000;14178662;1.215;1.21506;1.21503;3;T;True;1
1621253242000;14178663;1.215;1.21506;1.21503;0;T;True;1
1621253243000;14178664;1.215;1.21506;1.21503;0;T;True;1
1621253244000;14178666;1.21499;1.21505;1.21502;1;T;True;1
1621253245000;14178667;1.21499;1.21505;1.21502;0;T;True;1
1621253246000;14178668;1.21499;1.21505;1.21502;0;T;True;1
1621253247000;14178669;1.21499;1.21505;1.21502;0;T;True;1
1621253248000;14178670;1.21499;1.21505;1.21502;0;T;True;1
1621253249000;14178671;1.21499;1.21505;1.21502;0;T;True;1
1621253250000;14178672;1.21499;1.21505;1.21502;0;T;True;1
1621253251000;14178673;1.21499;1.21505;1.21502;0;T;True;1
1621253252000;14178674;1.21499;1.21505;1.21502;0;T;True;1
1621253253000;14178676;1.215;1.21506;1.21503;1;T;True;1
1621253254000;14178677;1.215;1.21506;1.21503;0;T;True;1
1621253255000;14178678;1.215;1.21506;1.21503;0;T;True;1
1621253256000;14178679;1.215;1.21506;1.21503;0;T;True;1
1621253257000;14178680;1.215;1.21506;1.21503;0;T;True;1
1621253258000;14178684;1.21496;1.21502;1.21499;3;T;True;1
1621253259000;14178685;1.21496;1.21502;1.21499;0;T;True;1
1621253260000;14178689;1.21496;1.21502;1.21499;3;T;True;1
1621253261000;14178693;1.21495;1.21501;1.21498;3;T;True;1
1621253262000;14178696;1.21494;1.215;1.21497;2;T;True;1
1621253263000;14178700;1.2149;1.21496;1.21493;3;T;True;1
1621253264000;14178709;1.21492;1.21498;1.21495;8;T;True;1
1621253265000;14178710;1.21492;1.21498;1.21495;0;T;True;1
1621253266000;14178711;1.21492;1.21498;1.21495;0;T;True;1
1621253267000;14178712;1.21492;1.21498;1.21495;0;T;True;1
1621253268000;14178714;1.21492;1.21498;1.21495;1;T;True;1
1621253269000;14178716;1.21492;1.21498;1.21495;1;T;True;1
1621253270000;14178717;1.21492;1.21498;1.21495;0;T;True;1
1621253271000;14178724;1.2149;1.21496;1.21493;6;T;True;1
1621253272000;14178725;1.2149;1.21496;1.21493;0;T;True;1
1621253273000;14178727;1.2149;1.21496;1.21493;1;T;True;1
1621253274000;14178729;1.2149;1.21496;1.21493;1;T;True;1
1621253275000;14178736;1.21488;1.21494;1.21491;6;T;True;1
1621253276000;14178739;1.21489;1.21495;1.21492;2;T;True;1
1621253277000;14178740;1.21489;1.21495;1.21492;0;T;True;1
1621253278000;14178741;1.21489;1.21495;1.21492;0;T;True;1
1621253279000;14178743;1.21489;1.21495;1.21492;1;T;True;1
1621253280000;14178749;1.21493;1.21499;1.21496;5;T;True;1
1621253281000;14178751;1.21494;1.215;1.21497;1;T;True;1
1621253282000;14178758;1.21492;1.21498;1.21495;6;T;True;1
1621253283000;14178766;1.21486;1.21492;1.21489;7;T;True;1
1621253284000;14178771;1.21486;1.21492;1.21489;4;T;True;1
1621253285000;14178773;1.21487;1.21493;1.2149;1;T;True;1
1621253286000;14178780;1.21485;1.21491;1.21488;6;T;True;1
1621253287000;14178781;1.21485;1.21491;1.21488;0;T;True;1
1621253288000;14178786;1.21484;1.2149;1.21487;4;T;True;1
1621253289000;14178788;1.21483;1.21489;1.21486;1;T;True;1
1621253290000;14178792;1.21484;1.2149;1.21487;3;T;True;1
1621253291000;14178794;1.21484;1.2149;1.21487;1;T;True;1
1621253292000;14178795;1.21484;1.2149;1.21487;0;T;True;1
1621253293000;14178796;1.21484;1.2149;1.21487;0;T;True;1
1621253294000;14178797;1.21484;1.2149;1.21487;0;T;True;1
1621253295000;14178798;1.21484;1.2149;1.21487;0;T;True;1
1621253296000;14178799;1.21484;1.2149;1.21487;0;T;True;1
1621253297000;14178800;1.21484;1.2149;1.21487;0;T;True;1
1621253298000;14178806;1.21491;1.21497;1.21494;5;T;True;1
1621253299000;14178808;1.21492;1.21498;1.21495;1;T;True;1
1621253300000;14178809;1.21492;1.21498;1.21495;0;T;True;1
1621253301000;14178810;1.21492;1.21498;1.21495;0;T;True;1
1621253302000;14178812;1.21492;1.21498;1.21495;1;T;True;1
1621253303000;14178813;1.21492;1.21498;1.21495;0;T;True;1
1621253304000;14178815;1.21492;1.21498;1.21495;1;T;True;1
1621253305000;14178822;1.21489;1.21495;1.21492;6;T;True;1
1621253306000;14178829;1.21487;1.21493;1.2149;6;T;True;1
1621253307000;14178832;1.21487;1.21493;1.2149;2;T;True;1
1621253308000;14178842;1.21484;1.2149;1.21487;9;T;True;1
1621253309000;14178850;1.21482;1.21488;1.21485;7;T;True;1
1621253310000;14178851;1.21482;1.21488;1.21485;0;T;True;1
1621253311000;14178852;1.21482;1.21488;1.21485;0;T;True;1
1621253312000;14178856;1.2148;1.21486;1.21483;3;T;True;1
1621253313000;14178861;1.21479;1.21485;1.21482;4;T;True;1
1621253314000;14178863;1.21479;1.21485;1.21482;1;T;True;1
1621253315000;14178866;1.21478;1.21484;1.21481;2;T;True;1
1621253316000;14178868;1.2148;1.21486;1.21483;1;T;True;1
1621253317000;14178869;1.2148;1.21486;1.21483;0;T;True;1
1621253318000;14178870;1.2148;1.21486;1.21483;0;T;True;1
1621253319000;14178871;1.2148;1.21486;1.21483;0;T;True;1
1621253320000;14178872;1.2148;1.21486;1.21483;0;T;True;1
1621253321000;14178874;1.21479;1.21485;1.21482;1;T;True;1
1621253322000;14178876;1.21478;1.21484;1.21481;1;T;True;1
1621253323000;14178877;1.21478;1.21484;1.21481;0;T;True;1
1621253324000;14178879;1.21478;1.21484;1.21481;1;T;True;1
1621253325000;14178880;1.21478;1.21484;1.21481;0;T;True;1
1621253326000;14178883;1.21479;1.21485;1.21482;2;T;True;1
1621253327000;14178884;1.21479;1.21485;1.21482;0;T;True;1
1621253328000;14178885;1.21479;1.21485;1.21482;0;T;True;1
1621253329000;14178886;1.21479;1.21485;1.21482;0;T;True;1
1621253330000;14178888;1.21478;1.21484;1.21481;1;T;True;1
1621253331000;14178889;1.21478;1.21484;1.21481;0;T;True;1
1621253332000;14178891;1.21478;1.21484;1.21481;1;T;True;1
1621253333000;14178892;1.21478;1.21484;1.21481;0;T;True;1
1621253334000;14178894;1.21478;1.21484;1.21481;1;T;True;1
1621253335000;14178897;1.21478;1.21484;1.21481;2;T;True;1
1621253336000;14178899;1.21478;1.21484;1.21481;1;T;True;1
1621253337000;14178901;1.21478;1.21484;1.21481;1;T;True;1
1621253338000;14178902;1.21478;1.21484;1.21481;0;T;True;1
1621253339000;14178903;1.21478;1.21484;1.21481;0;T;True;1
1621253340000;14178904;1.21478;1.21484;1.21481;0;T;True;1
1621253341000;14178908;1.21478;1.21484;1.21481;3;T;True;1
1621253342000;14178916;1.21484;1.2149;1.21487;7;T;True;1
1621253343000;14178917;1.21484;1.2149;1.21487;0;T;True;1
1621253344000;14178923;1.21482;1.21488;1.21485;5;T;True;1
1621253345000;14178926;1.21481;1.21487;1.21484;2;T;True;1
1621253346000;14178928;1.21481;1.21487;1.21484;1;T;True;1
1621253347000;14178930;1.21481;1.21487;1.21484;1;T;True;1
1621253348000;14178938;1.21486;1.21492;1.21489;7;T;True;1
1621253349000;14178939;1.21486;1.21492;1.21489;0;T;True;1
1621253350000;14178943;1.21487;1.21493;1.2149;3;T;True;1
1621253351000;14178946;1.21488;1.21494;1.21491;2;T;True;1
1621253352000;14178949;1.21489;1.21495;1.21492;2;T;True;1
1621253353000;14178953;1.21489;1.21495;1.21492;3;T;True;1
1621253354000;14178954;1.21489;1.21495;1.21492;0;T;True;1
1621253355000;14178962;1.21488;1.21494;1.21491;7;T;True;1
1621253356000;14178965;1.21488;1.21494;1.21491;2;T;True;1
1621253357000;14178970;1.21488;1.21494;1.21491;4;T;True;1
1621253358000;14178971;1.21488;1.21494;1.21491;0;T;True;1
1621253359000;14178973;1.21488;1.21494;1.21491;1;T;True;1
1621253360000;14178974;1.21488;1.21494;1.21491;0;T;True;1
1621253361000;14178982;1.21488;1.21494;1.21491;7;T;True;1
1621253362000;14178984;1.21488;1.21494;1.21491;1;T;True;1
1621253363000;14178991;1.21489;1.21495;1.21492;6;T;True;1
1621253364000;14178995;1.21489;1.21495;1.21492;3;T;True;1
1621253365000;14178997;1.21488;1.21494;1.21491;1;T;True;1
1621253366000;14178999;1.21488;1.21494;1.21491;1;T;True;1
1621253367000;14179000;1.21488;1.21494;1.21491;0;T;True;1
1621253368000;14179001;1.21488;1.21494;1.21491;0;T;True;1
1621253369000;14179002;1.21488;1.21494;1.21491;0;T;True;1
1621253370000;14179003;1.21488;1.21494;1.21491;0;T;True;1
1621253371000;14179004;1.21488;1.21494;1.21491;0;T;True;1
1621253372000;14179005;1.21488;1.21494;1.21491;0;T;True;1
1621253373000;14179013;1.21486;1.21492;1.21489;7;T;True;1
1621253374000;14179014;1.21486;1.21492;1.21489;0;T;True;1
1621253375000;14179017;1.21484;1.2149;1.21487;2;T;True;1
1621253376000;14179020;1.21483;1.21489;1.21486;2;T;True;1
1621253377000;14179021;1.21483;1.21489;1.21486;0;T;True;1
1621253378000;14179022;1.21483;1.21489;1.21486;0;T;True;1
1621253379000;14179023;1.21483;1.21489;1.21486;0;T;True;1
1621253380000;14179024;1.21483;1.21489;1.21486;0;T;True;1
1621253381000;14179025;1.21483;1.21489;1.21486;0;T;True;1
1621253382000;14179026;1.21483;1.21489;1.21486;0;T;True;1
1621253383000;14179027;1.21483;1.21489;1.21486;0;T;True;1
1621253384000;14179028;1.21483;1.21489;1.21486;0;T;True;1
1621253385000;14179029;1.21483;1.21489;1.21486;0;T;True;1
1621253386000;14179034;1.21483;1.21489;1.21486;4;T;True;1
1621253387000;14179047;1.21474;1.2148;1.21477;12;T;True;1
1621253388000;14179059;1.21471;1.21477;1.21474;11;T;True;1
1621253389000;14179065;1.2147;1.21476;1.21473;5;T;True;1
1621253390000;14179070;1.21472;1.21478;1.21475;4;T;True;1
1621253391000;14179076;1.21478;1.21484;1.21481;5;T;True;1
1621253392000;14179082;1.21478;1.21484;1.21481;5;T;True;1
1621253393000;14179083;1.21478;1.21484;1.21481;0;T;True;1
1621253394000;14179088;1.21478;1.21484;1.21481;4;T;True;1
1621253395000;14179089;1.21478;1.21484;1.21481;0;T;True;1
1621253396000;14179090;1.21478;1.21484;1.21481;0;T;True;1
1621253397000;14179091;1.21478;1.21484;1.21481;0;T;True;1
1621253398000;14179092;1.21478;1.21484;1.21481;0;T;True;1
1621253399000;14179095;1.21477;1.21483;1.2148;2;T;True;1
1621253400000;14179096;1.21477;1.21483;1.2148;0;T;True;1
1621253401000;14179098;1.21478;1.21484;1.21481;1;T;True;1
1621253402000;14179103;1.21477;1.21483;1.2148;4;T;True;1
1621253403000;14179109;1.21474;1.2148;1.21477;5;T;True;1
1621253404000;14179116;1.21477;1.21483;1.2148;6;T;True;1
1621253405000;14179118;1.21476;1.21482;1.21479;1;T;True;1
1621253406000;14179119;1.21476;1.21482;1.21479;0;T;True;1
1621253407000;14179121;1.21476;1.21482;1.21479;1;T;True;1
1621253408000;14179126;1.21474;1.2148;1.21477;4;T;True;1
1621253409000;14179133;1.21476;1.21482;1.21479;6;T;True;1
1621253410000;14179136;1.21475;1.21481;1.21478;2;T;True;1
1621253411000;14179138;1.21475;1.21481;1.21478;1;T;True;1
1621253412000;14179139;1.21475;1.21481;1.21478;0;T;True;1
1621253413000;14179140;1.21475;1.21481;1.21478;0;T;True;1
1621253414000;14179141;1.21475;1.21481;1.21478;0;T;True;1
1621253415000;14179147;1.21475;1.21481;1.21478;5;T;True;1
1621253416000;14179149;1.21475;1.21481;1.21478;1;T;True;1
1621253417000;14179152;1.21474;1.2148;1.21477;2;T;True;1
1621253418000;14179164;1.21478;1.21484;1.21481;11;T;True;1
1621253419000;14179166;1.21478;1.21484;1.21481;1;T;True;1
1621253420000;14179168;1.21478;1.21484;1.21481;1;T;True;1
1621253421000;14179170;1.21478;1.21484;1.21481;1;T;True;1
1621253422000;14179171;1.21478;1.21484;1.21481;0;T;True;1
1621253423000;14179172;1.21478;1.21484;1.21481;0;T;True;1
1621253424000;14179174;1.21478;1.21484;1.21481;1;T;True;1
1621253425000;14179175;1.21478;1.21484;1.21481;0;T;True;1
1621253426000;14179176;1.21478;1.21484;1.21481;0;T;True;1
1621253427000;14179177;1.21478;1.21484;1.21481;0;T;True;1
1621253428000;14179180;1.21478;1.21484;1.21481;2;T;True;1
1621253429000;14179183;1.21478;1.21484;1.21481;2;T;True;1
1621253430000;14179185;1.21477;1.21483;1.2148;1;T;True;1
1621253431000;14179189;1.21475;1.21481;1.21478;3;T;True;1
1621253432000;14179190;1.21475;1.21481;1.21478;0;T;True;1
1621253433000;14179196;1.21475;1.21481;1.21478;5;T;True;1
1621253434000;14179198;1.21475;1.21481;1.21478;1;T;True;1
1621253435000;14179206;1.21469;1.21475;1.21472;7;T;True;1
1621253436000;14179214;1.2147;1.21476;1.21473;7;T;True;1
1621253437000;14179218;1.2147;1.21476;1.21473;3;T;True;1
1621253438000;14179222;1.2147;1.21476;1.21473;3;T;True;1
1621253439000;14179225;1.2147;1.21476;1.21473;2;T;True;1
1621253440000;14179227;1.2147;1.21476;1.21473;1;T;True;1
1621253441000;14179235;1.2147;1.21476;1.21473;7;T;True;1
1621253442000;14179236;1.2147;1.21476;1.21473;0;T;True;1
1621253443000;14179237;1.2147;1.21476;1.21473;0;T;True;1
1621253444000;14179239;1.2147;1.21476;1.21473;1;T;True;1
1621253445000;14179240;1.2147;1.21476;1.21473;0;T;True;1
1621253446000;14179241;1.2147;1.21476;1.21473;0;T;True;1
1621253447000;14179244;1.21469;1.21475;1.21472;2;T;True;1
1621253448000;14179246;1.21468;1.21474;1.21471;1;T;True;1
1621253449000;14179247;1.21468;1.21474;1.21471;0;T;True;1
1621253450000;14179248;1.21468;1.21474;1.21471;0;T;True;1
1621253451000;14179249;1.21468;1.21474;1.21471;0;T;True;1
1621253452000;14179250;1.21468;1.21474;1.21471;0;T;True;1
1621253453000;14179251;1.21468;1.21474;1.21471;0;T;True;1
1621253454000;14179252;1.21468;1.21474;1.21471;0;T;True;1
1621253455000;14179253;1.21468;1.21474;1.21471;0;T;True;1
1621253456000;14179259;1.21468;1.21474;1.21471;5;T;True;1
1621253457000;14179261;1.21468;1.21474;1.21471;1;T;True;1
1621253458000;14179263;1.21468;1.21474;1.21471;1;T;True;1
1621253459000;14179264;1.21468;1.21474;1.21471;0;T;True;1
1621253460000;14179265;1.21468;1.21474;1.21471;0;T;True;1
1621253461000;14179266;1.21468;1.21474;1.21471;0;T;True;1
1621253462000;14179271;1.21468;1.21474;1.21471;4;T;True;1
1621253463000;14179272;1.21468;1.21474;1.21471;0;T;True;1
1621253464000;14179277;1.21465;1.21471;1.21468;4;T;True;1
1621253465000;14179280;1.21464;1.2147;1.21467;2;T;True;1
1621253466000;14179282;1.21464;1.2147;1.21467;1;T;True;1
1621253467000;14179285;1.21464;1.2147;1.21467;2;T;True;1
1621253468000;14179286;1.21464;1.2147;1.21467;0;T;True;1
1621253469000;14179287;1.21464;1.2147;1.21467;0;T;True;1
1621253470000;14179288;1.21464;1.2147;1.21467;0;T;True;1
1621253471000;14179294;1.21466;1.21472;1.21469;5;T;True;1
1621253472000;14179298;1.21463;1.21469;1.21466;3;T;True;1
1621253473000;14179300;1.21463;1.21469;1.21466;1;T;True;1
1621253474000;14179303;1.21462;1.21468;1.21465;2;T;True;1
1621253475000;14179310;1.21462;1.21468;1.21465;6;T;True;1
1621253476000;14179316;1.21461;1.21467;1.21464;5;T;True;1
1621253477000;14179320;1.21462;1.21468;1.21465;3;T;True;1
1621253478000;14179321;1.21462;1.21468;1.21465;0;T;True;1
1621253479000;14179324;1.21462;1.21468;1.21465;2;T;True;1
1621253480000;14179325;1.21462;1.21468;1.21465;0;T;True;1
1621253481000;14179329;1.21462;1.21468;1.21465;3;T;True;1
1621253482000;14179330;1.21462;1.21468;1.21465;0;T;True;1
1621253483000;14179334;1.21463;1.21469;1.21466;3;T;True;1
1621253484000;14179335;1.21463;1.21469;1.21466;0;T;True;1
1621253485000;14179336;1.21463;1.21469;1.21466;0;T;True;1
1621253486000;14179341;1.21466;1.21472;1.21469;4;T;True;1
1621253487000;14179344;1.21464;1.2147;1.21467;2;T;True;1
1621253488000;14179345;1.21464;1.2147;1.21467;0;T;True;1
1621253489000;14179346;1.21464;1.2147;1.21467;0;T;True;1
1621253490000;14179348;1.21464;1.2147;1.21467;1;T;True;1
1621253491000;14179349;1.21464;1.2147;1.21467;0;T;True;1
1621253492000;14179350;1.21464;1.2147;1.21467;0;T;True;1
1621253493000;14179353;1.21464;1.2147;1.21467;2;T;True;1
1621253494000;14179355;1.21463;1.21469;1.21466;1;T;True;1
1621253495000;14179356;1.21463;1.21469;1.21466;0;T;True;1
1621253496000;14179357;1.21463;1.21469;1.21466;0;T;True;1
1621253497000;14179358;1.21463;1.21469;1.21466;0;T;True;1
1621253498000;14179359;1.21463;1.21469;1.21466;0;T;True;1
1621253499000;14179363;1.21463;1.21469;1.21466;3;T;True;1
1621253500000;14179364;1.21463;1.21469;1.21466;0;T;True;1
1621253501000;14179365;1.21463;1.21469;1.21466;0;T;True;1
1621253502000;14179367;1.21463;1.21469;1.21466;1;T;True;1
1621253503000;14179371;1.21463;1.21469;1.21466;3;T;True;1
1621253504000;14179372;1.21463;1.21469;1.21466;0;T;True;1
1621253505000;14179375;1.21463;1.21469;1.21466;2;T;True;1
1621253506000;14179378;1.21462;1.21468;1.21465;2;T;True;1
1621253507000;14179382;1.2146;1.21466;1.21463;3;T;True;1
1621253508000;14179386;1.21461;1.21467;1.21464;3;T;True;1
1621253509000;14179388;1.21462;1.21468;1.21465;1;T;True;1
1621253510000;14179390;1.21462;1.21468;1.21465;1;T;True;1
1621253511000;14179392;1.21462;1.21468;1.21465;1;T;True;1
1621253512000;14179393;1.21462;1.21468;1.21465;0;T;True;1
1621253513000;14179395;1.21462;1.21468;1.21465;1;T;True;1
1621253514000;14179397;1.21462;1.21468;1.21465;1;T;True;1
1621253515000;14179399;1.21462;1.21468;1.21465;1;T;True;1
1621253516000;14179415;1.21459;1.21465;1.21462;15;T;True;1
1621253517000;14179417;1.2146;1.21466;1.21463;1;T;True;1
1621253518000;14179418;1.2146;1.21466;1.21463;0;T;True;1
1621253519000;14179425;1.21458;1.21464;1.21461;6;T;True;1
1621253520000;14179426;1.21458;1.21464;1.21461;0;T;True;1
1621253521000;14179429;1.21458;1.21464;1.21461;2;T;True;1
1621253522000;14179430;1.21458;1.21464;1.21461;0;T;True;1
1621253523000;14179431;1.21458;1.21464;1.21461;0;T;True;1
1621253524000;14179432;1.21458;1.21464;1.21461;0;T;True;1
1621253525000;14179434;1.21458;1.21464;1.21461;1;T;True;1
1621253526000;14179435;1.21458;1.21464;1.21461;0;T;True;1
1621253527000;14179436;1.21458;1.21464;1.21461;0;T;True;1
1621253528000;14179441;1.21458;1.21464;1.21461;4;T;True;1
1621253529000;14179448;1.21454;1.2146;1.21457;6;T;True;1
1621253530000;14179449;1.21454;1.2146;1.21457;0;T;True;1
1621253531000;14179458;1.21452;1.21458;1.21455;8;T;True;1
1621253532000;14179461;1.21452;1.21458;1.21455;2;T;True;1
1621253533000;14179464;1.2145;1.21456;1.21453;2;T;True;1
1621253534000;14179467;1.21448;1.21454;1.21451;2;T;True;1
1621253535000;14179470;1.21448;1.21454;1.21451;2;T;True;1
1621253536000;14179473;1.21446;1.21452;1.21449;2;T;True;1
1621253537000;14179475;1.21447;1.21453;1.2145;1;T;True;1
1621253538000;14179478;1.21448;1.21454;1.21451;2;T;True;1
1621253539000;14179481;1.21446;1.21452;1.21449;2;T;True;1
1621253540000;14179484;1.21446;1.21452;1.21449;2;T;True;1
1621253541000;14179486;1.21448;1.21454;1.21451;1;T;True;1
1621253542000;14179487;1.21448;1.21454;1.21451;0;T;True;1
1621253543000;14179490;1.21448;1.21454;1.21451;2;T;True;1
1621253544000;14179491;1.21448;1.21454;1.21451;0;T;True;1
1621253545000;14179493;1.21448;1.21454;1.21451;1;T;True;1
1621253546000;14179501;1.21443;1.21449;1.21446;7;T;True;1
1621253547000;14179509;1.21436;1.21442;1.21439;7;T;True;1
1621253548000;14179513;1.21434;1.2144;1.21437;3;T;True;1
1621253549000;14179514;1.21434;1.2144;1.21437;0;T;True;1
1621253550000;14179519;1.21437;1.21443;1.2144;4;T;True;1
1621253551000;14179520;1.21437;1.21443;1.2144;0;T;True;1
1621253552000;14179521;1.21437;1.21443;1.2144;0;T;True;1
1621253553000;14179523;1.21437;1.21443;1.2144;1;T;True;1
1621253554000;14179528;1.21436;1.21442;1.21439;4;T;True;1
1621253555000;14179535;1.21435;1.21441;1.21438;6;T;True;1
1621253556000;14179537;1.21434;1.2144;1.21437;1;T;True;1
1621253557000;14179538;1.21434;1.2144;1.21437;0;T;True;1
1621253558000;14179542;1.21438;1.21444;1.21441;3;T;True;1
1621253559000;14179543;1.21438;1.21444;1.21441;0;T;True;1
1621253560000;14179544;1.21438;1.21444;1.21441;0;T;True;1
1621253561000;14179548;1.21437;1.21443;1.2144;3;T;True;1
1621253562000;14179554;1.21435;1.21441;1.21438;5;T;True;1
1621253563000;14179555;1.21435;1.21441;1.21438;0;T;True;1
1621253564000;14179558;1.21434;1.2144;1.21437;2;T;True;1
1621253565000;14179570;1.21442;1.21448;1.21445;11;T;True;1
1621253566000;14179577;1.21442;1.21448;1.21445;6;T;True;1
1621253567000;14179582;1.21442;1.21448;1.21445;4;T;True;1
1621253568000;14179584;1.21442;1.21448;1.21445;1;T;True;1
1621253569000;14179585;1.21442;1.21448;1.21445;0;T;True;1
1621253570000;14179586;1.21442;1.21448;1.21445;0;T;True;1
1621253571000;14179588;1.21443;1.21449;1.21446;1;T;True;1
1621253572000;14179594;1.21443;1.21449;1.21446;5;T;True;1
1621253573000;14179595;1.21443;1.21449;1.21446;0;T;True;1
1621253574000;14179600;1.21442;1.21448;1.21445;4;T;True;1
1621253575000;14179604;1.21442;1.21448;1.21445;3;T;True;1
1621253576000;14179609;1.21438;1.21444;1.21441;4;T;True;1
1621253577000;14179611;1.21438;1.21444;1.21441;1;T;True;1
1621253578000;14179612;1.21438;1.21444;1.21441;0;T;True;1
1621253579000;14179613;1.21438;1.21444;1.21441;0;T;True;1
1621253580000;14179614;1.21438;1.21444;1.21441;0;T;True;1
1621253581000;14179617;1.21437;1.21443;1.2144;2;T;True;1
1621253582000;14179618;1.21437;1.21443;1.2144;0;T;True;1
1621253583000;14179619;1.21437;1.21443;1.2144;0;T;True;1
1621253584000;14179623;1.21436;1.21442;1.21439;3;T;True;1
1621253585000;14179624;1.21436;1.21442;1.21439;0;T;True;1
1621253586000;14179625;1.21436;1.21442;1.21439;0;T;True;1
1621253587000;14179627;1.21434;1.2144;1.21437;1;T;True;1
1621253588000;14179628;1.21434;1.2144;1.21437;0;T;True;1
1621253589000;14179636;1.21424;1.2143;1.21427;7;T;True;1
1621253590000;14179639;1.21425;1.21431;1.21428;2;T;True;1
1621253591000;14179644;1.2143;1.21436;1.21433;4;T;True;1
1621253592000;14179645;1.2143;1.21436;1.21433;0;T;True;1
1621253593000;14179647;1.21429;1.21435;1.21432;1;T;True;1
1621253594000;14179648;1.21429;1.21435;1.21432;0;T;True;1
1621253595000;14179649;1.21429;1.21435;1.21432;0;T;True;1
1621253596000;14179654;1.21426;1.21432;1.21429;4;T;True;1
1621253597000;14179659;1.21427;1.21433;1.2143;4;T;True;1
1621253598000;14179665;1.21427;1.21433;1.2143;5;T;True;1
1621253599000;14179669;1.21428;1.21434;1.21431;3;T;True;1
1621253600000;14179674;1.21426;1.21432;1.21429;4;T;True;1
1621253601000;14179676;1.21426;1.21432;1.21429;1;T;True;1
1621253602000;14179685;1.21427;1.21433;1.2143;8;T;True;1
1621253603000;14179686;1.21427;1.21433;1.2143;0;T;True;1
1621253604000;14179689;1.21428;1.21434;1.21431;2;T;True;1
1621253605000;14179692;1.21428;1.21434;1.21431;2;T;True;1
1621253606000;14179705;1.2144;1.21446;1.21443;12;T;True;1
1621253607000;14179711;1.21442;1.21448;1.21445;5;T;True;1
1621253608000;14179714;1.21442;1.21448;1.21445;2;T;True;1
1621253609000;14179715;1.21442;1.21448;1.21445;0;T;True;1
1621253610000;14179716;1.21442;1.21448;1.21445;0;T;True;1
1621253611000;14179723;1.21443;1.21449;1.21446;6;T;True;1
1621253612000;14179726;1.21443;1.21449;1.21446;2;T;True;1
1621253613000;14179731;1.21442;1.21448;1.21445;4;T;True;1
1621253614000;14179736;1.21441;1.21447;1.21444;4;T;True;1
1621253615000;14179740;1.21441;1.21447;1.21444;3;T;True;1
1621253616000;14179744;1.21439;1.21445;1.21442;3;T;True;1
1621253617000;14179747;1.2144;1.21446;1.21443;2;T;True;1
1621253618000;14179749;1.2144;1.21446;1.21443;1;T;True;1
1621253619000;14179755;1.21442;1.21448;1.21445;5;T;True;1
1621253620000;14179757;1.21441;1.21447;1.21444;1;T;True;1
1621253621000;14179759;1.2144;1.21446;1.21443;1;T;True;1
1621253622000;14179762;1.2144;1.21446;1.21443;2;T;True;1
1621253623000;14179767;1.21444;1.2145;1.21447;4;T;True;1
1621253624000;14179771;1.21443;1.21449;1.21446;3;T;True;1
1621253625000;14179773;1.21444;1.2145;1.21447;1;T;True;1
1621253626000;14179774;1.21444;1.2145;1.21447;0;T;True;1
1621253627000;14179780;1.21442;1.21448;1.21445;5;T;True;1
1621253628000;14179793;1.21436;1.21442;1.21439;12;T;True;1
1621253629000;14179794;1.21436;1.21442;1.21439;0;T;True;1
1621253630000;14179796;1.21435;1.21441;1.21438;1;T;True;1
1621253631000;14179798;1.21435;1.21441;1.21438;1;T;True;1
1621253632000;14179804;1.21431;1.21437;1.21434;5;T;True;1
1621253633000;14179808;1.21428;1.21434;1.21431;3;T;True;1
1621253634000;14179811;1.21428;1.21434;1.21431;2;T;True;1
1621253635000;14179812;1.21428;1.21434;1.21431;0;T;True;1
1621253636000;14179813;1.21428;1.21434;1.21431;0;T;True;1
1621253637000;14179814;1.21428;1.21434;1.21431;0;T;True;1
1621253638000;14179820;1.21427;1.21433;1.2143;5;T;True;1
1621253639000;14179823;1.21428;1.21434;1.21431;2;T;True;1
1621253640000;14179824;1.21428;1.21434;1.21431;0;T;True;1
1621253641000;14179828;1.21429;1.21435;1.21432;3;T;True;1
1621253642000;14179831;1.2143;1.21436;1.21433;2;T;True;1
1621253643000;14179832;1.2143;1.21436;1.21433;0;T;True;1
1621253644000;14179833;1.2143;1.21436;1.21433;0;T;True;1
1621253645000;14179835;1.2143;1.21436;1.21433;1;T;True;1
1621253646000;14179838;1.21428;1.21434;1.21431;2;T;True;1
1621253647000;14179839;1.21428;1.21434;1.21431;0;T;True;1
1621253648000;14179842;1.21428;1.21434;1.21431;2;T;True;1
1621253649000;14179844;1.21428;1.21434;1.21431;1;T;True;1
1621253650000;14179845;1.21428;1.21434;1.21431;0;T;True;1
1621253651000;14179846;1.21428;1.21434;1.21431;0;T;True;1
1621253652000;14179847;1.21428;1.21434;1.21431;0;T;True;1
1621253653000;14179849;1.2143;1.21436;1.21433;1;T;True;1
1621253654000;14179850;1.2143;1.21436;1.21433;0;T;True;1
1621253655000;14179852;1.2143;1.21436;1.21433;1;T;True;1
1621253656000;14179857;1.21429;1.21435;1.21432;4;T;True;1
1621253657000;14179859;1.2143;1.21436;1.21433;1;T;True;1
1621253658000;14179860;1.2143;1.21436;1.21433;0;T;True;1
1621253659000;14179864;1.21434;1.2144;1.21437;3;T;True;1
1621253660000;14179866;1.21434;1.2144;1.21437;1;T;True;1
1621253661000;14179868;1.21434;1.2144;1.21437;1;T;True;1
1621253662000;14179869;1.21434;1.2144;1.21437;0;T;True;1
1621253663000;14179870;1.21434;1.2144;1.21437;0;T;True;1
1621253664000;14179873;1.21434;1.2144;1.21437;2;T;True;1
1621253665000;14179875;1.21435;1.21441;1.21438;1;T;True;1
1621253666000;14179877;1.21435;1.21441;1.21438;1;T;True;1
1621253667000;14179884;1.2144;1.21446;1.21443;6;T;True;1
1621253668000;14179885;1.2144;1.21446;1.21443;0;T;True;1
1621253669000;14179891;1.21443;1.21449;1.21446;5;T;True;1
1621253670000;14179893;1.21444;1.2145;1.21447;1;T;True;1
1621253671000;14179894;1.21444;1.2145;1.21447;0;T;True;1
1621253672000;14179895;1.21444;1.2145;1.21447;0;T;True;1
1621253673000;14179902;1.2144;1.21446;1.21443;6;T;True;1
1621253674000;14179904;1.2144;1.21446;1.21443;1;T;True;1
1621253675000;14179906;1.2144;1.21446;1.21443;1;T;True;1
1621253676000;14179908;1.2144;1.21446;1.21443;1;T;True;1
1621253677000;14179912;1.2144;1.21446;1.21443;3;T;True;1
1621253678000;14179913;1.2144;1.21446;1.21443;0;T;True;1
1621253679000;14179923;1.21434;1.2144;1.21437;9;T;True;1
1621253680000;14179924;1.21434;1.2144;1.21437;0;T;True;1
1621253681000;14179927;1.21434;1.2144;1.21437;2;T;True;1
1621253682000;14179928;1.21434;1.2144;1.21437;0;T;True;1
1621253683000;14179935;1.21434;1.2144;1.21437;6;T;True;1
1621253684000;14179939;1.21436;1.21442;1.21439;3;T;True;1
1621253685000;14179940;1.21436;1.21442;1.21439;0;T;True;1
1621253686000;14179943;1.21435;1.21441;1.21438;2;T;True;1
1621253687000;14179944;1.21435;1.21441;1.21438;0;T;True;1
1621253688000;14179946;1.21434;1.2144;1.21437;1;T;True;1
1621253689000;14179951;1.2143;1.21436;1.21433;4;T;True;1
1621253690000;14179954;1.21432;1.21438;1.21435;2;T;True;1
1621253691000;14179956;1.21432;1.21438;1.21435;1;T;True;1
1621253692000;14179957;1.21432;1.21438;1.21435;0;T;True;1
1621253693000;14179958;1.21432;1.21438;1.21435;0;T;True;1
1621253694000;14179961;1.21434;1.2144;1.21437;2;T;True;1
1621253695000;14179962;1.21434;1.2144;1.21437;0;T;True;1
1621253696000;14179963;1.21434;1.2144;1.21437;0;T;True;1
1621253697000;14179964;1.21434;1.2144;1.21437;0;T;True;1
1621253698000;14179966;1.21433;1.21439;1.21436;1;T;True;1
1621253699000;14179967;1.21433;1.21439;1.21436;0;T;True;1
1621253700000;14179973;1.21432;1.21438;1.21435;5;T;True;1
1621253701000;14179982;1.21432;1.21438;1.21435;8;T;True;1
1621253702000;14179984;1.21432;1.21438;1.21435;1;T;True;1
1621253703000;14179991;1.21434;1.2144;1.21437;6;T;True;1
1621253704000;14179993;1.21432;1.21438;1.21435;1;T;True;1
1621253705000;14179995;1.21432;1.21438;1.21435;1;T;True;1
1621253706000;14179997;1.21432;1.21438;1.21435;1;T;True;1
1621253707000;14179999;1.21433;1.21439;1.21436;1;T;True;1
1621253708000;14180003;1.21432;1.21438;1.21435;3;T;True;1
1621253709000;14180004;1.21432;1.21438;1.21435;0;T;True;1
1621253710000;14180005;1.21432;1.21438;1.21435;0;T;True;1
1621253711000;14180011;1.21431;1.21437;1.21434;5;T;True;1
1621253712000;14180015;1.21429;1.21435;1.21432;3;T;True;1
1621253713000;14180025;1.21428;1.21434;1.21431;9;T;True;1
1621253714000;14180029;1.21428;1.21434;1.21431;3;T;True;1
1621253715000;14180032;1.21428;1.21434;1.21431;2;T;True;1
1621253716000;14180037;1.21427;1.21433;1.2143;4;T;True;1
1621253717000;14180041;1.21427;1.21433;1.2143;3;T;True;1
1621253718000;14180044;1.21427;1.21433;1.2143;2;T;True;1
1621253719000;14180050;1.21426;1.21432;1.21429;5;T;True;1
1621253720000;14180052;1.21426;1.21432;1.21429;1;T;True;1
1621253721000;14180063;1.21424;1.2143;1.21427;10;T;True;1
1621253722000;14180065;1.21424;1.2143;1.21427;1;T;True;1
1621253723000;14180067;1.21424;1.2143;1.21427;1;T;True;1
1621253724000;14180070;1.21424;1.2143;1.21427;2;T;True;1
1621253725000;14180078;1.21422;1.21428;1.21425;7;T;True;1
1621253726000;14180079;1.21422;1.21428;1.21425;0;T;True;1
1621253727000;14180081;1.2142;1.21426;1.21423;1;T;True;1
1621253728000;14180083;1.2142;1.21426;1.21423;1;T;True;1
1621253729000;14180088;1.21419;1.21425;1.21422;4;T;True;1
1621253730000;14180098;1.21418;1.21424;1.21421;9;T;True;1
1621253731000;14180103;1.2142;1.21426;1.21423;4;T;True;1
1621253732000;14180106;1.2142;1.21426;1.21423;2;T;True;1
1621253733000;14180114;1.21422;1.21428;1.21425;7;T;True;1
1621253734000;14180117;1.21421;1.21427;1.21424;2;T;True;1
1621253735000;14180122;1.21418;1.21424;1.21421;4;T;True;1
1621253736000;14180124;1.21418;1.21424;1.21421;1;T;True;1
1621253737000;14180125;1.21418;1.21424;1.21421;0;T;True;1
1621253738000;14180128;1.21419;1.21425;1.21422;2;T;True;1
1621253739000;14180133;1.21427;1.21433;1.2143;4;T;True;1
1621253740000;14180135;1.21428;1.21434;1.21431;1;T;True;1
1621253741000;14180140;1.2143;1.21436;1.21433;4;T;True;1
1621253742000;14180146;1.21427;1.21433;1.2143;5;T;True;1
1621253743000;14180151;1.21424;1.2143;1.21427;4;T;True;1
1621253744000;14180152;1.21424;1.2143;1.21427;0;T;True;1
1621253745000;14180153;1.21424;1.2143;1.21427;0;T;True;1
1621253746000;14180159;1.21424;1.2143;1.21427;5;T;True;1
1621253747000;14180170;1.21432;1.21438;1.21435;10;T;True;1
1621253748000;14180171;1.21432;1.21438;1.21435;0;T;True;1
1621253749000;14180172;1.21432;1.21438;1.21435;0;T;True;1
1621253750000;14180173;1.21432;1.21438;1.21435;0;T;True;1
1621253751000;14180174;1.21432;1.21438;1.21435;0;T;True;1
1621253752000;14180176;1.21431;1.21437;1.21434;1;T;True;1
1621253753000;14180178;1.2143;1.21436;1.21433;1;T;True;1
1621253754000;14180188;1.21432;1.21438;1.21435;9;T;True;1
1621253755000;14180190;1.21432;1.21438;1.21435;1;T;True;1
1621253756000;14180192;1.2143;1.21436;1.21433;1;T;True;1
1621253757000;14180196;1.2143;1.21436;1.21433;3;T;True;1
1621253758000;14180199;1.21426;1.21432;1.21429;2;T;True;1
1621253759000;14180202;1.21426;1.21432;1.21429;2;T;True;1
1621253760000;14180203;1.21426;1.21432;1.21429;0;T;True;1
1621253761000;14180204;1.21426;1.21432;1.21429;0;T;True;1
1621253762000;14180206;1.21428;1.21434;1.21431;1;T;True;1
1621253763000;14180208;1.21427;1.21433;1.2143;1;T;True;1
1621253764000;14180209;1.21427;1.21433;1.2143;0;T;True;1
1621253765000;14180211;1.21428;1.21434;1.21431;1;T;True;1
1621253766000;14180213;1.21428;1.21434;1.21431;1;T;True;1
1621253767000;14180214;1.21428;1.21434;1.21431;0;T;True;1
1621253768000;14180219;1.21427;1.21433;1.2143;4;T;True;1
1621253769000;14180221;1.21427;1.21433;1.2143;1;T;True;1
1621253770000;14180223;1.21427;1.21433;1.2143;1;T;True;1
1621253771000;14180225;1.21426;1.21432;1.21429;1;T;True;1
1621253772000;14180227;1.21426;1.21432;1.21429;1;T;True;1
1621253773000;14180229;1.21425;1.21431;1.21428;1;T;True;1
1621253774000;14180230;1.21425;1.21431;1.21428;0;T;True;1
1621253775000;14180234;1.21425;1.21431;1.21428;3;T;True;1
1621253776000;14180236;1.21425;1.21431;1.21428;1;T;True;1
1621253777000;14180237;1.21425;1.21431;1.21428;0;T;True;1
1621253778000;14180238;1.21425;1.21431;1.21428;0;T;True;1
1621253779000;14180239;1.21425;1.21431;1.21428;0;T;True;1
1621253780000;14180240;1.21425;1.21431;1.21428;0;T;True;1
1621253781000;14180245;1.21425;1.21431;1.21428;4;T;True;1
1621253782000;14180246;1.21425;1.21431;1.21428;0;T;True;1
1621253783000;14180248;1.21425;1.21431;1.21428;1;T;True;1
1621253784000;14180251;1.21425;1.21431;1.21428;2;T;True;1
1621253785000;14180252;1.21425;1.21431;1.21428;0;T;True;1
1621253786000;14180253;1.21425;1.21431;1.21428;0;T;True;1
1621253787000;14180258;1.2142;1.21426;1.21423;4;T;True;1
1621253788000;14180261;1.2142;1.21426;1.21423;2;T;True;1
1621253789000;14180266;1.2142;1.21426;1.21423;4;T;True;1
1621253790000;14180269;1.2142;1.21426;1.21423;2;T;True;1
1621253791000;14180272;1.21419;1.21425;1.21422;2;T;True;1
1621253792000;14180273;1.21419;1.21425;1.21422;0;T;True;1
1621253793000;14180275;1.2142;1.21426;1.21423;1;T;True;1
1621253794000;14180278;1.21421;1.21427;1.21424;2;T;True;1
1621253795000;14180282;1.21421;1.21427;1.21424;3;T;True;1
1621253796000;14180285;1.2142;1.21426;1.21423;2;T;True;1
1621253797000;14180286;1.2142;1.21426;1.21423;0;T;True;1
1621253798000;14180287;1.2142;1.21426;1.21423;0;T;True;1
1621253799000;14180288;1.2142;1.21426;1.21423;0;T;True;1
1621253800000;14180294;1.2142;1.21426;1.21423;5;T;True;1
1621253801000;14180296;1.2142;1.21426;1.21423;1;T;True;1
1621253802000;14180300;1.2142;1.21426;1.21423;3;T;True;1
1621253803000;14180302;1.2142;1.21426;1.21423;1;T;True;1
1621253804000;14180304;1.2142;1.21426;1.21423;1;T;True;1
1621253805000;14180306;1.2142;1.21426;1.21423;1;T;True;1
1621253806000;14180312;1.2142;1.21426;1.21423;5;T;True;1
1621253807000;14180314;1.2142;1.21426;1.21423;1;T;True;1
1621253808000;14180317;1.21421;1.21427;1.21424;2;T;True;1
1621253809000;14180322;1.2142;1.21426;1.21423;4;T;True;1
1621253810000;14180328;1.21418;1.21424;1.21421;5;T;True;1
1621253811000;14180334;1.21419;1.21425;1.21422;5;T;True;1
1621253812000;14180335;1.21419;1.21425;1.21422;0;T;True;1
1621253813000;14180336;1.21419;1.21425;1.21422;0;T;True;1
1621253814000;14180337;1.21419;1.21425;1.21422;0;T;True;1
1621253815000;14180338;1.21419;1.21425;1.21422;0;T;True;1
1621253816000;14180339;1.21419;1.21425;1.21422;0;T;True;1
1621253817000;14180340;1.21419;1.21425;1.21422;0;T;True;1
1621253818000;14180344;1.21422;1.21428;1.21425;3;T;True;1
1621253819000;14180347;1.21422;1.21428;1.21425;2;T;True;1
1621253820000;14180350;1.21421;1.21427;1.21424;2;T;True;1
1621253821000;14180353;1.2142;1.21426;1.21423;2;T;True;1
1621253822000;14180354;1.2142;1.21426;1.21423;0;T;True;1
1621253823000;14180355;1.2142;1.21426;1.21423;0;T;True;1
1621253824000;14180356;1.2142;1.21426;1.21423;0;T;True;1
1621253825000;14180358;1.2142;1.21426;1.21423;1;T;True;1
1621253826000;14180360;1.2142;1.21426;1.21423;1;T;True;1
1621253827000;14180361;1.2142;1.21426;1.21423;0;T;True;1
1621253828000;14180365;1.2142;1.21426;1.21423;3;T;True;1
1621253829000;14180367;1.21421;1.21427;1.21424;1;T;True;1
1621253830000;14180369;1.2142;1.21426;1.21423;1;T;True;1
1621253831000;14180373;1.2142;1.21426;1.21423;3;T;True;1
1621253832000;14180374;1.2142;1.21426;1.21423;0;T;True;1
1621253833000;14180375;1.2142;1.21426;1.21423;0;T;True;1
1621253834000;14180377;1.21421;1.21427;1.21424;1;T;True;1
1621253835000;14180379;1.21421;1.21427;1.21424;1;T;True;1
1621253836000;14180381;1.21421;1.21427;1.21424;1;T;True;1
1621253837000;14180382;1.21421;1.21427;1.21424;0;T;True;1
1621253838000;14180392;1.21425;1.21431;1.21428;9;T;True;1
1621253839000;14180394;1.21426;1.21432;1.21429;1;T;True;1
1621253840000;14180395;1.21426;1.21432;1.21429;0;T;True;1
1621253841000;14180396;1.21426;1.21432;1.21429;0;T;True;1
1621253842000;14180397;1.21426;1.21432;1.21429;0;T;True;1
1621253843000;14180398;1.21426;1.21432;1.21429;0;T;True;1
1621253844000;14180399;1.21426;1.21432;1.21429;0;T;True;1
1621253845000;14180400;1.21426;1.21432;1.21429;0;T;True;1
1621253846000;14180401;1.21426;1.21432;1.21429;0;T;True;1
1621253847000;14180403;1.21424;1.2143;1.21427;1;T;True;1
1621253848000;14180404;1.21424;1.2143;1.21427;0;T;True;1
1621253849000;14180405;1.21424;1.2143;1.21427;0;T;True;1
1621253850000;14180406;1.21424;1.2143;1.21427;0;T;True;1
1621253851000;14180408;1.21424;1.2143;1.21427;1;T;True;1
1621253852000;14180410;1.21423;1.21429;1.21426;1;T;True;1
1621253853000;14180411;1.21423;1.21429;1.21426;0;T;True;1
1621253854000;14180413;1.21423;1.21429;1.21426;1;T;True;1
1621253855000;14180414;1.21423;1.21429;1.21426;0;T;True;1
1621253856000;14180419;1.21426;1.21432;1.21429;4;T;True;1
1621253857000;14180420;1.21426;1.21432;1.21429;0;T;True;1
1621253858000;14180425;1.21427;1.21433;1.2143;4;T;True;1
1621253859000;14180426;1.21427;1.21433;1.2143;0;T;True;1
1621253860000;14180427;1.21427;1.21433;1.2143;0;T;True;1
1621253861000;14180431;1.21426;1.21432;1.21429;3;T;True;1
1621253862000;14180432;1.21426;1.21432;1.21429;0;T;True;1
1621253863000;14180433;1.21426;1.21432;1.21429;0;T;True;1
1621253864000;14180438;1.21422;1.21428;1.21425;4;T;True;1
1621253865000;14180441;1.21422;1.21428;1.21425;2;T;True;1
1621253866000;14180443;1.21422;1.21428;1.21425;1;T;True;1
1621253867000;14180444;1.21422;1.21428;1.21425;0;T;True;1
1621253868000;14180448;1.21422;1.21428;1.21425;3;T;True;1
1621253869000;14180450;1.21423;1.21429;1.21426;1;T;True;1
1621253870000;14180454;1.21422;1.21428;1.21425;3;T;True;1
1621253871000;14180460;1.21426;1.21432;1.21429;5;T;True;1
1621253872000;14180461;1.21426;1.21432;1.21429;0;T;True;1
1621253873000;14180462;1.21426;1.21432;1.21429;0;T;True;1
1621253874000;14180465;1.21425;1.21431;1.21428;2;T;True;1
1621253875000;14180467;1.21425;1.21431;1.21428;1;T;True;1
1621253876000;14180468;1.21425;1.21431;1.21428;0;T;True;1
1621253877000;14180470;1.21425;1.21431;1.21428;1;T;True;1
1621253878000;14180471;1.21425;1.21431;1.21428;0;T;True;1
1621253879000;14180472;1.21425;1.21431;1.21428;0;T;True;1
1621253880000;14180474;1.21425;1.21431;1.21428;1;T;True;1
1621253881000;14180479;1.21429;1.21435;1.21432;4;T;True;1
1621253882000;14180492;1.2143;1.21436;1.21433;12;T;True;1
1621253883000;14180497;1.2143;1.21436;1.21433;4;T;True;1
1621253884000;14180501;1.21431;1.21437;1.21434;3;T;True;1
1621253885000;14180504;1.21434;1.2144;1.21437;2;T;True;1
1621253886000;14180511;1.21428;1.21434;1.21431;6;T;True;1
1621253887000;14180515;1.2143;1.21436;1.21433;3;T;True;1
1621253888000;14180516;1.2143;1.21436;1.21433;0;T;True;1
1621253889000;14180517;1.2143;1.21436;1.21433;0;T;True;1
1621253890000;14180518;1.2143;1.21436;1.21433;0;T;True;1
1621253891000;14180519;1.2143;1.21436;1.21433;0;T;True;1
1621253892000;14180520;1.2143;1.21436;1.21433;0;T;True;1
1621253893000;14180521;1.2143;1.21436;1.21433;0;T;True;1
1621253894000;14180522;1.2143;1.21436;1.21433;0;T;True;1
1621253895000;14180523;1.2143;1.21436;1.21433;0;T;True;1
1621253896000;14180526;1.2143;1.21436;1.21433;2;T;True;1
1621253897000;14180529;1.21428;1.21434;1.21431;2;T;True;1
1621253898000;14180533;1.21428;1.21434;1.21431;3;T;True;1
1621253899000;14180536;1.21428;1.21434;1.21431;2;T;True;1
1621253900000;14180539;1.21428;1.21434;1.21431;2;T;True;1
1621253901000;14180543;1.21427;1.21433;1.2143;3;T;True;1
1621253902000;14180549;1.21426;1.21432;1.21429;5;T;True;1
1621253903000;14180551;1.21426;1.21432;1.21429;1;T;True;1
1621253904000;14180552;1.21426;1.21432;1.21429;0;T;True;1
1621253905000;14180553;1.21426;1.21432;1.21429;0;T;True;1
1621253906000;14180554;1.21426;1.21432;1.21429;0;T;True;1
1621253907000;14180555;1.21426;1.21432;1.21429;0;T;True;1
1621253908000;14180556;1.21426;1.21432;1.21429;0;T;True;1
1621253909000;14180557;1.21426;1.21432;1.21429;0;T;True;1
1621253910000;14180564;1.21424;1.2143;1.21427;6;T;True;1
1621253911000;14180565;1.21424;1.2143;1.21427;0;T;True;1
1621253912000;14180567;1.21424;1.2143;1.21427;1;T;True;1
1621253913000;14180568;1.21424;1.2143;1.21427;0;T;True;1
1621253914000;14180569;1.21424;1.2143;1.21427;0;T;True;1
1621253915000;14180571;1.21424;1.2143;1.21427;1;T;True;1
1621253916000;14180577;1.2142;1.21426;1.21423;5;T;True;1
1621253917000;14180583;1.21419;1.21425;1.21422;5;T;True;1
1621253918000;14180599;1.2141;1.21416;1.21413;15;T;True;1
1621253919000;14180603;1.2141;1.21416;1.21413;3;T;True;1
1621253920000;14180604;1.2141;1.21416;1.21413;0;T;True;1
1621253921000;14180606;1.2141;1.21416;1.21413;1;T;True;1
1621253922000;14180609;1.21409;1.21415;1.21412;2;T;True;1
1621253923000;14180611;1.21409;1.21415;1.21412;1;T;True;1
1621253924000;14180612;1.21409;1.21415;1.21412;0;T;True;1
1621253925000;14180619;1.21404;1.2141;1.21407;6;T;True;1
1621253926000;14180622;1.21404;1.2141;1.21407;2;T;True;1
1621253927000;14180631;1.21397;1.21403;1.214;8;T;True;1
1621253928000;14180643;1.214;1.21406;1.21403;11;T;True;1
1621253929000;14180647;1.21401;1.21407;1.21404;3;T;True;1
1621253930000;14180649;1.21401;1.21407;1.21404;1;T;True;1
1621253931000;14180652;1.21401;1.21407;1.21404;2;T;True;1
1621253932000;14180655;1.214;1.21406;1.21403;2;T;True;1
1621253933000;14180658;1.214;1.21406;1.21403;2;T;True;1
1621253934000;14180659;1.214;1.21406;1.21403;0;T;True;1
1621253935000;14180662;1.21399;1.21405;1.21402;2;T;True;1
1621253936000;14180664;1.214;1.21406;1.21403;1;T;True;1
1621253937000;14180665;1.214;1.21406;1.21403;0;T;True;1
1621253938000;14180668;1.214;1.21406;1.21403;2;T;True;1
1621253939000;14180671;1.21398;1.21404;1.21401;2;T;True;1
1621253940000;14180672;1.21398;1.21404;1.21401;0;T;True;1
1621253941000;14180681;1.2139;1.21396;1.21393;8;T;True;1
1621253942000;14180692;1.21395;1.21401;1.21398;10;T;True;1
1621253943000;14180700;1.21396;1.21402;1.21399;7;T;True;1
1621253944000;14180703;1.21397;1.21403;1.214;2;T;True;1
1621253945000;14180705;1.21396;1.21402;1.21399;1;T;True;1
1621253946000;14180706;1.21396;1.21402;1.21399;0;T;True;1
1621253947000;14180708;1.21395;1.21401;1.21398;1;T;True;1
1621253948000;14180710;1.21394;1.214;1.21397;1;T;True;1
1621253949000;14180716;1.21393;1.21399;1.21396;5;T;True;1
1621253950000;14180723;1.21388;1.21394;1.21391;6;T;True;1
1621253951000;14180724;1.21388;1.21394;1.21391;0;T;True;1
1621253952000;14180733;1.21394;1.214;1.21397;8;T;True;1
1621253953000;14180734;1.21394;1.214;1.21397;0;T;True;1
1621253954000;14180736;1.21394;1.214;1.21397;1;T;True;1
1621253955000;14180737;1.21394;1.214;1.21397;0;T;True;1
1621253956000;14180739;1.21394;1.214;1.21397;1;T;True;1
1621253957000;14180740;1.21394;1.214;1.21397;0;T;True;1
1621253958000;14180748;1.21394;1.214;1.21397;7;T;True;1
1621253959000;14180749;1.21394;1.214;1.21397;0;T;True;1
1621253960000;14180750;1.21394;1.214;1.21397;0;T;True;1
1621253961000;14180755;1.21398;1.21404;1.21401;4;T;True;1
1621253962000;14180759;1.21399;1.21405;1.21402;3;T;True;1
1621253963000;14180761;1.214;1.21406;1.21403;1;T;True;1
1621253964000;14180762;1.214;1.21406;1.21403;0;T;True;1
1621253965000;14180766;1.21404;1.2141;1.21407;3;T;True;1
1621253966000;14180767;1.21404;1.2141;1.21407;0;T;True;1
1621253967000;14180768;1.21404;1.2141;1.21407;0;T;True;1
1621253968000;14180772;1.21406;1.21412;1.21409;3;T;True;1
1621253969000;14180773;1.21406;1.21412;1.21409;0;T;True;1
1621253970000;14180780;1.21407;1.21413;1.2141;6;T;True;1
1621253971000;14180785;1.21407;1.21413;1.2141;4;T;True;1
1621253972000;14180787;1.21407;1.21413;1.2141;1;T;True;1
1621253973000;14180799;1.21408;1.21414;1.21411;11;T;True;1
1621253974000;14180801;1.21408;1.21414;1.21411;1;T;True;1
1621253975000;14180803;1.21408;1.21414;1.21411;1;T;True;1
1621253976000;14180811;1.21409;1.21415;1.21412;7;T;True;1
1621253977000;14180814;1.21409;1.21415;1.21412;2;T;True;1
1621253978000;14180816;1.21409;1.21415;1.21412;1;T;True;1
1621253979000;14180821;1.21408;1.21414;1.21411;4;T;True;1
1621253980000;14180822;1.21408;1.21414;1.21411;0;T;True;1
1621253981000;14180823;1.21408;1.21414;1.21411;0;T;True;1
1621253982000;14180824;1.21408;1.21414;1.21411;0;T;True;1
1621253983000;14180830;1.21408;1.21414;1.21411;5;T;True;1
1621253984000;14180831;1.21408;1.21414;1.21411;0;T;True;1
1621253985000;14180833;1.21408;1.21414;1.21411;1;T;True;1
1621253986000;14180841;1.21405;1.21411;1.21408;7;T;True;1
1621253987000;14180842;1.21405;1.21411;1.21408;0;T;True;1
1621253988000;14180856;1.21411;1.21417;1.21414;13;T;True;1
1621253989000;14180863;1.21412;1.21418;1.21415;6;T;True;1
1621253990000;14180866;1.21414;1.2142;1.21417;2;T;True;1
1621253991000;14180869;1.21414;1.2142;1.21417;2;T;True;1
1621253992000;14180876;1.21415;1.21421;1.21418;6;T;True;1
1621253993000;14180882;1.21414;1.2142;1.21417;5;T;True;1
1621253994000;14180889;1.21416;1.21422;1.21419;6;T;True;1
1621253995000;14180893;1.21414;1.2142;1.21417;3;T;True;1
1621253996000;14180896;1.21414;1.2142;1.21417;2;T;True;1
1621253997000;14180898;1.21414;1.2142;1.21417;1;T;True;1
1621253998000;14180899;1.21414;1.2142;1.21417;0;T;True;1
1621253999000;14180903;1.21416;1.21422;1.21419;3;T;True;1
1621254000000;14180911;1.21415;1.21421;1.21418;7;T;True;1
1621254001000;14180923;1.21419;1.21425;1.21422;11;T;True;1
1621254002000;14180928;1.21418;1.21424;1.21421;4;T;True;1
1621254003000;14180938;1.21412;1.21418;1.21415;9;T;True;1
1621254004000;14180940;1.21411;1.21417;1.21414;1;T;True;1
1621254005000;14180943;1.21412;1.21418;1.21415;2;T;True;1
1621254006000;14180945;1.21413;1.21419;1.21416;1;T;True;1
1621254007000;14180948;1.21414;1.2142;1.21417;2;T;True;1
1621254008000;14180949;1.21414;1.2142;1.21417;0;T;True;1
1621254009000;14180952;1.21412;1.21418;1.21415;2;T;True;1
1621254010000;14180954;1.21413;1.21419;1.21416;1;T;True;1
1621254011000;14180957;1.21412;1.21418;1.21415;2;T;True;1
1621254012000;14180961;1.21411;1.21417;1.21414;3;T;True;1
1621254013000;14180969;1.2141;1.21416;1.21413;7;T;True;1
1621254014000;14180977;1.21414;1.2142;1.21417;7;T;True;1
1621254015000;14180978;1.21414;1.2142;1.21417;0;T;True;1
1621254016000;14180980;1.21414;1.2142;1.21417;1;T;True;1
1621254017000;14180983;1.21415;1.21421;1.21418;2;T;True;1
1621254018000;14180992;1.21416;1.21422;1.21419;8;T;True;1
1621254019000;14180996;1.21418;1.21424;1.21421;3;T;True;1
1621254020000;14180998;1.21416;1.21422;1.21419;1;T;True;1
1621254021000;14181004;1.21418;1.21424;1.21421;5;T;True;1
1621254022000;14181015;1.21426;1.21432;1.21429;10;T;True;1
1621254023000;14181018;1.21426;1.21432;1.21429;2;T;True;1
1621254024000;14181020;1.21426;1.21432;1.21429;1;T;True;1
1621254025000;14181023;1.21426;1.21432;1.21429;2;T;True;1
1621254026000;14181029;1.21425;1.21431;1.21428;5;T;True;1
1621254027000;14181032;1.21426;1.21432;1.21429;2;T;True;1
1621254028000;14181036;1.21425;1.21431;1.21428;3;T;True;1
1621254029000;14181040;1.21426;1.21432;1.21429;3;T;True;1
1621254030000;14181046;1.2142;1.21426;1.21423;5;T;True;1
1621254031000;14181050;1.21419;1.21425;1.21422;3;T;True;1
1621254032000;14181053;1.21422;1.21428;1.21425;2;T;True;1
1621254033000;14181054;1.21422;1.21428;1.21425;0;T;True;1
1621254034000;14181058;1.21424;1.2143;1.21427;3;T;True;1
1621254035000;14181061;1.21424;1.2143;1.21427;2;T;True;1
1621254036000;14181063;1.21423;1.21429;1.21426;1;T;True;1
1621254037000;14181065;1.21423;1.21429;1.21426;1;T;True;1
1621254038000;14181067;1.21422;1.21428;1.21425;1;T;True;1
1621254039000;14181068;1.21422;1.21428;1.21425;0;T;True;1
1621254040000;14181075;1.21424;1.2143;1.21427;6;T;True;1
1621254041000;14181081;1.21425;1.21431;1.21428;5;T;True;1
1621254042000;14181085;1.21426;1.21432;1.21429;3;T;True;1
1621254043000;14181088;1.21426;1.21432;1.21429;2;T;True;1
1621254044000;14181093;1.21426;1.21432;1.21429;4;T;True;1
1621254045000;14181095;1.21426;1.21432;1.21429;1;T;True;1
1621254046000;14181097;1.21426;1.21432;1.21429;1;T;True;1
1621254047000;14181098;1.21426;1.21432;1.21429;0;T;True;1
1621254048000;14181104;1.21426;1.21432;1.21429;5;T;True;1
1621254049000;14181105;1.21426;1.21432;1.21429;0;T;True;1
1621254050000;14181108;1.21427;1.21433;1.2143;2;T;True;1
1621254051000;14181110;1.21427;1.21433;1.2143;1;T;True;1
1621254052000;14181114;1.21427;1.21433;1.2143;3;T;True;1
1621254053000;14181117;1.21426;1.21432;1.21429;2;T;True;1
1621254054000;14181121;1.21426;1.21432;1.21429;3;T;True;1
1621254055000;14181122;1.21426;1.21432;1.21429;0;T;True;1
1621254056000;14181124;1.21427;1.21433;1.2143;1;T;True;1
1621254057000;14181126;1.21427;1.21433;1.2143;1;T;True;1
1621254058000;14181127;1.21427;1.21433;1.2143;0;T;True;1
1621254059000;14181132;1.21424;1.2143;1.21427;4;T;True;1
1621254060000;14181136;1.21425;1.21431;1.21428;3;T;True;1
1621254061000;14181141;1.21425;1.21431;1.21428;4;T;True;1
1621254062000;14181144;1.21425;1.21431;1.21428;2;T;True;1
1621254063000;14181147;1.21425;1.21431;1.21428;2;T;True;1
1621254064000;14181153;1.21425;1.21431;1.21428;5;T;True;1
1621254065000;14181157;1.21425;1.21431;1.21428;3;T;True;1
1621254066000;14181159;1.21424;1.2143;1.21427;1;T;True;1
1621254067000;14181163;1.21424;1.2143;1.21427;3;T;True;1
1621254068000;14181164;1.21424;1.2143;1.21427;0;T;True;1
1621254069000;14181165;1.21424;1.2143;1.21427;0;T;True;1
1621254070000;14181166;1.21424;1.2143;1.21427;0;T;True;1
1621254071000;14181167;1.21424;1.2143;1.21427;0;T;True;1
1621254072000;14181168;1.21424;1.2143;1.21427;0;T;True;1
1621254073000;14181169;1.21424;1.2143;1.21427;0;T;True;1
1621254074000;14181170;1.21424;1.2143;1.21427;0;T;True;1
1621254075000;14181172;1.21425;1.21431;1.21428;1;T;True;1
1621254076000;14181173;1.21425;1.21431;1.21428;0;T;True;1
1621254077000;14181175;1.21425;1.21431;1.21428;1;T;True;1
1621254078000;14181178;1.21424;1.2143;1.21427;2;T;True;1
1621254079000;14181182;1.21422;1.21428;1.21425;3;T;True;1
1621254080000;14181184;1.21422;1.21428;1.21425;1;T;True;1
1621254081000;14181186;1.21424;1.2143;1.21427;1;T;True;1
1621254082000;14181187;1.21424;1.2143;1.21427;0;T;True;1
1621254083000;14181190;1.21422;1.21428;1.21425;2;T;True;1
1621254084000;14181191;1.21422;1.21428;1.21425;0;T;True;1
1621254085000;14181197;1.21419;1.21425;1.21422;5;T;True;1
1621254086000;14181198;1.21419;1.21425;1.21422;0;T;True;1
1621254087000;14181204;1.21422;1.21428;1.21425;5;T;True;1
1621254088000;14181205;1.21422;1.21428;1.21425;0;T;True;1
1621254089000;14181213;1.21421;1.21427;1.21424;7;T;True;1
1621254090000;14181221;1.21414;1.2142;1.21417;7;T;True;1
1621254091000;14181224;1.21413;1.21419;1.21416;2;T;True;1
1621254092000;14181225;1.21413;1.21419;1.21416;0;T;True;1
1621254093000;14181232;1.2141;1.21416;1.21413;6;T;True;1
1621254094000;14181235;1.2141;1.21416;1.21413;2;T;True;1
1621254095000;14181244;1.21404;1.2141;1.21407;8;T;True;1
1621254096000;14181249;1.21406;1.21412;1.21409;4;T;True;1
1621254097000;14181253;1.21405;1.21411;1.21408;3;T;True;1
1621254098000;14181262;1.21406;1.21412;1.21409;8;T;True;1
1621254099000;14181265;1.21406;1.21412;1.21409;2;T;True;1
1621254100000;14181267;1.21405;1.21411;1.21408;1;T;True;1
1621254101000;14181270;1.21404;1.2141;1.21407;2;T;True;1
1621254102000;14181271;1.21404;1.2141;1.21407;0;T;True;1
1621254103000;14181272;1.21404;1.2141;1.21407;0;T;True;1
1621254104000;14181273;1.21404;1.2141;1.21407;0;T;True;1
1621254105000;14181276;1.21404;1.2141;1.21407;2;T;True;1
1621254106000;14181280;1.21405;1.21411;1.21408;3;T;True;1
1621254107000;14181282;1.21406;1.21412;1.21409;1;T;True;1
1621254108000;14181287;1.21409;1.21415;1.21412;4;T;True;1
1621254109000;14181291;1.21411;1.21417;1.21414;3;T;True;1
1621254110000;14181302;1.21406;1.21412;1.21409;10;T;True;1
1621254111000;14181303;1.21406;1.21412;1.21409;0;T;True;1
1621254112000;14181307;1.21408;1.21414;1.21411;3;T;True;1
1621254113000;14181310;1.21408;1.21414;1.21411;2;T;True;1
1621254114000;14181311;1.21408;1.21414;1.21411;0;T;True;1
1621254115000;14181316;1.21407;1.21413;1.2141;4;T;True;1
1621254116000;14181318;1.21408;1.21414;1.21411;1;T;True;1
1621254117000;14181322;1.2141;1.21416;1.21413;3;T;True;1
1621254118000;14181326;1.21408;1.21414;1.21411;3;T;True;1
1621254119000;14181327;1.21408;1.21414;1.21411;0;T;True;1
1621254120000;14181328;1.21408;1.21414;1.21411;0;T;True;1
1621254121000;14181331;1.21408;1.21414;1.21411;2;T;True;1
1621254122000;14181336;1.21408;1.21414;1.21411;4;T;True;1
1621254123000;14181343;1.21404;1.2141;1.21407;6;T;True;1
1621254124000;14181346;1.21405;1.21411;1.21408;2;T;True;1
1621254125000;14181348;1.21404;1.2141;1.21407;1;T;True;1
1621254126000;14181350;1.21404;1.2141;1.21407;1;T;True;1
1621254127000;14181351;1.21404;1.2141;1.21407;0;T;True;1
1621254128000;14181354;1.21403;1.21409;1.21406;2;T;True;1
1621254129000;14181358;1.21401;1.21407;1.21404;3;T;True;1
1621254130000;14181359;1.21401;1.21407;1.21404;0;T;True;1
1621254131000;14181362;1.21402;1.21408;1.21405;2;T;True;1
1621254132000;14181363;1.21402;1.21408;1.21405;0;T;True;1
1621254133000;14181365;1.21403;1.21409;1.21406;1;T;True;1
1621254134000;14181366;1.21403;1.21409;1.21406;0;T;True;1
1621254135000;14181368;1.21404;1.2141;1.21407;1;T;True;1
1621254136000;14181369;1.21404;1.2141;1.21407;0;T;True;1
1621254137000;14181370;1.21404;1.2141;1.21407;0;T;True;1
1621254138000;14181372;1.21404;1.2141;1.21407;1;T;True;1
1621254139000;14181373;1.21404;1.2141;1.21407;0;T;True;1
1621254140000;14181374;1.21404;1.2141;1.21407;0;T;True;1
1621254141000;14181375;1.21404;1.2141;1.21407;0;T;True;1
1621254142000;14181376;1.21404;1.2141;1.21407;0;T;True;1
1621254143000;14181377;1.21404;1.2141;1.21407;0;T;True;1
1621254144000;14181380;1.21403;1.21409;1.21406;2;T;True;1
1621254145000;14181382;1.21404;1.2141;1.21407;1;T;True;1
1621254146000;14181384;1.21404;1.2141;1.21407;1;T;True;1
1621254147000;14181385;1.21404;1.2141;1.21407;0;T;True;1
1621254148000;14181386;1.21404;1.2141;1.21407;0;T;True;1
1621254149000;14181387;1.21404;1.2141;1.21407;0;T;True;1
1621254150000;14181390;1.21406;1.21412;1.21409;2;T;True;1
1621254151000;14181391;1.21406;1.21412;1.21409;0;T;True;1
1621254152000;14181393;1.21406;1.21412;1.21409;1;T;True;1
1621254153000;14181395;1.21406;1.21412;1.21409;1;T;True;1
1621254154000;14181397;1.21405;1.21411;1.21408;1;T;True;1
1621254155000;14181400;1.21404;1.2141;1.21407;2;T;True;1
1621254156000;14181401;1.21404;1.2141;1.21407;0;T;True;1
1621254157000;14181402;1.21404;1.2141;1.21407;0;T;True;1
1621254158000;14181403;1.21404;1.2141;1.21407;0;T;True;1
1621254159000;14181407;1.21402;1.21408;1.21405;3;T;True;1
1621254160000;14181412;1.214;1.21406;1.21403;4;T;True;1
1621254161000;14181413;1.214;1.21406;1.21403;0;T;True;1
1621254162000;14181414;1.214;1.21406;1.21403;0;T;True;1
1621254163000;14181416;1.21398;1.21404;1.21401;1;T;True;1
1621254164000;14181417;1.21398;1.21404;1.21401;0;T;True;1
1621254165000;14181419;1.21399;1.21405;1.21402;1;T;True;1
1621254166000;14181422;1.21399;1.21405;1.21402;2;T;True;1
1621254167000;14181426;1.21399;1.21405;1.21402;3;T;True;1
1621254168000;14181430;1.21399;1.21405;1.21402;3;T;True;1
1621254169000;14181431;1.21399;1.21405;1.21402;0;T;True;1
1621254170000;14181434;1.21399;1.21405;1.21402;2;T;True;1
1621254171000;14181435;1.21399;1.21405;1.21402;0;T;True;1
1621254172000;14181436;1.21399;1.21405;1.21402;0;T;True;1
1621254173000;14181437;1.21399;1.21405;1.21402;0;T;True;1
1621254174000;14181438;1.21399;1.21405;1.21402;0;T;True;1
1621254175000;14181439;1.21399;1.21405;1.21402;0;T;True;1
1621254176000;14181447;1.21399;1.21405;1.21402;7;T;True;1
1621254177000;14181449;1.21398;1.21404;1.21401;1;T;True;1
1621254178000;14181453;1.21396;1.21402;1.21399;3;T;True;1
1621254179000;14181454;1.21396;1.21402;1.21399;0;T;True;1
1621254180000;14181460;1.21394;1.214;1.21397;5;T;True;1
1621254181000;14181469;1.21392;1.21398;1.21395;8;T;True;1
1621254182000;14181479;1.21396;1.21402;1.21399;9;T;True;1
1621254183000;14181484;1.21397;1.21403;1.214;4;T;True;1
1621254184000;14181488;1.21398;1.21404;1.21401;3;T;True;1
1621254185000;14181493;1.21396;1.21402;1.21399;4;T;True;1
1621254186000;14181495;1.21395;1.21401;1.21398;1;T;True;1
1621254187000;14181497;1.21395;1.21401;1.21398;1;T;True;1
1621254188000;14181506;1.214;1.21406;1.21403;8;T;True;1
1621254189000;14181511;1.214;1.21406;1.21403;4;T;True;1
1621254190000;14181512;1.214;1.21406;1.21403;0;T;True;1
1621254191000;14181513;1.214;1.21406;1.21403;0;T;True;1
1621254192000;14181519;1.21396;1.21402;1.21399;5;T;True;1
1621254193000;14181526;1.21394;1.214;1.21397;6;T;True;1
1621254194000;14181527;1.21394;1.214;1.21397;0;T;True;1
1621254195000;14181528;1.21394;1.214;1.21397;0;T;True;1
1621254196000;14181529;1.21394;1.214;1.21397;0;T;True;1
1621254197000;14181532;1.21395;1.21401;1.21398;2;T;True;1
1621254198000;14181534;1.21394;1.214;1.21397;1;T;True;1
1621254199000;14181535;1.21394;1.214;1.21397;0;T;True;1
1621254200000;14181536;1.21394;1.214;1.21397;0;T;True;1
1621254201000;14181537;1.21394;1.214;1.21397;0;T;True;1
1621254202000;14181538;1.21394;1.214;1.21397;0;T;True;1
1621254203000;14181539;1.21394;1.214;1.21397;0;T;True;1
1621254204000;14181542;1.21395;1.21401;1.21398;2;T;True;1
1621254205000;14181547;1.214;1.21406;1.21403;4;T;True;1
1621254206000;14181548;1.214;1.21406;1.21403;0;T;True;1
1621254207000;14181552;1.21402;1.21408;1.21405;3;T;True;1
1621254208000;14181553;1.21402;1.21408;1.21405;0;T;True;1
1621254209000;14181555;1.21401;1.21407;1.21404;1;T;True;1
1621254210000;14181556;1.21401;1.21407;1.21404;0;T;True;1
1621254211000;14181558;1.214;1.21406;1.21403;1;T;True;1
1621254212000;14181559;1.214;1.21406;1.21403;0;T;True;1
1621254213000;14181563;1.21404;1.2141;1.21407;3;T;True;1
1621254214000;14181570;1.21403;1.21409;1.21406;6;T;True;1
1621254215000;14181573;1.21404;1.2141;1.21407;2;T;True;1
1621254216000;14181574;1.21404;1.2141;1.21407;0;T;True;1
1621254217000;14181575;1.21404;1.2141;1.21407;0;T;True;1
1621254218000;14181583;1.21405;1.21411;1.21408;7;T;True;1
1621254219000;14181585;1.21405;1.21411;1.21408;1;T;True;1
1621254220000;14181587;1.21405;1.21411;1.21408;1;T;True;1
1621254221000;14181589;1.21406;1.21412;1.21409;1;T;True;1
1621254222000;14181590;1.21406;1.21412;1.21409;0;T;True;1
1621254223000;14181591;1.21406;1.21412;1.21409;0;T;True;1
1621254224000;14181592;1.21406;1.21412;1.21409;0;T;True;1
1621254225000;14181593;1.21406;1.21412;1.21409;0;T;True;1
1621254226000;14181594;1.21406;1.21412;1.21409;0;T;True;1
1621254227000;14181595;1.21406;1.21412;1.21409;0;T;True;1
1621254228000;14181596;1.21406;1.21412;1.21409;0;T;True;1
1621254229000;14181597;1.21406;1.21412;1.21409;0;T;True;1
1621254230000;14181598;1.21406;1.21412;1.21409;0;T;True;1
1621254231000;14181599;1.21406;1.21412;1.21409;0;T;True;1
1621254232000;14181600;1.21406;1.21412;1.21409;0;T;True;1
1621254233000;14181601;1.21406;1.21412;1.21409;0;T;True;1
1621254234000;14181602;1.21406;1.21412;1.21409;0;T;True;1
1621254235000;14181610;1.21412;1.21418;1.21415;7;T;True;1
1621254236000;14181612;1.21412;1.21418;1.21415;1;T;True;1
1621254237000;14181614;1.21412;1.21418;1.21415;1;T;True;1
1621254238000;14181615;1.21412;1.21418;1.21415;0;T;True;1
1621254239000;14181616;1.21412;1.21418;1.21415;0;T;True;1
1621254240000;14181617;1.21412;1.21418;1.21415;0;T;True;1
1621254241000;14181623;1.21406;1.21412;1.21409;5;T;True;1
1621254242000;14181627;1.21404;1.2141;1.21407;3;T;True;1
1621254243000;14181628;1.21404;1.2141;1.21407;0;T;True;1
1621254244000;14181632;1.21405;1.21411;1.21408;3;T;True;1
1621254245000;14181634;1.21404;1.2141;1.21407;1;T;True;1
1621254246000;14181639;1.21403;1.21409;1.21406;4;T;True;1
1621254247000;14181640;1.21403;1.21409;1.21406;0;T;True;1
1621254248000;14181642;1.21404;1.2141;1.21407;1;T;True;1
1621254249000;14181644;1.21405;1.21411;1.21408;1;T;True;1
1621254250000;14181645;1.21405;1.21411;1.21408;0;T;True;1
1621254251000;14181646;1.21405;1.21411;1.21408;0;T;True;1
1621254252000;14181647;1.21405;1.21411;1.21408;0;T;True;1
1621254253000;14181649;1.21405;1.21411;1.21408;1;T;True;1
1621254254000;14181651;1.21405;1.21411;1.21408;1;T;True;1
1621254255000;14181654;1.21405;1.21411;1.21408;2;T;True;1
1621254256000;14181655;1.21405;1.21411;1.21408;0;T;True;1
1621254257000;14181656;1.21405;1.21411;1.21408;0;T;True;1
1621254258000;14181657;1.21405;1.21411;1.21408;0;T;True;1
1621254259000;14181658;1.21405;1.21411;1.21408;0;T;True;1
1621254260000;14181659;1.21405;1.21411;1.21408;0;T;True;1
1621254261000;14181660;1.21405;1.21411;1.21408;0;T;True;1
1621254262000;14181661;1.21405;1.21411;1.21408;0;T;True;1
1621254263000;14181662;1.21405;1.21411;1.21408;0;T;True;1
1621254264000;14181663;1.21405;1.21411;1.21408;0;T;True;1
1621254265000;14181664;1.21405;1.21411;1.21408;0;T;True;1
1621254266000;14181672;1.21399;1.21405;1.21402;7;T;True;1
1621254267000;14181678;1.21399;1.21405;1.21402;5;T;True;1
1621254268000;14181679;1.21399;1.21405;1.21402;0;T;True;1
1621254269000;14181681;1.21399;1.21405;1.21402;1;T;True;1
1621254270000;14181684;1.21399;1.21405;1.21402;2;T;True;1
1621254271000;14181686;1.21399;1.21405;1.21402;1;T;True;1
1621254272000;14181692;1.21404;1.2141;1.21407;5;T;True;1
1621254273000;14181694;1.21405;1.21411;1.21408;1;T;True;1
1621254274000;14181699;1.21406;1.21412;1.21409;4;T;True;1
1621254275000;14181702;1.21406;1.21412;1.21409;2;T;True;1
1621254276000;14181704;1.21405;1.21411;1.21408;1;T;True;1
1621254277000;14181705;1.21405;1.21411;1.21408;0;T;True;1
1621254278000;14181713;1.21407;1.21413;1.2141;7;T;True;1
1621254279000;14181722;1.2141;1.21416;1.21413;8;T;True;1
1621254280000;14181724;1.2141;1.21416;1.21413;1;T;True;1
1621254281000;14181726;1.2141;1.21416;1.21413;1;T;True;1
1621254282000;14181731;1.21409;1.21415;1.21412;4;T;True;1
1621254283000;14181733;1.21409;1.21415;1.21412;1;T;True;1
1621254284000;14181734;1.21409;1.21415;1.21412;0;T;True;1
1621254285000;14181735;1.21409;1.21415;1.21412;0;T;True;1
1621254286000;14181743;1.21408;1.21414;1.21411;7;T;True;1
1621254287000;14181746;1.21406;1.21412;1.21409;2;T;True;1
1621254288000;14181748;1.21406;1.21412;1.21409;1;T;True;1
1621254289000;14181749;1.21406;1.21412;1.21409;0;T;True;1
1621254290000;14181751;1.21406;1.21412;1.21409;1;T;True;1
1621254291000;14181753;1.21406;1.21412;1.21409;1;T;True;1
1621254292000;14181755;1.21405;1.21411;1.21408;1;T;True;1
1621254293000;14181758;1.21406;1.21412;1.21409;2;T;True;1
1621254294000;14181759;1.21406;1.21412;1.21409;0;T;True;1
1621254295000;14181760;1.21406;1.21412;1.21409;0;T;True;1
1621254296000;14181761;1.21406;1.21412;1.21409;0;T;True;1
1621254297000;14181773;1.21408;1.21414;1.21411;11;T;True;1
1621254298000;14181774;1.21408;1.21414;1.21411;0;T;True;1
1621254299000;14181776;1.21407;1.21413;1.2141;1;T;True;1
1621254300000;14181783;1.2141;1.21416;1.21413;6;T;True;1
1621254301000;14181785;1.2141;1.21416;1.21413;1;T;True;1
1621254302000;14181786;1.2141;1.21416;1.21413;0;T;True;1
1621254303000;14181790;1.21412;1.21418;1.21415;3;T;True;1
1621254304000;14181791;1.21412;1.21418;1.21415;0;T;True;1
1621254305000;14181792;1.21412;1.21418;1.21415;0;T;True;1
1621254306000;14181795;1.21412;1.21418;1.21415;2;T;True;1
1621254307000;14181797;1.21413;1.21419;1.21416;1;T;True;1
1621254308000;14181799;1.21413;1.21419;1.21416;1;T;True;1
1621254309000;14181802;1.21412;1.21418;1.21415;2;T;True;1
1621254310000;14181803;1.21412;1.21418;1.21415;0;T;True;1
1621254311000;14181805;1.21411;1.21417;1.21414;1;T;True;1
1621254312000;14181806;1.21411;1.21417;1.21414;0;T;True;1
1621254313000;14181807;1.21411;1.21417;1.21414;0;T;True;1
1621254314000;14181810;1.2141;1.21416;1.21413;2;T;True;1
1621254315000;14181818;1.21415;1.21421;1.21418;7;T;True;1
1621254316000;14181820;1.21415;1.21421;1.21418;1;T;True;1
1621254317000;14181821;1.21415;1.21421;1.21418;0;T;True;1
1621254318000;14181823;1.21416;1.21422;1.21419;1;T;True;1
1621254319000;14181826;1.21414;1.2142;1.21417;2;T;True;1
1621254320000;14181827;1.21414;1.2142;1.21417;0;T;True;1
1621254321000;14181833;1.21411;1.21417;1.21414;5;T;True;1
1621254322000;14181837;1.21412;1.21418;1.21415;3;T;True;1
1621254323000;14181839;1.21411;1.21417;1.21414;1;T;True;1
1621254324000;14181840;1.21411;1.21417;1.21414;0;T;True;1
1621254325000;14181841;1.21411;1.21417;1.21414;0;T;True;1
1621254326000;14181845;1.2141;1.21416;1.21413;3;T;True;1
1621254327000;14181849;1.21408;1.21414;1.21411;3;T;True;1
1621254328000;14181853;1.21408;1.21414;1.21411;3;T;True;1
1621254329000;14181858;1.21407;1.21413;1.2141;4;T;True;1
1621254330000;14181860;1.21407;1.21413;1.2141;1;T;True;1
1621254331000;14181863;1.21404;1.2141;1.21407;2;T;True;1
1621254332000;14181874;1.21404;1.2141;1.21407;10;T;True;1
1621254333000;14181875;1.21404;1.2141;1.21407;0;T;True;1
1621254334000;14181879;1.21403;1.21409;1.21406;3;T;True;1
1621254335000;14181884;1.21402;1.21408;1.21405;4;T;True;1
1621254336000;14181885;1.21402;1.21408;1.21405;0;T;True;1
1621254337000;14181887;1.214;1.21406;1.21403;1;T;True;1
1621254338000;14181889;1.21401;1.21407;1.21404;1;T;True;1
1621254339000;14181891;1.21401;1.21407;1.21404;1;T;True;1
1621254340000;14181894;1.21402;1.21408;1.21405;2;T;True;1
1621254341000;14181895;1.21402;1.21408;1.21405;0;T;True;1
1621254342000;14181896;1.21402;1.21408;1.21405;0;T;True;1
1621254343000;14181898;1.214;1.21406;1.21403;1;T;True;1
1621254344000;14181899;1.214;1.21406;1.21403;0;T;True;1
1621254345000;14181900;1.214;1.21406;1.21403;0;T;True;1
1621254346000;14181901;1.214;1.21406;1.21403;0;T;True;1
1621254347000;14181905;1.21404;1.2141;1.21407;3;T;True;1
1621254348000;14181909;1.21405;1.21411;1.21408;3;T;True;1
1621254349000;14181913;1.21404;1.2141;1.21407;3;T;True;1
1621254350000;14181914;1.21404;1.2141;1.21407;0;T;True;1
1621254351000;14181915;1.21404;1.2141;1.21407;0;T;True;1
1621254352000;14181928;1.214;1.21406;1.21403;12;T;True;1
1621254353000;14181930;1.214;1.21406;1.21403;1;T;True;1
1621254354000;14181931;1.214;1.21406;1.21403;0;T;True;1
1621254355000;14181932;1.214;1.21406;1.21403;0;T;True;1
1621254356000;14181933;1.214;1.21406;1.21403;0;T;True;1
1621254357000;14181934;1.214;1.21406;1.21403;0;T;True;1
1621254358000;14181944;1.21392;1.21398;1.21395;9;T;True;1
1621254359000;14181950;1.21392;1.21398;1.21395;5;T;True;1
1621254360000;14181952;1.21392;1.21398;1.21395;1;T;True;1
1621254361000;14181958;1.21392;1.21398;1.21395;5;T;True;1
1621254362000;14181963;1.21391;1.21397;1.21394;4;T;True;1
1621254363000;14181965;1.21392;1.21398;1.21395;1;T;True;1
1621254364000;14181966;1.21392;1.21398;1.21395;0;T;True;1
1621254365000;14181968;1.21391;1.21397;1.21394;1;T;True;1
1621254366000;14181975;1.21386;1.21392;1.21389;6;T;True;1
1621254367000;14181978;1.21386;1.21392;1.21389;2;T;True;1
1621254368000;14181981;1.21386;1.21392;1.21389;2;T;True;1
1621254369000;14181984;1.21384;1.2139;1.21387;2;T;True;1
1621254370000;14181985;1.21384;1.2139;1.21387;0;T;True;1
1621254371000;14181994;1.21378;1.21384;1.21381;8;T;True;1
1621254372000;14181999;1.21379;1.21385;1.21382;4;T;True;1
1621254373000;14182001;1.2138;1.21386;1.21383;1;T;True;1
1621254374000;14182006;1.21379;1.21385;1.21382;4;T;True;1
1621254375000;14182010;1.2138;1.21386;1.21383;3;T;True;1
1621254376000;14182014;1.21381;1.21387;1.21384;3;T;True;1
1621254377000;14182017;1.21381;1.21387;1.21384;2;T;True;1
1621254378000;14182021;1.2138;1.21386;1.21383;3;T;True;1
1621254379000;14182023;1.2138;1.21386;1.21383;1;T;True;1
1621254380000;14182026;1.21377;1.21383;1.2138;2;T;True;1
1621254381000;14182031;1.21379;1.21385;1.21382;4;T;True;1
1621254382000;14182033;1.21379;1.21385;1.21382;1;T;True;1
1621254383000;14182036;1.2138;1.21386;1.21383;2;T;True;1
1621254384000;14182039;1.2138;1.21386;1.21383;2;T;True;1
1621254385000;14182042;1.2138;1.21386;1.21383;2;T;True;1
1621254386000;14182051;1.21375;1.21381;1.21378;8;T;True;1
1621254387000;14182053;1.21376;1.21382;1.21379;1;T;True;1
1621254388000;14182055;1.21375;1.21381;1.21378;1;T;True;1
1621254389000;14182061;1.21374;1.2138;1.21377;5;T;True;1
1621254390000;14182066;1.21375;1.21381;1.21378;4;T;True;1
1621254391000;14182069;1.21374;1.2138;1.21377;2;T;True;1
1621254392000;14182075;1.21374;1.2138;1.21377;5;T;True;1
1621254393000;14182077;1.21374;1.2138;1.21377;1;T;True;1
1621254394000;14182086;1.21378;1.21384;1.21381;8;T;True;1
1621254395000;14182087;1.21378;1.21384;1.21381;0;T;True;1
1621254396000;14182089;1.21378;1.21384;1.21381;1;T;True;1
1621254397000;14182090;1.21378;1.21384;1.21381;0;T;True;1
