ts;n;bid;ask;value;volume;phase;round;active_id
1621259862000;14198969;1.21446;1.21452;1.21449;0;T;True;1
1621259863000;14198975;1.21446;1.21452;1.21449;5;T;True;1
1621259864000;14198977;1.21446;1.21452;1.21449;1;T;True;1
1621259865000;14198978;1.21446;1.21452;1.21449;0;T;True;1
1621259866000;14198980;1.21446;1.21452;1.21449;1;T;True;1
1621259867000;14198981;1.21446;1.21452;1.21449;0;T;True;1
1621259868000;14198983;1.21446;1.21452;1.21449;1;T;True;1
1621259869000;14198984;1.21446;1.21452;1.21449;0;T;True;1
1621259870000;14198985;1.21446;1.21452;1.21449;0;T;True;1
1621259871000;14198988;1.21446;1.21452;1.21449;2;T;True;1
1621259872000;14198992;1.21447;1.21453;1.2145;3;T;True;1
1621259873000;14198994;1.21448;1.21454;1.21451;1;T;True;1
1621259874000;14198997;1.2145;1.21456;1.21453;2;T;True;1
1621259875000;14198999;1.2145;1.21456;1.21453;1;T;True;1
1621259876000;14199001;1.21449;1.21455;1.21452;1;T;True;1
1621259877000;14199007;1.21447;1.21453;1.2145;5;T;True;1
1621259878000;14199009;1.21446;1.21452;1.21449;1;T;True;1
1621259879000;14199015;1.2145;1.21456;1.21453;5;T;True;1
1621259880000;14199018;1.2145;1.21456;1.21453;2;T;True;1
1621259881000;14199021;1.2145;1.21456;1.21453;2;T;True;1
1621259882000;14199022;1.2145;1.21456;1.21453;0;T;True;1
1621259883000;14199024;1.21455;1.21461;1.21458;1;T;True;1
1621259884000;14199026;1.21454;1.2146;1.21457;1;T;True;1
1621259885000;14199027;1.21454;1.2146;1.21457;0;T;True;1
1621259886000;14199029;1.21454;1.2146;1.21457;1;T;True;1
1621259887000;14199031;1.21454;1.2146;1.21457;1;T;True;1
1621259888000;14199033;1.21454;1.2146;1.21457;1;T;True;1
1621259889000;14199035;1.21454;1.2146;1.21457;1;T;True;1
1621259890000;14199038;1.21454;1.2146;1.21457;2;T;True;1
1621259891000;14199040;1.21454;1.2146;1.21457;1;T;True;1
1621259892000;14199043;1.21452;1.21458;1.21455;2;T;True;1
1621259893000;14199044;1.21452;1.21458;1.21455;0;T;True;1
1621259894000;14199046;1.21452;1.21458;1.21455;1;T;True;1
1621259895000;14199049;1.21452;1.21458;1.21455;2;T;True;1
1621259896000;14199052;1.21453;1.21459;1.21456;2;T;True;1
1621259897000;14199054;1.21455;1.21461;1.21458;1;T;True;1
1621259898000;14199056;1.21456;1.21462;1.21459;1;T;True;1
1621259899000;14199057;1.21456;1.21462;1.21459;0;T;True;1
1621259900000;14199063;1.21462;1.21468;1.21465;5;T;True;1
1621259901000;14199067;1.21462;1.21468;1.21465;3;T;True;1
1621259902000;14199071;1.21464;1.2147;1.21467;3;T;True;1
1621259903000;14199075;1.21462;1.21468;1.21465;3;T;True;1
1621259904000;14199079;1.21463;1.21469;1.21466;3;T;True;1
1621259905000;14199082;1.21462;1.21468;1.21465;2;T;True;1
1621259906000;14199084;1.21463;1.21469;1.21466;1;T;True;1
1621259907000;14199086;1.21462;1.21468;1.21465;1;T;True;1
1621259908000;14199090;1.21463;1.21469;1.21466;3;T;True;1
1621259909000;14199093;1.21464;1.2147;1.21467;2;T;True;1
1621259910000;14199094;1.21464;1.2147;1.21467;0;T;True;1
1621259911000;14199095;1.21464;1.2147;1.21467;0;T;True;1
1621259912000;14199096;1.21464;1.2147;1.21467;0;T;True;1
1621259913000;14199097;1.21464;1.2147;1.21467;0;T;True;1
1621259914000;14199098;1.21464;1.2147;1.21467;0;T;True;1
1621259915000;14199100;1.21464;1.2147;1.21467;1;T;True;1
1621259916000;14199105;1.21462;1.21468;1.21465;4;T;True;1
1621259917000;14199106;1.21462;1.21468;1.21465;0;T;True;1
1621259918000;14199107;1.21462;1.21468;1.21465;0;T;True;1
1621259919000;14199108;1.21462;1.21468;1.21465;0;T;True;1
1621259920000;14199110;1.21463;1.21469;1.21466;1;T;True;1
1621259921000;14199113;1.21463;1.21469;1.21466;2;T;True;1
1621259922000;14199116;1.21463;1.21469;1.21466;2;T;True;1
1621259923000;14199117;1.21463;1.21469;1.21466;0;T;True;1
1621259924000;14199118;1.21463;1.21469;1.21466;0;T;True;1
1621259925000;14199123;1.21461;1.21467;1.21464;4;T;True;1
1621259926000;14199125;1.21462;1.21468;1.21465;1;T;True;1
1621259927000;14199126;1.21462;1.21468;1.21465;0;T;True;1
1621259928000;14199127;1.21462;1.21468;1.21465;0;T;True;1
1621259929000;14199128;1.21462;1.21468;1.21465;0;T;True;1
1621259930000;14199129;1.21462;1.21468;1.21465;0;T;True;1
1621259931000;14199130;1.21462;1.21468;1.21465;0;T;True;1
1621259932000;14199131;1.21462;1.21468;1.21465;0;T;True;1
1621259933000;14199135;1.2146;1.21466;1.21463;3;T;True;1
1621259934000;14199136;1.2146;1.21466;1.21463;0;T;True;1
1621259935000;14199139;1.21461;1.21467;1.21464;2;T;True;1
1621259936000;14199142;1.21462;1.21468;1.21465;2;T;True;1
1621259937000;14199143;1.21462;1.21468;1.21465;0;T;True;1
1621259938000;14199145;1.21462;1.21468;1.21465;1;T;True;1
1621259939000;14199148;1.21464;1.2147;1.21467;2;T;True;1
1621259940000;14199149;1.21464;1.2147;1.21467;0;T;True;1
1621259941000;14199151;1.21463;1.21469;1.21466;1;T;True;1
1621259942000;14199153;1.21462;1.21468;1.21465;1;T;True;1
1621259943000;14199155;1.21462;1.21468;1.21465;1;T;True;1
1621259944000;14199163;1.21456;1.21462;1.21459;7;T;True;1
1621259945000;14199164;1.21456;1.21462;1.21459;0;T;True;1
1621259946000;14199168;1.21456;1.21462;1.21459;3;T;True;1
1621259947000;14199169;1.21456;1.21462;1.21459;0;T;True;1
1621259948000;14199170;1.21456;1.21462;1.21459;0;T;True;1
1621259949000;14199172;1.21456;1.21462;1.21459;1;T;True;1
1621259950000;14199173;1.21456;1.21462;1.21459;0;T;True;1
1621259951000;14199177;1.21456;1.21462;1.21459;3;T;True;1
1621259952000;14199178;1.21456;1.21462;1.21459;0;T;True;1
1621259953000;14199180;1.21457;1.21463;1.2146;1;T;True;1
1621259954000;14199184;1.21456;1.21462;1.21459;3;T;True;1
1621259955000;14199185;1.21456;1.21462;1.21459;0;T;True;1
1621259956000;14199186;1.21456;1.21462;1.21459;0;T;True;1
1621259957000;14199188;1.21456;1.21462;1.21459;1;T;True;1
1621259958000;14199189;1.21456;1.21462;1.21459;0;T;True;1
1621259959000;14199191;1.21456;1.21462;1.21459;1;T;True;1
1621259960000;14199192;1.21456;1.21462;1.21459;0;T;True;1
1621259961000;14199193;1.21456;1.21462;1.21459;0;T;True;1
1621259962000;14199194;1.21456;1.21462;1.21459;0;T;True;1
1621259963000;14199195;1.21456;1.21462;1.21459;0;T;True;1
1621259964000;14199197;1.21456;1.21462;1.21459;1;T;True;1
1621259965000;14199199;1.21457;1.21463;1.2146;1;T;True;1
1621259966000;14199200;1.21457;1.21463;1.2146;0;T;True;1
1621259967000;14199201;1.21457;1.21463;1.2146;0;T;True;1
1621259968000;14199203;1.21456;1.21462;1.21459;1;T;True;1
1621259969000;14199204;1.21456;1.21462;1.21459;0;T;True;1
1621259970000;14199206;1.21458;1.21464;1.21461;1;T;True;1
1621259971000;14199210;1.21459;1.21465;1.21462;3;T;True;1
1621259972000;14199211;1.21459;1.21465;1.21462;0;T;True;1
1621259973000;14199213;1.2146;1.21466;1.21463;1;T;True;1
1621259974000;14199217;1.21458;1.21464;1.21461;3;T;True;1
1621259975000;14199220;1.21458;1.21464;1.21461;2;T;True;1
1621259976000;14199222;1.2146;1.21466;1.21463;1;T;True;1
1621259977000;14199224;1.2146;1.21466;1.21463;1;T;True;1
1621259978000;14199225;1.2146;1.21466;1.21463;0;T;True;1
1621259979000;14199233;1.21464;1.2147;1.21467;7;T;True;1
1621259980000;14199239;1.21463;1.21469;1.21466;5;T;True;1
1621259981000;14199243;1.21464;1.2147;1.21467;3;T;True;1
1621259982000;14199244;1.21464;1.2147;1.21467;0;T;True;1
1621259983000;14199245;1.21464;1.2147;1.21467;0;T;True;1
1621259984000;14199246;1.21464;1.2147;1.21467;0;T;True;1
1621259985000;14199256;1.21466;1.21472;1.21469;9;T;True;1
1621259986000;14199263;1.21466;1.21472;1.21469;6;T;True;1
1621259987000;14199265;1.21467;1.21473;1.2147;1;T;True;1
1621259988000;14199267;1.21466;1.21472;1.21469;1;T;True;1
1621259989000;14199269;1.21466;1.21472;1.21469;1;T;True;1
1621259990000;14199270;1.21466;1.21472;1.21469;0;T;True;1
1621259991000;14199271;1.21466;1.21472;1.21469;0;T;True;1
1621259992000;14199272;1.21466;1.21472;1.21469;0;T;True;1
1621259993000;14199273;1.21466;1.21472;1.21469;0;T;True;1
1621259994000;14199274;1.21466;1.21472;1.21469;0;T;True;1
1621259995000;14199275;1.21466;1.21472;1.21469;0;T;True;1
1621259996000;14199276;1.21466;1.21472;1.21469;0;T;True;1
1621259997000;14199278;1.21466;1.21472;1.21469;1;T;True;1
1621259998000;14199280;1.21466;1.21472;1.21469;1;T;True;1
1621259999000;14199288;1.21468;1.21474;1.21471;7;T;True;1
1621260000000;14199292;1.21466;1.21472;1.21469;3;T;True;1
1621260001000;14199298;1.21462;1.21468;1.21465;5;T;True;1
1621260002000;14199301;1.2146;1.21466;1.21463;2;T;True;1
1621260003000;14199302;1.2146;1.21466;1.21463;0;T;True;1
1621260004000;14199308;1.21456;1.21462;1.21459;5;T;True;1
1621260005000;14199309;1.21456;1.21462;1.21459;0;T;True;1
1621260006000;14199312;1.21454;1.2146;1.21457;2;T;True;1
1621260007000;14199316;1.21454;1.2146;1.21457;3;T;True;1
1621260008000;14199317;1.21454;1.2146;1.21457;0;T;True;1
1621260009000;14199322;1.2145;1.21456;1.21453;4;T;True;1
1621260010000;14199326;1.2145;1.21456;1.21453;3;T;True;1
1621260011000;14199337;1.2144;1.21446;1.21443;10;T;True;1
1621260012000;14199340;1.2144;1.21446;1.21443;2;T;True;1
1621260013000;14199342;1.2144;1.21446;1.21443;1;T;True;1
1621260014000;14199343;1.2144;1.21446;1.21443;0;T;True;1
1621260015000;14199344;1.2144;1.21446;1.21443;0;T;True;1
1621260016000;14199345;1.2144;1.21446;1.21443;0;T;True;1
1621260017000;14199346;1.2144;1.21446;1.21443;0;T;True;1
1621260018000;14199347;1.2144;1.21446;1.21443;0;T;True;1
1621260019000;14199348;1.2144;1.21446;1.21443;0;T;True;1
1621260020000;14199349;1.2144;1.21446;1.21443;0;T;True;1
1621260021000;14199352;1.21438;1.21444;1.21441;2;T;True;1
1621260022000;14199353;1.21438;1.21444;1.21441;0;T;True;1
1621260023000;14199355;1.21438;1.21444;1.21441;1;T;True;1
1621260024000;14199359;1.2144;1.21446;1.21443;3;T;True;1
1621260025000;14199360;1.2144;1.21446;1.21443;0;T;True;1
1621260026000;14199362;1.2144;1.21446;1.21443;1;T;True;1
1621260027000;14199363;1.2144;1.21446;1.21443;0;T;True;1
1621260028000;14199365;1.2144;1.21446;1.21443;1;T;True;1
1621260029000;14199373;1.2143;1.21436;1.21433;7;T;True;1
1621260030000;14199374;1.2143;1.21436;1.21433;0;T;True;1
1621260031000;14199378;1.21432;1.21438;1.21435;3;T;True;1
1621260032000;14199382;1.2143;1.21436;1.21433;3;T;True;1
1621260033000;14199386;1.21428;1.21434;1.21431;3;T;True;1
1621260034000;14199389;1.2143;1.21436;1.21433;2;T;True;1
1621260035000;14199396;1.21426;1.21432;1.21429;6;T;True;1
1621260036000;14199399;1.21426;1.21432;1.21429;2;T;True;1
1621260037000;14199400;1.21426;1.21432;1.21429;0;T;True;1
1621260038000;14199403;1.21426;1.21432;1.21429;2;T;True;1
1621260039000;14199408;1.21426;1.21432;1.21429;4;T;True;1
1621260040000;14199409;1.21426;1.21432;1.21429;0;T;True;1
1621260041000;14199410;1.21426;1.21432;1.21429;0;T;True;1
1621260042000;14199412;1.21425;1.21431;1.21428;1;T;True;1
1621260043000;14199413;1.21425;1.21431;1.21428;0;T;True;1
1621260044000;14199415;1.21424;1.2143;1.21427;1;T;True;1
1621260045000;14199419;1.2142;1.21426;1.21423;3;T;True;1
1621260046000;14199422;1.21422;1.21428;1.21425;2;T;True;1
1621260047000;14199429;1.21426;1.21432;1.21429;6;T;True;1
1621260048000;14199440;1.21427;1.21433;1.2143;10;T;True;1
1621260049000;14199444;1.2143;1.21436;1.21433;3;T;True;1
1621260050000;14199445;1.2143;1.21436;1.21433;0;T;True;1
1621260051000;14199448;1.2143;1.21436;1.21433;2;T;True;1
1621260052000;14199450;1.2143;1.21436;1.21433;1;T;True;1
1621260053000;14199454;1.21435;1.21441;1.21438;3;T;True;1
1621260054000;14199460;1.2144;1.21446;1.21443;5;T;True;1
1621260055000;14199464;1.21442;1.21448;1.21445;3;T;True;1
1621260056000;14199474;1.2144;1.21446;1.21443;9;T;True;1
1621260057000;14199475;1.2144;1.21446;1.21443;0;T;True;1
1621260058000;14199481;1.21435;1.21441;1.21438;5;T;True;1
1621260059000;14199483;1.21436;1.21442;1.21439;1;T;True;1
1621260060000;14199484;1.21436;1.21442;1.21439;0;T;True;1
1621260061000;14199485;1.21436;1.21442;1.21439;0;T;True;1
1621260062000;14199492;1.2144;1.21446;1.21443;6;T;True;1
1621260063000;14199499;1.21444;1.2145;1.21447;6;T;True;1
1621260064000;14199504;1.21436;1.21442;1.21439;4;T;True;1
1621260065000;14199511;1.21435;1.21441;1.21438;6;T;True;1
1621260066000;14199515;1.21435;1.21441;1.21438;3;T;True;1
1621260067000;14199518;1.21436;1.21442;1.21439;2;T;True;1
1621260068000;14199519;1.21436;1.21442;1.21439;0;T;True;1
1621260069000;14199520;1.21436;1.21442;1.21439;0;T;True;1
1621260070000;14199525;1.21434;1.2144;1.21437;4;T;True;1
1621260071000;14199529;1.2143;1.21436;1.21433;3;T;True;1
1621260072000;14199530;1.2143;1.21436;1.21433;0;T;True;1
1621260073000;14199536;1.21428;1.21434;1.21431;5;T;True;1
1621260074000;14199538;1.21429;1.21435;1.21432;1;T;True;1
1621260075000;14199545;1.21434;1.2144;1.21437;6;T;True;1
1621260076000;14199546;1.21434;1.2144;1.21437;0;T;True;1
1621260077000;14199550;1.21435;1.21441;1.21438;3;T;True;1
1621260078000;14199551;1.21435;1.21441;1.21438;0;T;True;1
1621260079000;14199557;1.21436;1.21442;1.21439;5;T;True;1
1621260080000;14199561;1.21434;1.2144;1.21437;3;T;True;1
1621260081000;14199564;1.21432;1.21438;1.21435;2;T;True;1
1621260082000;14199566;1.21432;1.21438;1.21435;1;T;True;1
1621260083000;14199570;1.21432;1.21438;1.21435;3;T;True;1
1621260084000;14199573;1.21433;1.21439;1.21436;2;T;True;1
1621260085000;14199584;1.21443;1.21449;1.21446;10;T;True;1
1621260086000;14199590;1.21446;1.21452;1.21449;5;T;True;1
1621260087000;14199597;1.21452;1.21458;1.21455;6;T;True;1
1621260088000;14199599;1.21454;1.2146;1.21457;1;T;True;1
1621260089000;14199600;1.21454;1.2146;1.21457;0;T;True;1
1621260090000;14199603;1.21454;1.2146;1.21457;2;T;True;1
1621260091000;14199606;1.21454;1.2146;1.21457;2;T;True;1
1621260092000;14199607;1.21454;1.2146;1.21457;0;T;True;1
1621260093000;14199613;1.21457;1.21463;1.2146;5;T;True;1
1621260094000;14199614;1.21457;1.21463;1.2146;0;T;True;1
1621260095000;14199616;1.21457;1.21463;1.2146;1;T;True;1
1621260096000;14199620;1.21454;1.2146;1.21457;3;T;True;1
1621260097000;14199625;1.21452;1.21458;1.21455;4;T;True;1
1621260098000;14199626;1.21452;1.21458;1.21455;0;T;True;1
1621260099000;14199627;1.21452;1.21458;1.21455;0;T;True;1
1621260100000;14199628;1.21452;1.21458;1.21455;0;T;True;1
1621260101000;14199630;1.21452;1.21458;1.21455;1;T;True;1
1621260102000;14199632;1.21452;1.21458;1.21455;1;T;True;1
1621260103000;14199633;1.21452;1.21458;1.21455;0;T;True;1
1621260104000;14199638;1.21448;1.21454;1.21451;4;T;True;1
1621260105000;14199639;1.21448;1.21454;1.21451;0;T;True;1
1621260106000;14199640;1.21448;1.21454;1.21451;0;T;True;1
1621260107000;14199641;1.21448;1.21454;1.21451;0;T;True;1
1621260108000;14199642;1.21448;1.21454;1.21451;0;T;True;1
1621260109000;14199649;1.21451;1.21457;1.21454;6;T;True;1
1621260110000;14199650;1.21451;1.21457;1.21454;0;T;True;1
1621260111000;14199652;1.21451;1.21457;1.21454;1;T;True;1
1621260112000;14199655;1.21451;1.21457;1.21454;2;T;True;1
1621260113000;14199657;1.21451;1.21457;1.21454;1;T;True;1
1621260114000;14199658;1.21451;1.21457;1.21454;0;T;True;1
1621260115000;14199659;1.21451;1.21457;1.21454;0;T;True;1
1621260116000;14199662;1.21451;1.21457;1.21454;2;T;True;1
1621260117000;14199667;1.21452;1.21458;1.21455;4;T;True;1
1621260118000;14199672;1.2145;1.21456;1.21453;4;T;True;1
1621260119000;14199673;1.2145;1.21456;1.21453;0;T;True;1
1621260120000;14199675;1.21449;1.21455;1.21452;1;T;True;1
1621260121000;14199676;1.21449;1.21455;1.21452;0;T;True;1
1621260122000;14199678;1.21449;1.21455;1.21452;1;T;True;1
1621260123000;14199680;1.21448;1.21454;1.21451;1;T;True;1
1621260124000;14199681;1.21448;1.21454;1.21451;0;T;True;1
1621260125000;14199683;1.21448;1.21454;1.21451;1;T;True;1
1621260126000;14199684;1.21448;1.21454;1.21451;0;T;True;1
1621260127000;14199692;1.21452;1.21458;1.21455;7;T;True;1
1621260128000;14199693;1.21452;1.21458;1.21455;0;T;True;1
1621260129000;14199694;1.21452;1.21458;1.21455;0;T;True;1
1621260130000;14199697;1.21452;1.21458;1.21455;2;T;True;1
1621260131000;14199701;1.21451;1.21457;1.21454;3;T;True;1
1621260132000;14199710;1.21446;1.21452;1.21449;8;T;True;1
1621260133000;14199712;1.21445;1.21451;1.21448;1;T;True;1
1621260134000;14199715;1.21444;1.2145;1.21447;2;T;True;1
1621260135000;14199721;1.21446;1.21452;1.21449;5;T;True;1
1621260136000;14199722;1.21446;1.21452;1.21449;0;T;True;1
1621260137000;14199725;1.21443;1.21449;1.21446;2;T;True;1
1621260138000;14199727;1.21443;1.21449;1.21446;1;T;True;1
1621260139000;14199728;1.21443;1.21449;1.21446;0;T;True;1
1621260140000;14199737;1.21446;1.21452;1.21449;8;T;True;1
1621260141000;14199739;1.21446;1.21452;1.21449;1;T;True;1
1621260142000;14199740;1.21446;1.21452;1.21449;0;T;True;1
1621260143000;14199744;1.21446;1.21452;1.21449;3;T;True;1
1621260144000;14199745;1.21446;1.21452;1.21449;0;T;True;1
1621260145000;14199746;1.21446;1.21452;1.21449;0;T;True;1
1621260146000;14199747;1.21446;1.21452;1.21449;0;T;True;1
1621260147000;14199748;1.21446;1.21452;1.21449;0;T;True;1
1621260148000;14199757;1.21452;1.21458;1.21455;8;T;True;1
1621260149000;14199758;1.21452;1.21458;1.21455;0;T;True;1
1621260150000;14199760;1.21452;1.21458;1.21455;1;T;True;1
1621260151000;14199765;1.21448;1.21454;1.21451;4;T;True;1
1621260152000;14199766;1.21448;1.21454;1.21451;0;T;True;1
1621260153000;14199772;1.21444;1.2145;1.21447;5;T;True;1
1621260154000;14199773;1.21444;1.2145;1.21447;0;T;True;1
1621260155000;14199774;1.21444;1.2145;1.21447;0;T;True;1
1621260156000;14199778;1.21444;1.2145;1.21447;3;T;True;1
1621260157000;14199779;1.21444;1.2145;1.21447;0;T;True;1
1621260158000;14199783;1.21441;1.21447;1.21444;3;T;True;1
1621260159000;14199786;1.21441;1.21447;1.21444;2;T;True;1
1621260160000;14199796;1.2144;1.21446;1.21443;9;T;True;1
1621260161000;14199799;1.21441;1.21447;1.21444;2;T;True;1
1621260162000;14199801;1.21441;1.21447;1.21444;1;T;True;1
1621260163000;14199805;1.21441;1.21447;1.21444;3;T;True;1
1621260164000;14199808;1.21441;1.21447;1.21444;2;T;True;1
1621260165000;14199810;1.21442;1.21448;1.21445;1;T;True;1
1621260166000;14199813;1.21444;1.2145;1.21447;2;T;True;1
1621260167000;14199814;1.21444;1.2145;1.21447;0;T;True;1
1621260168000;14199815;1.21444;1.2145;1.21447;0;T;True;1
1621260169000;14199816;1.21444;1.2145;1.21447;0;T;True;1
1621260170000;14199821;1.21446;1.21452;1.21449;4;T;True;1
1621260171000;14199831;1.21451;1.21457;1.21454;9;T;True;1
1621260172000;14199833;1.21451;1.21457;1.21454;1;T;True;1
1621260173000;14199834;1.21451;1.21457;1.21454;0;T;True;1
1621260174000;14199836;1.21451;1.21457;1.21454;1;T;True;1
1621260175000;14199838;1.21451;1.21457;1.21454;1;T;True;1
1621260176000;14199839;1.21451;1.21457;1.21454;0;T;True;1
1621260177000;14199840;1.21451;1.21457;1.21454;0;T;True;1
1621260178000;14199841;1.21451;1.21457;1.21454;0;T;True;1
1621260179000;14199844;1.21448;1.21454;1.21451;2;T;True;1
1621260180000;14199851;1.21444;1.2145;1.21447;6;T;True;1
1621260181000;14199855;1.21448;1.21454;1.21451;3;T;True;1
1621260182000;14199860;1.2145;1.21456;1.21453;4;T;True;1
1621260183000;14199864;1.2145;1.21456;1.21453;3;T;True;1
1621260184000;14199865;1.2145;1.21456;1.21453;0;T;True;1
1621260185000;14199868;1.21452;1.21458;1.21455;2;T;True;1
1621260186000;14199873;1.2145;1.21456;1.21453;4;T;True;1
1621260187000;14199876;1.2145;1.21456;1.21453;2;T;True;1
1621260188000;14199883;1.21452;1.21458;1.21455;6;T;True;1
1621260189000;14199884;1.21452;1.21458;1.21455;0;T;True;1
1621260190000;14199886;1.21452;1.21458;1.21455;1;T;True;1
1621260191000;14199889;1.21452;1.21458;1.21455;2;T;True;1
1621260192000;14199890;1.21452;1.21458;1.21455;0;T;True;1
1621260193000;14199891;1.21452;1.21458;1.21455;0;T;True;1
1621260194000;14199893;1.21452;1.21458;1.21455;1;T;True;1
1621260195000;14199894;1.21452;1.21458;1.21455;0;T;True;1
1621260196000;14199895;1.21452;1.21458;1.21455;0;T;True;1
1621260197000;14199896;1.21452;1.21458;1.21455;0;T;True;1
1621260198000;14199897;1.21452;1.21458;1.21455;0;T;True;1
1621260199000;14199898;1.21452;1.21458;1.21455;0;T;True;1
1621260200000;14199900;1.21452;1.21458;1.21455;1;T;True;1
1621260201000;14199901;1.21452;1.21458;1.21455;0;T;True;1
1621260202000;14199902;1.21452;1.21458;1.21455;0;T;True;1
1621260203000;14199903;1.21452;1.21458;1.21455;0;T;True;1
1621260204000;14199911;1.21452;1.21458;1.21455;7;T;True;1
1621260205000;14199913;1.21452;1.21458;1.21455;1;T;True;1
1621260206000;14199916;1.2145;1.21456;1.21453;2;T;True;1
1621260207000;14199920;1.21451;1.21457;1.21454;3;T;True;1
1621260208000;14199921;1.21451;1.21457;1.21454;0;T;True;1
1621260209000;14199926;1.21445;1.21451;1.21448;4;T;True;1
1621260210000;14199929;1.21442;1.21448;1.21445;2;T;True;1
1621260211000;14199930;1.21442;1.21448;1.21445;0;T;True;1
1621260212000;14199932;1.21442;1.21448;1.21445;1;T;True;1
1621260213000;14199941;1.21445;1.21451;1.21448;8;T;True;1
1621260214000;14199947;1.21445;1.21451;1.21448;5;T;True;1
1621260215000;14199954;1.21447;1.21453;1.2145;6;T;True;1
1621260216000;14199959;1.21445;1.21451;1.21448;4;T;True;1
1621260217000;14199968;1.21442;1.21448;1.21445;8;T;True;1
1621260218000;14199972;1.21442;1.21448;1.21445;3;T;True;1
1621260219000;14199981;1.2144;1.21446;1.21443;8;T;True;1
1621260220000;14199989;1.21444;1.2145;1.21447;7;T;True;1
1621260221000;14199993;1.21442;1.21448;1.21445;3;T;True;1
1621260222000;14199999;1.21444;1.2145;1.21447;5;T;True;1
1621260223000;14200003;1.21442;1.21448;1.21445;3;T;True;1
1621260224000;14200005;1.21442;1.21448;1.21445;1;T;True;1
1621260225000;14200012;1.2144;1.21446;1.21443;6;T;True;1
1621260226000;14200013;1.2144;1.21446;1.21443;0;T;True;1
1621260227000;14200019;1.21441;1.21447;1.21444;5;T;True;1
1621260228000;14200024;1.21441;1.21447;1.21444;4;T;True;1
1621260229000;14200027;1.21441;1.21447;1.21444;2;T;True;1
1621260230000;14200029;1.21441;1.21447;1.21444;1;T;True;1
1621260231000;14200030;1.21441;1.21447;1.21444;0;T;True;1
1621260232000;14200034;1.21443;1.21449;1.21446;3;T;True;1
1621260233000;14200035;1.21443;1.21449;1.21446;0;T;True;1
1621260234000;14200038;1.21442;1.21448;1.21445;2;T;True;1
1621260235000;14200041;1.21441;1.21447;1.21444;2;T;True;1
1621260236000;14200043;1.21441;1.21447;1.21444;1;T;True;1
1621260237000;14200046;1.21441;1.21447;1.21444;2;T;True;1
1621260238000;14200053;1.21444;1.2145;1.21447;6;T;True;1
1621260239000;14200055;1.21444;1.2145;1.21447;1;T;True;1
1621260240000;14200056;1.21444;1.2145;1.21447;0;T;True;1
1621260241000;14200061;1.21442;1.21448;1.21445;4;T;True;1
1621260242000;14200070;1.21444;1.2145;1.21447;8;T;True;1
1621260243000;14200080;1.21446;1.21452;1.21449;9;T;True;1
1621260244000;14200083;1.21446;1.21452;1.21449;2;T;True;1
1621260245000;14200088;1.21442;1.21448;1.21445;4;T;True;1
1621260246000;14200090;1.21441;1.21447;1.21444;1;T;True;1
1621260247000;14200091;1.21441;1.21447;1.21444;0;T;True;1
1621260248000;14200093;1.21442;1.21448;1.21445;1;T;True;1
1621260249000;14200095;1.21442;1.21448;1.21445;1;T;True;1
1621260250000;14200097;1.21441;1.21447;1.21444;1;T;True;1
1621260251000;14200099;1.2144;1.21446;1.21443;1;T;True;1
1621260252000;14200103;1.21442;1.21448;1.21445;3;T;True;1
1621260253000;14200104;1.21442;1.21448;1.21445;0;T;True;1
1621260254000;14200111;1.21438;1.21444;1.21441;6;T;True;1
1621260255000;14200115;1.2144;1.21446;1.21443;3;T;True;1
1621260256000;14200117;1.2144;1.21446;1.21443;1;T;True;1
1621260257000;14200122;1.21439;1.21445;1.21442;4;T;True;1
1621260258000;14200123;1.21439;1.21445;1.21442;0;T;True;1
1621260259000;14200124;1.21439;1.21445;1.21442;0;T;True;1
1621260260000;14200126;1.2144;1.21446;1.21443;1;T;True;1
1621260261000;14200130;1.21441;1.21447;1.21444;3;T;True;1
1621260262000;14200139;1.21442;1.21448;1.21445;8;T;True;1
1621260263000;14200141;1.21442;1.21448;1.21445;1;T;True;1
1621260264000;14200143;1.2144;1.21446;1.21443;1;T;True;1
1621260265000;14200148;1.2144;1.21446;1.21443;4;T;True;1
1621260266000;14200153;1.21441;1.21447;1.21444;4;T;True;1
1621260267000;14200157;1.21441;1.21447;1.21444;3;T;True;1
1621260268000;14200161;1.21445;1.21451;1.21448;3;T;True;1
1621260269000;14200169;1.21443;1.21449;1.21446;7;T;True;1
1621260270000;14200175;1.21439;1.21445;1.21442;5;T;True;1
1621260271000;14200187;1.2144;1.21446;1.21443;11;T;True;1
1621260272000;14200197;1.21444;1.2145;1.21447;9;T;True;1
1621260273000;14200201;1.21444;1.2145;1.21447;3;T;True;1
1621260274000;14200211;1.21445;1.21451;1.21448;9;T;True;1
1621260275000;14200216;1.21444;1.2145;1.21447;4;T;True;1
1621260276000;14200217;1.21444;1.2145;1.21447;0;T;True;1
1621260277000;14200218;1.21444;1.2145;1.21447;0;T;True;1
1621260278000;14200224;1.21444;1.2145;1.21447;5;T;True;1
1621260279000;14200228;1.21444;1.2145;1.21447;3;T;True;1
1621260280000;14200229;1.21444;1.2145;1.21447;0;T;True;1
1621260281000;14200232;1.21444;1.2145;1.21447;2;T;True;1
1621260282000;14200233;1.21444;1.2145;1.21447;0;T;True;1
1621260283000;14200236;1.21442;1.21448;1.21445;2;T;True;1
1621260284000;14200243;1.21438;1.21444;1.21441;6;T;True;1
1621260285000;14200246;1.21439;1.21445;1.21442;2;T;True;1
1621260286000;14200249;1.2144;1.21446;1.21443;2;T;True;1
1621260287000;14200253;1.21442;1.21448;1.21445;3;T;True;1
1621260288000;14200254;1.21442;1.21448;1.21445;0;T;True;1
1621260289000;14200255;1.21442;1.21448;1.21445;0;T;True;1
1621260290000;14200259;1.21436;1.21442;1.21439;3;T;True;1
1621260291000;14200262;1.21436;1.21442;1.21439;2;T;True;1
1621260292000;14200263;1.21436;1.21442;1.21439;0;T;True;1
1621260293000;14200264;1.21436;1.21442;1.21439;0;T;True;1
1621260294000;14200265;1.21436;1.21442;1.21439;0;T;True;1
1621260295000;14200267;1.21436;1.21442;1.21439;1;T;True;1
1621260296000;14200270;1.21435;1.21441;1.21438;2;T;True;1
1621260297000;14200271;1.21435;1.21441;1.21438;0;T;True;1
1621260298000;14200276;1.21432;1.21438;1.21435;4;T;True;1
1621260299000;14200277;1.21432;1.21438;1.21435;0;T;True;1
1621260300000;14200278;1.21432;1.21438;1.21435;0;T;True;1
1621260301000;14200287;1.21434;1.2144;1.21437;8;T;True;1
1621260302000;14200293;1.21432;1.21438;1.21435;5;T;True;1
1621260303000;14200297;1.21432;1.21438;1.21435;3;T;True;1
1621260304000;14200298;1.21432;1.21438;1.21435;0;T;True;1
1621260305000;14200301;1.21432;1.21438;1.21435;2;T;True;1
1621260306000;14200305;1.21433;1.21439;1.21436;3;T;True;1
1621260307000;14200306;1.21433;1.21439;1.21436;0;T;True;1
1621260308000;14200315;1.21432;1.21438;1.21435;8;T;True;1
1621260309000;14200317;1.21432;1.21438;1.21435;1;T;True;1
1621260310000;14200322;1.21429;1.21435;1.21432;4;T;True;1
1621260311000;14200335;1.21436;1.21442;1.21439;12;T;True;1
1621260312000;14200345;1.21444;1.2145;1.21447;9;T;True;1
1621260313000;14200355;1.21444;1.2145;1.21447;9;T;True;1
1621260314000;14200359;1.21446;1.21452;1.21449;3;T;True;1
1621260315000;14200361;1.21446;1.21452;1.21449;1;T;True;1
1621260316000;14200369;1.21446;1.21452;1.21449;7;T;True;1
1621260317000;14200375;1.21445;1.21451;1.21448;5;T;True;1
1621260318000;14200383;1.21442;1.21448;1.21445;7;T;True;1
1621260319000;14200384;1.21442;1.21448;1.21445;0;T;True;1
1621260320000;14200387;1.21442;1.21448;1.21445;2;T;True;1
1621260321000;14200395;1.21446;1.21452;1.21449;7;T;True;1
1621260322000;14200404;1.21452;1.21458;1.21455;8;T;True;1
1621260323000;14200407;1.21447;1.21453;1.2145;2;T;True;1
1621260324000;14200410;1.21447;1.21453;1.2145;2;T;True;1
1621260325000;14200413;1.21446;1.21452;1.21449;2;T;True;1
1621260326000;14200415;1.21446;1.21452;1.21449;1;T;True;1
1621260327000;14200417;1.21446;1.21452;1.21449;1;T;True;1
1621260328000;14200419;1.21445;1.21451;1.21448;1;T;True;1
1621260329000;14200429;1.2145;1.21456;1.21453;9;T;True;1
1621260330000;14200430;1.2145;1.21456;1.21453;0;T;True;1
1621260331000;14200439;1.21453;1.21459;1.21456;8;T;True;1
1621260332000;14200440;1.21453;1.21459;1.21456;0;T;True;1
1621260333000;14200444;1.21454;1.2146;1.21457;3;T;True;1
1621260334000;14200445;1.21454;1.2146;1.21457;0;T;True;1
1621260335000;14200447;1.21453;1.21459;1.21456;1;T;True;1
1621260336000;14200448;1.21453;1.21459;1.21456;0;T;True;1
1621260337000;14200449;1.21453;1.21459;1.21456;0;T;True;1
1621260338000;14200450;1.21453;1.21459;1.21456;0;T;True;1
1621260339000;14200454;1.21451;1.21457;1.21454;3;T;True;1
1621260340000;14200456;1.2145;1.21456;1.21453;1;T;True;1
1621260341000;14200459;1.2145;1.21456;1.21453;2;T;True;1
1621260342000;14200465;1.21452;1.21458;1.21455;5;T;True;1
1621260343000;14200466;1.21452;1.21458;1.21455;0;T;True;1
1621260344000;14200467;1.21452;1.21458;1.21455;0;T;True;1
1621260345000;14200470;1.21452;1.21458;1.21455;2;T;True;1
1621260346000;14200473;1.21454;1.2146;1.21457;2;T;True;1
1621260347000;14200474;1.21454;1.2146;1.21457;0;T;True;1
1621260348000;14200478;1.21452;1.21458;1.21455;3;T;True;1
1621260349000;14200481;1.2145;1.21456;1.21453;2;T;True;1
1621260350000;14200487;1.21455;1.21461;1.21458;5;T;True;1
1621260351000;14200493;1.21454;1.2146;1.21457;5;T;True;1
1621260352000;14200494;1.21454;1.2146;1.21457;0;T;True;1
1621260353000;14200496;1.21454;1.2146;1.21457;1;T;True;1
1621260354000;14200498;1.21453;1.21459;1.21456;1;T;True;1
1621260355000;14200509;1.21451;1.21457;1.21454;10;T;True;1
1621260356000;14200512;1.2145;1.21456;1.21453;2;T;True;1
1621260357000;14200514;1.2145;1.21456;1.21453;1;T;True;1
1621260358000;14200521;1.21454;1.2146;1.21457;6;T;True;1
1621260359000;14200523;1.21454;1.2146;1.21457;1;T;True;1
1621260360000;14200525;1.21454;1.2146;1.21457;1;T;True;1
1621260361000;14200527;1.21454;1.2146;1.21457;1;T;True;1
1621260362000;14200537;1.21452;1.21458;1.21455;9;T;True;1
1621260363000;14200543;1.2145;1.21456;1.21453;5;T;True;1
1621260364000;14200546;1.21452;1.21458;1.21455;2;T;True;1
1621260365000;14200548;1.21451;1.21457;1.21454;1;T;True;1
1621260366000;14200558;1.21451;1.21457;1.21454;9;T;True;1
1621260367000;14200565;1.21446;1.21452;1.21449;6;T;True;1
1621260368000;14200572;1.21441;1.21447;1.21444;6;T;True;1
1621260369000;14200575;1.2144;1.21446;1.21443;2;T;True;1
1621260370000;14200579;1.21441;1.21447;1.21444;3;T;True;1
1621260371000;14200585;1.21442;1.21448;1.21445;5;T;True;1
1621260372000;14200587;1.21441;1.21447;1.21444;1;T;True;1
1621260373000;14200590;1.21442;1.21448;1.21445;2;T;True;1
1621260374000;14200592;1.21442;1.21448;1.21445;1;T;True;1
1621260375000;14200595;1.21442;1.21448;1.21445;2;T;True;1
1621260376000;14200597;1.21442;1.21448;1.21445;1;T;True;1
1621260377000;14200601;1.21443;1.21449;1.21446;3;T;True;1
1621260378000;14200608;1.21442;1.21448;1.21445;6;T;True;1
1621260379000;14200612;1.21443;1.21449;1.21446;3;T;True;1
1621260380000;14200620;1.2145;1.21456;1.21453;7;T;True;1
1621260381000;14200622;1.2145;1.21456;1.21453;1;T;True;1
1621260382000;14200623;1.2145;1.21456;1.21453;0;T;True;1
1621260383000;14200627;1.21449;1.21455;1.21452;3;T;True;1
1621260384000;14200630;1.2145;1.21456;1.21453;2;T;True;1
1621260385000;14200635;1.21449;1.21455;1.21452;4;T;True;1
1621260386000;14200639;1.2145;1.21456;1.21453;3;T;True;1
1621260387000;14200642;1.2145;1.21456;1.21453;2;T;True;1
1621260388000;14200645;1.21448;1.21454;1.21451;2;T;True;1
1621260389000;14200646;1.21448;1.21454;1.21451;0;T;True;1
1621260390000;14200654;1.21441;1.21447;1.21444;7;T;True;1
1621260391000;14200660;1.21442;1.21448;1.21445;5;T;True;1
1621260392000;14200667;1.21442;1.21448;1.21445;6;T;True;1
1621260393000;14200668;1.21442;1.21448;1.21445;0;T;True;1
1621260394000;14200669;1.21442;1.21448;1.21445;0;T;True;1
1621260395000;14200674;1.21441;1.21447;1.21444;4;T;True;1
1621260396000;14200680;1.2144;1.21446;1.21443;5;T;True;1
1621260397000;14200683;1.2144;1.21446;1.21443;2;T;True;1
1621260398000;14200686;1.2144;1.21446;1.21443;2;T;True;1
1621260399000;14200693;1.21442;1.21448;1.21445;6;T;True;1
1621260400000;14200695;1.21442;1.21448;1.21445;1;T;True;1
1621260401000;14200697;1.2144;1.21446;1.21443;1;T;True;1
1621260402000;14200710;1.21442;1.21448;1.21445;12;T;True;1
1621260403000;14200712;1.21442;1.21448;1.21445;1;T;True;1
1621260404000;14200713;1.21442;1.21448;1.21445;0;T;True;1
1621260405000;14200714;1.21442;1.21448;1.21445;0;T;True;1
1621260406000;14200719;1.21444;1.2145;1.21447;4;T;True;1
1621260407000;14200720;1.21444;1.2145;1.21447;0;T;True;1
1621260408000;14200722;1.21442;1.21448;1.21445;1;T;True;1
1621260409000;14200724;1.21442;1.21448;1.21445;1;T;True;1
1621260410000;14200728;1.2144;1.21446;1.21443;3;T;True;1
1621260411000;14200732;1.2144;1.21446;1.21443;3;T;True;1
1621260412000;14200735;1.21441;1.21447;1.21444;2;T;True;1
1621260413000;14200739;1.21442;1.21448;1.21445;3;T;True;1
1621260414000;14200742;1.21442;1.21448;1.21445;2;T;True;1
1621260415000;14200747;1.21444;1.2145;1.21447;4;T;True;1
1621260416000;14200749;1.21444;1.2145;1.21447;1;T;True;1
1621260417000;14200753;1.21445;1.21451;1.21448;3;T;True;1
1621260418000;14200754;1.21445;1.21451;1.21448;0;T;True;1
1621260419000;14200758;1.21447;1.21453;1.2145;3;T;True;1
1621260420000;14200760;1.21446;1.21452;1.21449;1;T;True;1
1621260421000;14200766;1.21446;1.21452;1.21449;5;T;True;1
1621260422000;14200767;1.21446;1.21452;1.21449;0;T;True;1
1621260423000;14200776;1.21442;1.21448;1.21445;8;T;True;1
1621260424000;14200779;1.2144;1.21446;1.21443;2;T;True;1
1621260425000;14200782;1.21441;1.21447;1.21444;2;T;True;1
1621260426000;14200784;1.2144;1.21446;1.21443;1;T;True;1
1621260427000;14200789;1.2144;1.21446;1.21443;4;T;True;1
1621260428000;14200796;1.21438;1.21444;1.21441;6;T;True;1
1621260429000;14200800;1.21436;1.21442;1.21439;3;T;True;1
1621260430000;14200802;1.21437;1.21443;1.2144;1;T;True;1
1621260431000;14200809;1.21438;1.21444;1.21441;6;T;True;1
1621260432000;14200811;1.21438;1.21444;1.21441;1;T;True;1
1621260433000;14200812;1.21438;1.21444;1.21441;0;T;True;1
1621260434000;14200816;1.21438;1.21444;1.21441;3;T;True;1
1621260435000;14200817;1.21438;1.21444;1.21441;0;T;True;1
1621260436000;14200818;1.21438;1.21444;1.21441;0;T;True;1
1621260437000;14200819;1.21438;1.21444;1.21441;0;T;True;1
1621260438000;14200825;1.21438;1.21444;1.21441;5;T;True;1
1621260439000;14200826;1.21438;1.21444;1.21441;0;T;True;1
1621260440000;14200834;1.2143;1.21436;1.21433;7;T;True;1
1621260441000;14200836;1.2143;1.21436;1.21433;1;T;True;1
1621260442000;14200838;1.21431;1.21437;1.21434;1;T;True;1
1621260443000;14200839;1.21431;1.21437;1.21434;0;T;True;1
1621260444000;14200849;1.21428;1.21434;1.21431;9;T;True;1
1621260445000;14200858;1.21432;1.21438;1.21435;8;T;True;1
1621260446000;14200859;1.21432;1.21438;1.21435;0;T;True;1
1621260447000;14200860;1.21432;1.21438;1.21435;0;T;True;1
1621260448000;14200861;1.21432;1.21438;1.21435;0;T;True;1
1621260449000;14200865;1.21431;1.21437;1.21434;3;T;True;1
1621260450000;14200867;1.21431;1.21437;1.21434;1;T;True;1
1621260451000;14200872;1.2143;1.21436;1.21433;4;T;True;1
1621260452000;14200877;1.21431;1.21437;1.21434;4;T;True;1
1621260453000;14200878;1.21431;1.21437;1.21434;0;T;True;1
1621260454000;14200881;1.2143;1.21436;1.21433;2;T;True;1
1621260455000;14200883;1.21431;1.21437;1.21434;1;T;True;1
1621260456000;14200885;1.21431;1.21437;1.21434;1;T;True;1
1621260457000;14200888;1.21431;1.21437;1.21434;2;T;True;1
1621260458000;14200897;1.21434;1.2144;1.21437;8;T;True;1
1621260459000;14200898;1.21434;1.2144;1.21437;0;T;True;1
1621260460000;14200901;1.21434;1.2144;1.21437;2;T;True;1
1621260461000;14200902;1.21434;1.2144;1.21437;0;T;True;1
1621260462000;14200907;1.21435;1.21441;1.21438;4;T;True;1
1621260463000;14200909;1.21435;1.21441;1.21438;1;T;True;1
1621260464000;14200911;1.21434;1.2144;1.21437;1;T;True;1
1621260465000;14200920;1.21428;1.21434;1.21431;8;T;True;1
1621260466000;14200921;1.21428;1.21434;1.21431;0;T;True;1
1621260467000;14200924;1.21428;1.21434;1.21431;2;T;True;1
1621260468000;14200925;1.21428;1.21434;1.21431;0;T;True;1
1621260469000;14200926;1.21428;1.21434;1.21431;0;T;True;1
1621260470000;14200927;1.21428;1.21434;1.21431;0;T;True;1
1621260471000;14200928;1.21428;1.21434;1.21431;0;T;True;1
1621260472000;14200929;1.21428;1.21434;1.21431;0;T;True;1
1621260473000;14200931;1.21428;1.21434;1.21431;1;T;True;1
1621260474000;14200932;1.21428;1.21434;1.21431;0;T;True;1
1621260475000;14200933;1.21428;1.21434;1.21431;0;T;True;1
1621260476000;14200934;1.21428;1.21434;1.21431;0;T;True;1
1621260477000;14200940;1.2143;1.21436;1.21433;5;T;True;1
1621260478000;14200948;1.21428;1.21434;1.21431;7;T;True;1
1621260479000;14200950;1.21428;1.21434;1.21431;1;T;True;1
1621260480000;14200951;1.21428;1.21434;1.21431;0;T;True;1
1621260481000;14200961;1.21421;1.21427;1.21424;9;T;True;1
1621260482000;14200972;1.21418;1.21424;1.21421;10;T;True;1
1621260483000;14200980;1.21416;1.21422;1.21419;7;T;True;1
1621260484000;14200985;1.21416;1.21422;1.21419;4;T;True;1
1621260485000;14200987;1.21416;1.21422;1.21419;1;T;True;1
1621260486000;14200988;1.21416;1.21422;1.21419;0;T;True;1
1621260487000;14200989;1.21416;1.21422;1.21419;0;T;True;1
1621260488000;14200990;1.21416;1.21422;1.21419;0;T;True;1
1621260489000;14200998;1.21419;1.21425;1.21422;7;T;True;1
1621260490000;14201001;1.21417;1.21423;1.2142;2;T;True;1
1621260491000;14201002;1.21417;1.21423;1.2142;0;T;True;1
1621260492000;14201003;1.21417;1.21423;1.2142;0;T;True;1
1621260493000;14201004;1.21417;1.21423;1.2142;0;T;True;1
1621260494000;14201005;1.21417;1.21423;1.2142;0;T;True;1
1621260495000;14201008;1.21416;1.21422;1.21419;2;T;True;1
1621260496000;14201015;1.2142;1.21426;1.21423;6;T;True;1
1621260497000;14201023;1.21418;1.21424;1.21421;7;T;True;1
1621260498000;14201029;1.21416;1.21422;1.21419;5;T;True;1
1621260499000;14201031;1.21417;1.21423;1.2142;1;T;True;1
1621260500000;14201037;1.21415;1.21421;1.21418;5;T;True;1
1621260501000;14201038;1.21415;1.21421;1.21418;0;T;True;1
1621260502000;14201040;1.21416;1.21422;1.21419;1;T;True;1
1621260503000;14201043;1.21416;1.21422;1.21419;2;T;True;1
1621260504000;14201044;1.21416;1.21422;1.21419;0;T;True;1
1621260505000;14201046;1.21415;1.21421;1.21418;1;T;True;1
1621260506000;14201048;1.21416;1.21422;1.21419;1;T;True;1
1621260507000;14201065;1.21409;1.21415;1.21412;16;T;True;1
1621260508000;14201069;1.2141;1.21416;1.21413;3;T;True;1
1621260509000;14201072;1.21412;1.21418;1.21415;2;T;True;1
1621260510000;14201073;1.21412;1.21418;1.21415;0;T;True;1
1621260511000;14201074;1.21412;1.21418;1.21415;0;T;True;1
1621260512000;14201078;1.2141;1.21416;1.21413;3;T;True;1
1621260513000;14201082;1.2141;1.21416;1.21413;3;T;True;1
1621260514000;14201089;1.21408;1.21414;1.21411;6;T;True;1
1621260515000;14201092;1.21408;1.21414;1.21411;2;T;True;1
1621260516000;14201097;1.2141;1.21416;1.21413;4;T;True;1
1621260517000;14201100;1.2141;1.21416;1.21413;2;T;True;1
1621260518000;14201102;1.21409;1.21415;1.21412;1;T;True;1
1621260519000;14201103;1.21409;1.21415;1.21412;0;T;True;1
1621260520000;14201105;1.21409;1.21415;1.21412;1;T;True;1
1621260521000;14201108;1.21409;1.21415;1.21412;2;T;True;1
1621260522000;14201110;1.21409;1.21415;1.21412;1;T;True;1
1621260523000;14201111;1.21409;1.21415;1.21412;0;T;True;1
1621260524000;14201112;1.21409;1.21415;1.21412;0;T;True;1
1621260525000;14201115;1.2141;1.21416;1.21413;2;T;True;1
1621260526000;14201116;1.2141;1.21416;1.21413;0;T;True;1
1621260527000;14201118;1.21409;1.21415;1.21412;1;T;True;1
1621260528000;14201119;1.21409;1.21415;1.21412;0;T;True;1
1621260529000;14201122;1.21409;1.21415;1.21412;2;T;True;1
1621260530000;14201124;1.2141;1.21416;1.21413;1;T;True;1
1621260531000;14201125;1.2141;1.21416;1.21413;0;T;True;1
1621260532000;14201126;1.2141;1.21416;1.21413;0;T;True;1
1621260533000;14201129;1.21406;1.21412;1.21409;2;T;True;1
1621260534000;14201131;1.21404;1.2141;1.21407;1;T;True;1
1621260535000;14201132;1.21404;1.2141;1.21407;0;T;True;1
1621260536000;14201135;1.21405;1.21411;1.21408;2;T;True;1
1621260537000;14201139;1.21406;1.21412;1.21409;3;T;True;1
1621260538000;14201141;1.21406;1.21412;1.21409;1;T;True;1
1621260539000;14201143;1.21408;1.21414;1.21411;1;T;True;1
1621260540000;14201146;1.21406;1.21412;1.21409;2;T;True;1
1621260541000;14201153;1.21406;1.21412;1.21409;6;T;True;1
1621260542000;14201156;1.21406;1.21412;1.21409;2;T;True;1
1621260543000;14201159;1.21404;1.2141;1.21407;2;T;True;1
1621260544000;14201162;1.21402;1.21408;1.21405;2;T;True;1
1621260545000;14201171;1.21404;1.2141;1.21407;8;T;True;1
1621260546000;14201174;1.21405;1.21411;1.21408;2;T;True;1
1621260547000;14201177;1.21402;1.21408;1.21405;2;T;True;1
1621260548000;14201179;1.21401;1.21407;1.21404;1;T;True;1
1621260549000;14201180;1.21401;1.21407;1.21404;0;T;True;1
1621260550000;14201182;1.21402;1.21408;1.21405;1;T;True;1
1621260551000;14201188;1.214;1.21406;1.21403;5;T;True;1
1621260552000;14201195;1.214;1.21406;1.21403;6;T;True;1
1621260553000;14201199;1.214;1.21406;1.21403;3;T;True;1
1621260554000;14201203;1.21401;1.21407;1.21404;3;T;True;1
1621260555000;14201208;1.214;1.21406;1.21403;4;T;True;1
1621260556000;14201210;1.214;1.21406;1.21403;1;T;True;1
1621260557000;14201212;1.214;1.21406;1.21403;1;T;True;1
1621260558000;14201224;1.21398;1.21404;1.21401;11;T;True;1
1621260559000;14201231;1.214;1.21406;1.21403;6;T;True;1
1621260560000;14201236;1.21401;1.21407;1.21404;4;T;True;1
1621260561000;14201237;1.21401;1.21407;1.21404;0;T;True;1
1621260562000;14201245;1.21402;1.21408;1.21405;7;T;True;1
1621260563000;14201250;1.21402;1.21408;1.21405;4;T;True;1
1621260564000;14201253;1.21402;1.21408;1.21405;2;T;True;1
1621260565000;14201255;1.214;1.21406;1.21403;1;T;True;1
1621260566000;14201256;1.214;1.21406;1.21403;0;T;True;1
1621260567000;14201259;1.214;1.21406;1.21403;2;T;True;1
1621260568000;14201260;1.214;1.21406;1.21403;0;T;True;1
1621260569000;14201262;1.21401;1.21407;1.21404;1;T;True;1
1621260570000;14201264;1.21402;1.21408;1.21405;1;T;True;1
1621260571000;14201265;1.21402;1.21408;1.21405;0;T;True;1
1621260572000;14201270;1.214;1.21406;1.21403;4;T;True;1
1621260573000;14201272;1.214;1.21406;1.21403;1;T;True;1
1621260574000;14201283;1.21394;1.214;1.21397;10;T;True;1
1621260575000;14201287;1.21394;1.214;1.21397;3;T;True;1
1621260576000;14201293;1.2139;1.21396;1.21393;5;T;True;1
1621260577000;14201299;1.2139;1.21396;1.21393;5;T;True;1
1621260578000;14201304;1.2139;1.21396;1.21393;4;T;True;1
1621260579000;14201308;1.2139;1.21396;1.21393;3;T;True;1
1621260580000;14201310;1.2139;1.21396;1.21393;1;T;True;1
1621260581000;14201314;1.21394;1.214;1.21397;3;T;True;1
1621260582000;14201316;1.21393;1.21399;1.21396;1;T;True;1
1621260583000;14201317;1.21393;1.21399;1.21396;0;T;True;1
1621260584000;14201318;1.21393;1.21399;1.21396;0;T;True;1
1621260585000;14201326;1.21388;1.21394;1.21391;7;T;True;1
1621260586000;14201330;1.21387;1.21393;1.2139;3;T;True;1
1621260587000;14201332;1.21387;1.21393;1.2139;1;T;True;1
1621260588000;14201338;1.21386;1.21392;1.21389;5;T;True;1
1621260589000;14201342;1.21386;1.21392;1.21389;3;T;True;1
1621260590000;14201347;1.21386;1.21392;1.21389;4;T;True;1
1621260591000;14201349;1.21386;1.21392;1.21389;1;T;True;1
1621260592000;14201354;1.21388;1.21394;1.21391;4;T;True;1
1621260593000;14201359;1.2139;1.21396;1.21393;4;T;True;1
1621260594000;14201363;1.21392;1.21398;1.21395;3;T;True;1
1621260595000;14201366;1.21393;1.21399;1.21396;2;T;True;1
1621260596000;14201373;1.21391;1.21397;1.21394;6;T;True;1
1621260597000;14201375;1.21391;1.21397;1.21394;1;T;True;1
1621260598000;14201377;1.2139;1.21396;1.21393;1;T;True;1
1621260599000;14201380;1.2139;1.21396;1.21393;2;T;True;1
1621260600000;14201392;1.21399;1.21405;1.21402;11;T;True;1
1621260601000;14201400;1.21398;1.21404;1.21401;7;T;True;1
1621260602000;14201408;1.21398;1.21404;1.21401;7;T;True;1
1621260603000;14201415;1.214;1.21406;1.21403;6;T;True;1
1621260604000;14201417;1.214;1.21406;1.21403;1;T;True;1
1621260605000;14201420;1.214;1.21406;1.21403;2;T;True;1
1621260606000;14201421;1.214;1.21406;1.21403;0;T;True;1
1621260607000;14201424;1.214;1.21406;1.21403;2;T;True;1
1621260608000;14201425;1.214;1.21406;1.21403;0;T;True;1
1621260609000;14201426;1.214;1.21406;1.21403;0;T;True;1
1621260610000;14201432;1.21403;1.21409;1.21406;5;T;True;1
1621260611000;14201437;1.21404;1.2141;1.21407;4;T;True;1
1621260612000;14201438;1.21404;1.2141;1.21407;0;T;True;1
1621260613000;14201440;1.21404;1.2141;1.21407;1;T;True;1
1621260614000;14201442;1.21404;1.2141;1.21407;1;T;True;1
1621260615000;14201444;1.21404;1.2141;1.21407;1;T;True;1
1621260616000;14201446;1.21404;1.2141;1.21407;1;T;True;1
1621260617000;14201447;1.21404;1.2141;1.21407;0;T;True;1
1621260618000;14201452;1.21406;1.21412;1.21409;4;T;True;1
1621260619000;14201456;1.21408;1.21414;1.21411;3;T;True;1
1621260620000;14201460;1.21406;1.21412;1.21409;3;T;True;1
1621260621000;14201462;1.21407;1.21413;1.2141;1;T;True;1
1621260622000;14201464;1.21408;1.21414;1.21411;1;T;True;1
1621260623000;14201472;1.21409;1.21415;1.21412;7;T;True;1
1621260624000;14201479;1.21408;1.21414;1.21411;6;T;True;1
1621260625000;14201482;1.21408;1.21414;1.21411;2;T;True;1
1621260626000;14201486;1.21406;1.21412;1.21409;3;T;True;1
1621260627000;14201489;1.21405;1.21411;1.21408;2;T;True;1
1621260628000;14201494;1.21401;1.21407;1.21404;4;T;True;1
1621260629000;14201500;1.21402;1.21408;1.21405;5;T;True;1
1621260630000;14201502;1.21401;1.21407;1.21404;1;T;True;1
1621260631000;14201503;1.21401;1.21407;1.21404;0;T;True;1
1621260632000;14201505;1.214;1.21406;1.21403;1;T;True;1
1621260633000;14201508;1.214;1.21406;1.21403;2;T;True;1
1621260634000;14201509;1.214;1.21406;1.21403;0;T;True;1
1621260635000;14201512;1.21399;1.21405;1.21402;2;T;True;1
1621260636000;14201519;1.21401;1.21407;1.21404;6;T;True;1
1621260637000;14201520;1.21401;1.21407;1.21404;0;T;True;1
1621260638000;14201526;1.21404;1.2141;1.21407;5;T;True;1
1621260639000;14201528;1.21404;1.2141;1.21407;1;T;True;1
1621260640000;14201529;1.21404;1.2141;1.21407;0;T;True;1
1621260641000;14201530;1.21404;1.2141;1.21407;0;T;True;1
1621260642000;14201531;1.21404;1.2141;1.21407;0;T;True;1
1621260643000;14201532;1.21404;1.2141;1.21407;0;T;True;1
1621260644000;14201533;1.21404;1.2141;1.21407;0;T;True;1
1621260645000;14201536;1.21402;1.21408;1.21405;2;T;True;1
1621260646000;14201537;1.21402;1.21408;1.21405;0;T;True;1
1621260647000;14201541;1.214;1.21406;1.21403;3;T;True;1
1621260648000;14201545;1.21401;1.21407;1.21404;3;T;True;1
1621260649000;14201553;1.21402;1.21408;1.21405;7;T;True;1
1621260650000;14201560;1.21404;1.2141;1.21407;6;T;True;1
1621260651000;14201562;1.21404;1.2141;1.21407;1;T;True;1
1621260652000;14201563;1.21404;1.2141;1.21407;0;T;True;1
1621260653000;14201564;1.21404;1.2141;1.21407;0;T;True;1
1621260654000;14201566;1.21404;1.2141;1.21407;1;T;True;1
1621260655000;14201567;1.21404;1.2141;1.21407;0;T;True;1
1621260656000;14201568;1.21404;1.2141;1.21407;0;T;True;1
1621260657000;14201569;1.21404;1.2141;1.21407;0;T;True;1
1621260658000;14201570;1.21404;1.2141;1.21407;0;T;True;1
1621260659000;14201571;1.21404;1.2141;1.21407;0;T;True;1
1621260660000;14201573;1.21404;1.2141;1.21407;1;T;True;1
1621260661000;14201574;1.21404;1.2141;1.21407;0;T;True;1
1621260662000;14201581;1.21401;1.21407;1.21404;6;T;True;1
1621260663000;14201582;1.21401;1.21407;1.21404;0;T;True;1
1621260664000;14201588;1.214;1.21406;1.21403;5;T;True;1
1621260665000;14201591;1.21398;1.21404;1.21401;2;T;True;1
1621260666000;14201593;1.21398;1.21404;1.21401;1;T;True;1
1621260667000;14201597;1.21399;1.21405;1.21402;3;T;True;1
1621260668000;14201598;1.21399;1.21405;1.21402;0;T;True;1
1621260669000;14201599;1.21399;1.21405;1.21402;0;T;True;1
1621260670000;14201600;1.21399;1.21405;1.21402;0;T;True;1
1621260671000;14201601;1.21399;1.21405;1.21402;0;T;True;1
1621260672000;14201607;1.21397;1.21403;1.214;5;T;True;1
1621260673000;14201608;1.21397;1.21403;1.214;0;T;True;1
1621260674000;14201612;1.21399;1.21405;1.21402;3;T;True;1
1621260675000;14201620;1.21396;1.21402;1.21399;7;T;True;1
1621260676000;14201627;1.21394;1.214;1.21397;6;T;True;1
1621260677000;14201630;1.21396;1.21402;1.21399;2;T;True;1
1621260678000;14201631;1.21396;1.21402;1.21399;0;T;True;1
1621260679000;14201632;1.21396;1.21402;1.21399;0;T;True;1
1621260680000;14201636;1.21397;1.21403;1.214;3;T;True;1
1621260681000;14201640;1.21398;1.21404;1.21401;3;T;True;1
1621260682000;14201641;1.21398;1.21404;1.21401;0;T;True;1
1621260683000;14201643;1.21398;1.21404;1.21401;1;T;True;1
1621260684000;14201645;1.21398;1.21404;1.21401;1;T;True;1
1621260685000;14201646;1.21398;1.21404;1.21401;0;T;True;1
1621260686000;14201647;1.21398;1.21404;1.21401;0;T;True;1
1621260687000;14201648;1.21398;1.21404;1.21401;0;T;True;1
1621260688000;14201650;1.21397;1.21403;1.214;1;T;True;1
1621260689000;14201656;1.214;1.21406;1.21403;5;T;True;1
1621260690000;14201659;1.214;1.21406;1.21403;2;T;True;1
1621260691000;14201664;1.21398;1.21404;1.21401;4;T;True;1
1621260692000;14201670;1.21397;1.21403;1.214;5;T;True;1
1621260693000;14201673;1.21398;1.21404;1.21401;2;T;True;1
1621260694000;14201674;1.21398;1.21404;1.21401;0;T;True;1
1621260695000;14201675;1.21398;1.21404;1.21401;0;T;True;1
1621260696000;14201679;1.21396;1.21402;1.21399;3;T;True;1
1621260697000;14201682;1.21396;1.21402;1.21399;2;T;True;1
1621260698000;14201684;1.21395;1.21401;1.21398;1;T;True;1
1621260699000;14201687;1.21394;1.214;1.21397;2;T;True;1
1621260700000;14201688;1.21394;1.214;1.21397;0;T;True;1
1621260701000;14201693;1.21392;1.21398;1.21395;4;T;True;1
1621260702000;14201696;1.21394;1.214;1.21397;2;T;True;1
1621260703000;14201697;1.21394;1.214;1.21397;0;T;True;1
1621260704000;14201699;1.21392;1.21398;1.21395;1;T;True;1
1621260705000;14201701;1.21392;1.21398;1.21395;1;T;True;1
1621260706000;14201703;1.21392;1.21398;1.21395;1;T;True;1
1621260707000;14201707;1.2139;1.21396;1.21393;3;T;True;1
1621260708000;14201708;1.2139;1.21396;1.21393;0;T;True;1
1621260709000;14201709;1.2139;1.21396;1.21393;0;T;True;1
1621260710000;14201710;1.2139;1.21396;1.21393;0;T;True;1
1621260711000;14201715;1.21394;1.214;1.21397;4;T;True;1
1621260712000;14201717;1.21394;1.214;1.21397;1;T;True;1
1621260713000;14201721;1.21394;1.214;1.21397;3;T;True;1
1621260714000;14201732;1.214;1.21406;1.21403;10;T;True;1
1621260715000;14201734;1.21399;1.21405;1.21402;1;T;True;1
1621260716000;14201735;1.21399;1.21405;1.21402;0;T;True;1
1621260717000;14201736;1.21399;1.21405;1.21402;0;T;True;1
1621260718000;14201741;1.21402;1.21408;1.21405;4;T;True;1
1621260719000;14201742;1.21402;1.21408;1.21405;0;T;True;1
1621260720000;14201743;1.21402;1.21408;1.21405;0;T;True;1
1621260721000;14201745;1.21402;1.21408;1.21405;1;T;True;1
1621260722000;14201746;1.21402;1.21408;1.21405;0;T;True;1
1621260723000;14201752;1.21402;1.21408;1.21405;5;T;True;1
1621260724000;14201756;1.21403;1.21409;1.21406;3;T;True;1
1621260725000;14201760;1.21402;1.21408;1.21405;3;T;True;1
1621260726000;14201766;1.21405;1.21411;1.21408;5;T;True;1
1621260727000;14201767;1.21405;1.21411;1.21408;0;T;True;1
1621260728000;14201779;1.21408;1.21414;1.21411;11;T;True;1
1621260729000;14201781;1.21408;1.21414;1.21411;1;T;True;1
1621260730000;14201786;1.21406;1.21412;1.21409;4;T;True;1
1621260731000;14201789;1.21405;1.21411;1.21408;2;T;True;1
1621260732000;14201799;1.21404;1.2141;1.21407;9;T;True;1
1621260733000;14201801;1.21403;1.21409;1.21406;1;T;True;1
1621260734000;14201808;1.21406;1.21412;1.21409;6;T;True;1
1621260735000;14201813;1.21406;1.21412;1.21409;4;T;True;1
1621260736000;14201816;1.21404;1.2141;1.21407;2;T;True;1
1621260737000;14201819;1.21403;1.21409;1.21406;2;T;True;1
1621260738000;14201823;1.21404;1.2141;1.21407;3;T;True;1
1621260739000;14201824;1.21404;1.2141;1.21407;0;T;True;1
1621260740000;14201827;1.21404;1.2141;1.21407;2;T;True;1
1621260741000;14201831;1.21402;1.21408;1.21405;3;T;True;1
1621260742000;14201834;1.21403;1.21409;1.21406;2;T;True;1
1621260743000;14201836;1.21402;1.21408;1.21405;1;T;True;1
1621260744000;14201842;1.21401;1.21407;1.21404;5;T;True;1
1621260745000;14201843;1.21401;1.21407;1.21404;0;T;True;1
1621260746000;14201844;1.21401;1.21407;1.21404;0;T;True;1
1621260747000;14201845;1.21401;1.21407;1.21404;0;T;True;1
1621260748000;14201849;1.21404;1.2141;1.21407;3;T;True;1
1621260749000;14201850;1.21404;1.2141;1.21407;0;T;True;1
1621260750000;14201852;1.21404;1.2141;1.21407;1;T;True;1
1621260751000;14201860;1.2141;1.21416;1.21413;7;T;True;1
1621260752000;14201862;1.21409;1.21415;1.21412;1;T;True;1
1621260753000;14201863;1.21409;1.21415;1.21412;0;T;True;1
1621260754000;14201865;1.21408;1.21414;1.21411;1;T;True;1
1621260755000;14201868;1.21406;1.21412;1.21409;2;T;True;1
1621260756000;14201870;1.21406;1.21412;1.21409;1;T;True;1
1621260757000;14201872;1.21405;1.21411;1.21408;1;T;True;1
1621260758000;14201873;1.21405;1.21411;1.21408;0;T;True;1
1621260759000;14201874;1.21405;1.21411;1.21408;0;T;True;1
1621260760000;14201875;1.21405;1.21411;1.21408;0;T;True;1
1621260761000;14201877;1.21406;1.21412;1.21409;1;T;True;1
1621260762000;14201879;1.21406;1.21412;1.21409;1;T;True;1
1621260763000;14201882;1.21405;1.21411;1.21408;2;T;True;1
1621260764000;14201884;1.21406;1.21412;1.21409;1;T;True;1
1621260765000;14201887;1.21406;1.21412;1.21409;2;T;True;1
1621260766000;14201888;1.21406;1.21412;1.21409;0;T;True;1
1621260767000;14201891;1.21404;1.2141;1.21407;2;T;True;1
1621260768000;14201893;1.21404;1.2141;1.21407;1;T;True;1
1621260769000;14201894;1.21404;1.2141;1.21407;0;T;True;1
1621260770000;14201896;1.21405;1.21411;1.21408;1;T;True;1
1621260771000;14201898;1.21404;1.2141;1.21407;1;T;True;1
1621260772000;14201900;1.21405;1.21411;1.21408;1;T;True;1
1621260773000;14201904;1.21406;1.21412;1.21409;3;T;True;1
1621260774000;14201907;1.21405;1.21411;1.21408;2;T;True;1
1621260775000;14201909;1.21403;1.21409;1.21406;1;T;True;1
1621260776000;14201914;1.21404;1.2141;1.21407;4;T;True;1
1621260777000;14201923;1.21398;1.21404;1.21401;8;T;True;1
1621260778000;14201924;1.21398;1.21404;1.21401;0;T;True;1
1621260779000;14201927;1.21398;1.21404;1.21401;2;T;True;1
1621260780000;14201928;1.21398;1.21404;1.21401;0;T;True;1
1621260781000;14201938;1.21392;1.21398;1.21395;9;T;True;1
1621260782000;14201945;1.2139;1.21396;1.21393;6;T;True;1
1621260783000;14201947;1.21389;1.21395;1.21392;1;T;True;1
1621260784000;14201949;1.21389;1.21395;1.21392;1;T;True;1
1621260785000;14201954;1.21391;1.21397;1.21394;4;T;True;1
1621260786000;14201955;1.21391;1.21397;1.21394;0;T;True;1
1621260787000;14201956;1.21391;1.21397;1.21394;0;T;True;1
1621260788000;14201958;1.21391;1.21397;1.21394;1;T;True;1
1621260789000;14201963;1.21392;1.21398;1.21395;4;T;True;1
1621260790000;14201965;1.21391;1.21397;1.21394;1;T;True;1
1621260791000;14201968;1.2139;1.21396;1.21393;2;T;True;1
1621260792000;14201970;1.2139;1.21396;1.21393;1;T;True;1
1621260793000;14201973;1.21389;1.21395;1.21392;2;T;True;1
1621260794000;14201974;1.21389;1.21395;1.21392;0;T;True;1
1621260795000;14201975;1.21389;1.21395;1.21392;0;T;True;1
1621260796000;14201977;1.21389;1.21395;1.21392;1;T;True;1
1621260797000;14201979;1.2139;1.21396;1.21393;1;T;True;1
1621260798000;14201989;1.21396;1.21402;1.21399;9;T;True;1
1621260799000;14202002;1.21402;1.21408;1.21405;12;T;True;1
1621260800000;14202009;1.21398;1.21404;1.21401;6;T;True;1
1621260801000;14202010;1.21398;1.21404;1.21401;0;T;True;1
1621260802000;14202013;1.21398;1.21404;1.21401;2;T;True;1
1621260803000;14202018;1.21402;1.21408;1.21405;4;T;True;1
1621260804000;14202024;1.21401;1.21407;1.21404;5;T;True;1
1621260805000;14202028;1.21403;1.21409;1.21406;3;T;True;1
1621260806000;14202034;1.21407;1.21413;1.2141;5;T;True;1
1621260807000;14202038;1.21409;1.21415;1.21412;3;T;True;1
1621260808000;14202042;1.2141;1.21416;1.21413;3;T;True;1
1621260809000;14202050;1.21408;1.21414;1.21411;7;T;True;1
1621260810000;14202062;1.21403;1.21409;1.21406;11;T;True;1
1621260811000;14202071;1.21399;1.21405;1.21402;8;T;True;1
1621260812000;14202076;1.21396;1.21402;1.21399;4;T;True;1
1621260813000;14202079;1.21396;1.21402;1.21399;2;T;True;1
1621260814000;14202081;1.21395;1.21401;1.21398;1;T;True;1
1621260815000;14202082;1.21395;1.21401;1.21398;0;T;True;1
1621260816000;14202085;1.21396;1.21402;1.21399;2;T;True;1
1621260817000;14202088;1.21396;1.21402;1.21399;2;T;True;1
1621260818000;14202090;1.21396;1.21402;1.21399;1;T;True;1
1621260819000;14202094;1.21395;1.21401;1.21398;3;T;True;1
1621260820000;14202095;1.21395;1.21401;1.21398;0;T;True;1
1621260821000;14202104;1.21399;1.21405;1.21402;8;T;True;1
1621260822000;14202107;1.214;1.21406;1.21403;2;T;True;1
1621260823000;14202112;1.214;1.21406;1.21403;4;T;True;1
1621260824000;14202113;1.214;1.21406;1.21403;0;T;True;1
1621260825000;14202116;1.214;1.21406;1.21403;2;T;True;1
1621260826000;14202120;1.21402;1.21408;1.21405;3;T;True;1
1621260827000;14202128;1.21404;1.2141;1.21407;7;T;True;1
1621260828000;14202132;1.21405;1.21411;1.21408;3;T;True;1
1621260829000;14202138;1.21404;1.2141;1.21407;5;T;True;1
1621260830000;14202140;1.21405;1.21411;1.21408;1;T;True;1
1621260831000;14202145;1.21405;1.21411;1.21408;4;T;True;1
1621260832000;14202146;1.21405;1.21411;1.21408;0;T;True;1
1621260833000;14202148;1.21406;1.21412;1.21409;1;T;True;1
1621260834000;14202154;1.21405;1.21411;1.21408;5;T;True;1
1621260835000;14202158;1.21402;1.21408;1.21405;3;T;True;1
1621260836000;14202159;1.21402;1.21408;1.21405;0;T;True;1
1621260837000;14202162;1.21402;1.21408;1.21405;2;T;True;1
1621260838000;14202166;1.21402;1.21408;1.21405;3;T;True;1
1621260839000;14202169;1.21402;1.21408;1.21405;2;T;True;1
1621260840000;14202170;1.21402;1.21408;1.21405;0;T;True;1
1621260841000;14202183;1.21398;1.21404;1.21401;12;T;True;1
1621260842000;14202190;1.214;1.21406;1.21403;6;T;True;1
1621260843000;14202191;1.214;1.21406;1.21403;0;T;True;1
1621260844000;14202195;1.214;1.21406;1.21403;3;T;True;1
1621260845000;14202197;1.21401;1.21407;1.21404;1;T;True;1
1621260846000;14202201;1.21403;1.21409;1.21406;3;T;True;1
1621260847000;14202203;1.21402;1.21408;1.21405;1;T;True;1
1621260848000;14202204;1.21402;1.21408;1.21405;0;T;True;1
1621260849000;14202205;1.21402;1.21408;1.21405;0;T;True;1
1621260850000;14202211;1.21402;1.21408;1.21405;5;T;True;1
1621260851000;14202218;1.214;1.21406;1.21403;6;T;True;1
1621260852000;14202225;1.214;1.21406;1.21403;6;T;True;1
1621260853000;14202232;1.21398;1.21404;1.21401;6;T;True;1
1621260854000;14202233;1.21398;1.21404;1.21401;0;T;True;1
1621260855000;14202239;1.21396;1.21402;1.21399;5;T;True;1
1621260856000;14202245;1.21395;1.21401;1.21398;5;T;True;1
1621260857000;14202254;1.21396;1.21402;1.21399;8;T;True;1
1621260858000;14202257;1.21396;1.21402;1.21399;2;T;True;1
1621260859000;14202261;1.21398;1.21404;1.21401;3;T;True;1
1621260860000;14202264;1.21398;1.21404;1.21401;2;T;True;1
1621260861000;14202269;1.21398;1.21404;1.21401;4;T;True;1
1621260862000;14202274;1.214;1.21406;1.21403;4;T;True;1
1621260863000;14202277;1.214;1.21406;1.21403;2;T;True;1
1621260864000;14202282;1.214;1.21406;1.21403;4;T;True;1
1621260865000;14202288;1.21399;1.21405;1.21402;5;T;True;1
1621260866000;14202290;1.21399;1.21405;1.21402;1;T;True;1
1621260867000;14202293;1.21399;1.21405;1.21402;2;T;True;1
1621260868000;14202297;1.21398;1.21404;1.21401;3;T;True;1
1621260869000;14202302;1.214;1.21406;1.21403;4;T;True;1
1621260870000;14202304;1.214;1.21406;1.21403;1;T;True;1
1621260871000;14202309;1.21402;1.21408;1.21405;4;T;True;1
1621260872000;14202313;1.21402;1.21408;1.21405;3;T;True;1
1621260873000;14202321;1.21403;1.21409;1.21406;7;T;True;1
1621260874000;14202325;1.21402;1.21408;1.21405;3;T;True;1
1621260875000;14202327;1.21401;1.21407;1.21404;1;T;True;1
1621260876000;14202330;1.214;1.21406;1.21403;2;T;True;1
1621260877000;14202333;1.21401;1.21407;1.21404;2;T;True;1
1621260878000;14202339;1.21398;1.21404;1.21401;5;T;True;1
1621260879000;14202345;1.214;1.21406;1.21403;5;T;True;1
1621260880000;14202347;1.214;1.21406;1.21403;1;T;True;1
1621260881000;14202357;1.21405;1.21411;1.21408;9;T;True;1
1621260882000;14202365;1.2141;1.21416;1.21413;7;T;True;1
1621260883000;14202371;1.21412;1.21418;1.21415;5;T;True;1
1621260884000;14202374;1.21411;1.21417;1.21414;2;T;True;1
1621260885000;14202380;1.21412;1.21418;1.21415;5;T;True;1
1621260886000;14202381;1.21412;1.21418;1.21415;0;T;True;1
1621260887000;14202384;1.2141;1.21416;1.21413;2;T;True;1
1621260888000;14202391;1.21412;1.21418;1.21415;6;T;True;1
1621260889000;14202401;1.21412;1.21418;1.21415;9;T;True;1
1621260890000;14202410;1.21411;1.21417;1.21414;8;T;True;1
1621260891000;14202411;1.21411;1.21417;1.21414;0;T;True;1
1621260892000;14202413;1.21411;1.21417;1.21414;1;T;True;1
1621260893000;14202415;1.2141;1.21416;1.21413;1;T;True;1
1621260894000;14202425;1.2141;1.21416;1.21413;9;T;True;1
1621260895000;14202427;1.21409;1.21415;1.21412;1;T;True;1
1621260896000;14202429;1.21409;1.21415;1.21412;1;T;True;1
1621260897000;14202433;1.21408;1.21414;1.21411;3;T;True;1
1621260898000;14202437;1.21408;1.21414;1.21411;3;T;True;1
1621260899000;14202440;1.21408;1.21414;1.21411;2;T;True;1
1621260900000;14202444;1.21409;1.21415;1.21412;3;T;True;1
1621260901000;14202450;1.21407;1.21413;1.2141;5;T;True;1
1621260902000;14202455;1.21408;1.21414;1.21411;4;T;True;1
1621260903000;14202464;1.21403;1.21409;1.21406;8;T;True;1
1621260904000;14202468;1.21402;1.21408;1.21405;3;T;True;1
1621260905000;14202469;1.21402;1.21408;1.21405;0;T;True;1
1621260906000;14202476;1.21405;1.21411;1.21408;6;T;True;1
1621260907000;14202487;1.21405;1.21411;1.21408;10;T;True;1
1621260908000;14202493;1.21403;1.21409;1.21406;5;T;True;1
1621260909000;14202495;1.21403;1.21409;1.21406;1;T;True;1
1621260910000;14202498;1.21403;1.21409;1.21406;2;T;True;1
1621260911000;14202500;1.21403;1.21409;1.21406;1;T;True;1
1621260912000;14202504;1.21402;1.21408;1.21405;3;T;True;1
1621260913000;14202506;1.21401;1.21407;1.21404;1;T;True;1
1621260914000;14202509;1.21401;1.21407;1.21404;2;T;True;1
1621260915000;14202513;1.214;1.21406;1.21403;3;T;True;1
1621260916000;14202520;1.21406;1.21412;1.21409;6;T;True;1
1621260917000;14202521;1.21406;1.21412;1.21409;0;T;True;1
1621260918000;14202524;1.21406;1.21412;1.21409;2;T;True;1
1621260919000;14202529;1.21407;1.21413;1.2141;4;T;True;1
1621260920000;14202535;1.21407;1.21413;1.2141;5;T;True;1
1621260921000;14202539;1.21406;1.21412;1.21409;3;T;True;1
1621260922000;14202542;1.21407;1.21413;1.2141;2;T;True;1
1621260923000;14202544;1.21407;1.21413;1.2141;1;T;True;1
1621260924000;14202546;1.21406;1.21412;1.21409;1;T;True;1
1621260925000;14202551;1.21402;1.21408;1.21405;4;T;True;1
1621260926000;14202553;1.21402;1.21408;1.21405;1;T;True;1
1621260927000;14202562;1.21406;1.21412;1.21409;8;T;True;1
1621260928000;14202563;1.21406;1.21412;1.21409;0;T;True;1
1621260929000;14202565;1.21406;1.21412;1.21409;1;T;True;1
1621260930000;14202568;1.21406;1.21412;1.21409;2;T;True;1
1621260931000;14202571;1.21406;1.21412;1.21409;2;T;True;1
1621260932000;14202580;1.21405;1.21411;1.21408;8;T;True;1
1621260933000;14202587;1.214;1.21406;1.21403;6;T;True;1
1621260934000;14202597;1.21393;1.21399;1.21396;9;T;True;1
1621260935000;14202600;1.21392;1.21398;1.21395;2;T;True;1
1621260936000;14202601;1.21392;1.21398;1.21395;0;T;True;1
1621260937000;14202602;1.21392;1.21398;1.21395;0;T;True;1
1621260938000;14202609;1.21395;1.21401;1.21398;6;T;True;1
1621260939000;14202612;1.21395;1.21401;1.21398;2;T;True;1
1621260940000;14202615;1.21394;1.214;1.21397;2;T;True;1
1621260941000;14202618;1.21396;1.21402;1.21399;2;T;True;1
1621260942000;14202621;1.21396;1.21402;1.21399;2;T;True;1
1621260943000;14202622;1.21396;1.21402;1.21399;0;T;True;1
1621260944000;14202630;1.21397;1.21403;1.214;7;T;True;1
1621260945000;14202639;1.21397;1.21403;1.214;8;T;True;1
1621260946000;14202643;1.21396;1.21402;1.21399;3;T;True;1
1621260947000;14202648;1.21394;1.214;1.21397;4;T;True;1
1621260948000;14202649;1.21394;1.214;1.21397;0;T;True;1
1621260949000;14202651;1.21394;1.214;1.21397;1;T;True;1
1621260950000;14202661;1.21394;1.214;1.21397;9;T;True;1
1621260951000;14202665;1.21395;1.21401;1.21398;3;T;True;1
1621260952000;14202673;1.21398;1.21404;1.21401;7;T;True;1
1621260953000;14202676;1.21396;1.21402;1.21399;2;T;True;1
1621260954000;14202678;1.21396;1.21402;1.21399;1;T;True;1
1621260955000;14202689;1.21393;1.21399;1.21396;10;T;True;1
1621260956000;14202693;1.21393;1.21399;1.21396;3;T;True;1
1621260957000;14202697;1.21392;1.21398;1.21395;3;T;True;1
1621260958000;14202702;1.21393;1.21399;1.21396;4;T;True;1
1621260959000;14202710;1.21392;1.21398;1.21395;7;T;True;1
1621260960000;14202714;1.21394;1.214;1.21397;3;T;True;1
1621260961000;14202721;1.21394;1.214;1.21397;6;T;True;1
1621260962000;14202723;1.21394;1.214;1.21397;1;T;True;1
1621260963000;14202724;1.21394;1.214;1.21397;0;T;True;1
1621260964000;14202738;1.21398;1.21404;1.21401;13;T;True;1
1621260965000;14202739;1.21398;1.21404;1.21401;0;T;True;1
1621260966000;14202747;1.21398;1.21404;1.21401;7;T;True;1
1621260967000;14202748;1.21398;1.21404;1.21401;0;T;True;1
1621260968000;14202755;1.21396;1.21402;1.21399;6;T;True;1
1621260969000;14202760;1.21398;1.21404;1.21401;4;T;True;1
1621260970000;14202762;1.21398;1.21404;1.21401;1;T;True;1
1621260971000;14202767;1.21399;1.21405;1.21402;4;T;True;1
1621260972000;14202774;1.21396;1.21402;1.21399;6;T;True;1
1621260973000;14202783;1.21396;1.21402;1.21399;8;T;True;1
1621260974000;14202785;1.21397;1.21403;1.214;1;T;True;1
1621260975000;14202789;1.21396;1.21402;1.21399;3;T;True;1
1621260976000;14202793;1.21397;1.21403;1.214;3;T;True;1
1621260977000;14202801;1.21398;1.21404;1.21401;7;T;True;1
1621260978000;14202807;1.21397;1.21403;1.214;5;T;True;1
1621260979000;14202815;1.21394;1.214;1.21397;7;T;True;1
1621260980000;14202821;1.21394;1.214;1.21397;5;T;True;1
1621260981000;14202825;1.21395;1.21401;1.21398;3;T;True;1
1621260982000;14202830;1.21395;1.21401;1.21398;4;T;True;1
1621260983000;14202832;1.21396;1.21402;1.21399;1;T;True;1
1621260984000;14202837;1.21399;1.21405;1.21402;4;T;True;1
1621260985000;14202842;1.21396;1.21402;1.21399;4;T;True;1
1621260986000;14202850;1.21392;1.21398;1.21395;7;T;True;1
1621260987000;14202851;1.21392;1.21398;1.21395;0;T;True;1
1621260988000;14202858;1.21391;1.21397;1.21394;6;T;True;1
1621260989000;14202859;1.21391;1.21397;1.21394;0;T;True;1
1621260990000;14202861;1.21391;1.21397;1.21394;1;T;True;1
1621260991000;14202862;1.21391;1.21397;1.21394;0;T;True;1
1621260992000;14202868;1.21394;1.214;1.21397;5;T;True;1
1621260993000;14202873;1.21394;1.214;1.21397;4;T;True;1
1621260994000;14202879;1.21394;1.214;1.21397;5;T;True;1
1621260995000;14202883;1.21396;1.21402;1.21399;3;T;True;1
1621260996000;14202886;1.21396;1.21402;1.21399;2;T;True;1
1621260997000;14202889;1.21396;1.21402;1.21399;2;T;True;1
1621260998000;14202895;1.21396;1.21402;1.21399;5;T;True;1
1621260999000;14202904;1.214;1.21406;1.21403;8;T;True;1
1621261000000;14202905;1.214;1.21406;1.21403;0;T;True;1
1621261001000;14202906;1.214;1.21406;1.21403;0;T;True;1
1621261002000;14202907;1.214;1.21406;1.21403;0;T;True;1
1621261003000;14202908;1.214;1.21406;1.21403;0;T;True;1
1621261004000;14202911;1.21397;1.21403;1.214;2;T;True;1
1621261005000;14202915;1.21391;1.21397;1.21394;3;T;True;1
1621261006000;14202916;1.21391;1.21397;1.21394;0;T;True;1
1621261007000;14202919;1.21391;1.21397;1.21394;2;T;True;1
1621261008000;14202924;1.21394;1.214;1.21397;4;T;True;1
1621261009000;14202927;1.21394;1.214;1.21397;2;T;True;1
1621261010000;14202930;1.21394;1.214;1.21397;2;T;True;1
1621261011000;14202932;1.21394;1.214;1.21397;1;T;True;1
1621261012000;14202934;1.21394;1.214;1.21397;1;T;True;1
1621261013000;14202935;1.21394;1.214;1.21397;0;T;True;1
1621261014000;14202936;1.21394;1.214;1.21397;0;T;True;1
1621261015000;14202937;1.21394;1.214;1.21397;0;T;True;1
1621261016000;14202942;1.21393;1.21399;1.21396;4;T;True;1
1621261017000;14202945;1.21392;1.21398;1.21395;2;T;True;1
1621261018000;14202947;1.2139;1.21396;1.21393;1;T;True;1
1621261019000;14202948;1.2139;1.21396;1.21393;0;T;True;1
1621261020000;14202952;1.21391;1.21397;1.21394;3;T;True;1
1621261021000;14202959;1.21394;1.214;1.21397;6;T;True;1
1621261022000;14202962;1.21394;1.214;1.21397;2;T;True;1
1621261023000;14202971;1.21395;1.21401;1.21398;8;T;True;1
1621261024000;14202978;1.21396;1.21402;1.21399;6;T;True;1
1621261025000;14202980;1.21396;1.21402;1.21399;1;T;True;1
1621261026000;14202981;1.21396;1.21402;1.21399;0;T;True;1
1621261027000;14202984;1.21396;1.21402;1.21399;2;T;True;1
1621261028000;14202988;1.21396;1.21402;1.21399;3;T;True;1
1621261029000;14202989;1.21396;1.21402;1.21399;0;T;True;1
1621261030000;14202990;1.21396;1.21402;1.21399;0;T;True;1
1621261031000;14202991;1.21396;1.21402;1.21399;0;T;True;1
1621261032000;14202993;1.21396;1.21402;1.21399;1;T;True;1
1621261033000;14202994;1.21396;1.21402;1.21399;0;T;True;1
1621261034000;14202996;1.21396;1.21402;1.21399;1;T;True;1
1621261035000;14202999;1.21396;1.21402;1.21399;2;T;True;1
1621261036000;14203002;1.21396;1.21402;1.21399;2;T;True;1
1621261037000;14203014;1.21406;1.21412;1.21409;11;T;True;1
1621261038000;14203022;1.21406;1.21412;1.21409;7;T;True;1
1621261039000;14203031;1.21408;1.21414;1.21411;8;T;True;1
1621261040000;14203035;1.21408;1.21414;1.21411;3;T;True;1
1621261041000;14203041;1.21413;1.21419;1.21416;5;T;True;1
1621261042000;14203043;1.21413;1.21419;1.21416;1;T;True;1
1621261043000;14203046;1.21414;1.2142;1.21417;2;T;True;1
1621261044000;14203048;1.21414;1.2142;1.21417;1;T;True;1
1621261045000;14203060;1.21422;1.21428;1.21425;11;T;True;1
1621261046000;14203064;1.21422;1.21428;1.21425;3;T;True;1
1621261047000;14203071;1.21426;1.21432;1.21429;6;T;True;1
1621261048000;14203081;1.21433;1.21439;1.21436;9;T;True;1
1621261049000;14203082;1.21433;1.21439;1.21436;0;T;True;1
1621261050000;14203090;1.21429;1.21435;1.21432;7;T;True;1
1621261051000;14203093;1.21428;1.21434;1.21431;2;T;True;1
1621261052000;14203096;1.21428;1.21434;1.21431;2;T;True;1
1621261053000;14203097;1.21428;1.21434;1.21431;0;T;True;1
1621261054000;14203099;1.21428;1.21434;1.21431;1;T;True;1
1621261055000;14203103;1.21429;1.21435;1.21432;3;T;True;1
1621261056000;14203109;1.21428;1.21434;1.21431;5;T;True;1
1621261057000;14203116;1.21428;1.21434;1.21431;6;T;True;1
1621261058000;14203118;1.21428;1.21434;1.21431;1;T;True;1
1621261059000;14203124;1.21428;1.21434;1.21431;5;T;True;1
1621261060000;14203125;1.21428;1.21434;1.21431;0;T;True;1
1621261061000;14203128;1.21428;1.21434;1.21431;2;T;True;1
1621261062000;14203129;1.21428;1.21434;1.21431;0;T;True;1
1621261063000;14203133;1.2143;1.21436;1.21433;3;T;True;1
1621261064000;14203138;1.21433;1.21439;1.21436;4;T;True;1
1621261065000;14203143;1.21433;1.21439;1.21436;4;T;True;1
1621261066000;14203144;1.21433;1.21439;1.21436;0;T;True;1
1621261067000;14203149;1.21435;1.21441;1.21438;4;T;True;1
1621261068000;14203154;1.21434;1.2144;1.21437;4;T;True;1
1621261069000;14203165;1.2144;1.21446;1.21443;10;T;True;1
1621261070000;14203175;1.21442;1.21448;1.21445;9;T;True;1
1621261071000;14203186;1.2144;1.21446;1.21443;10;T;True;1
1621261072000;14203193;1.21436;1.21442;1.21439;6;T;True;1
1621261073000;14203199;1.2144;1.21446;1.21443;5;T;True;1
1621261074000;14203204;1.21444;1.2145;1.21447;4;T;True;1
1621261075000;14203210;1.21448;1.21454;1.21451;5;T;True;1
1621261076000;14203216;1.21444;1.2145;1.21447;5;T;True;1
1621261077000;14203225;1.21442;1.21448;1.21445;8;T;True;1
1621261078000;14203228;1.21442;1.21448;1.21445;2;T;True;1
1621261079000;14203238;1.21438;1.21444;1.21441;9;T;True;1
1621261080000;14203241;1.21438;1.21444;1.21441;2;T;True;1
1621261081000;14203245;1.21435;1.21441;1.21438;3;T;True;1
1621261082000;14203258;1.21436;1.21442;1.21439;12;T;True;1
1621261083000;14203260;1.21436;1.21442;1.21439;1;T;True;1
1621261084000;14203268;1.21436;1.21442;1.21439;7;T;True;1
1621261085000;14203274;1.21434;1.2144;1.21437;5;T;True;1
1621261086000;14203277;1.21432;1.21438;1.21435;2;T;True;1
1621261087000;14203278;1.21432;1.21438;1.21435;0;T;True;1
1621261088000;14203281;1.21434;1.2144;1.21437;2;T;True;1
1621261089000;14203283;1.21435;1.21441;1.21438;1;T;True;1
1621261090000;14203287;1.21434;1.2144;1.21437;3;T;True;1
1621261091000;14203294;1.21436;1.21442;1.21439;6;T;True;1
1621261092000;14203295;1.21436;1.21442;1.21439;0;T;True;1
1621261093000;14203298;1.21434;1.2144;1.21437;2;T;True;1
1621261094000;14203299;1.21434;1.2144;1.21437;0;T;True;1
1621261095000;14203300;1.21434;1.2144;1.21437;0;T;True;1
1621261096000;14203301;1.21434;1.2144;1.21437;0;T;True;1
1621261097000;14203303;1.21435;1.21441;1.21438;1;T;True;1
1621261098000;14203306;1.21434;1.2144;1.21437;2;T;True;1
1621261099000;14203308;1.21434;1.2144;1.21437;1;T;True;1
1621261100000;14203312;1.21432;1.21438;1.21435;3;T;True;1
1621261101000;14203315;1.21432;1.21438;1.21435;2;T;True;1
1621261102000;14203318;1.21432;1.21438;1.21435;2;T;True;1
1621261103000;14203320;1.21432;1.21438;1.21435;1;T;True;1
1621261104000;14203324;1.21431;1.21437;1.21434;3;T;True;1
1621261105000;14203327;1.21432;1.21438;1.21435;2;T;True;1
1621261106000;14203331;1.21432;1.21438;1.21435;3;T;True;1
1621261107000;14203332;1.21432;1.21438;1.21435;0;T;True;1
1621261108000;14203334;1.21432;1.21438;1.21435;1;T;True;1
1621261109000;14203339;1.21434;1.2144;1.21437;4;T;True;1
1621261110000;14203346;1.2143;1.21436;1.21433;6;T;True;1
1621261111000;14203349;1.2143;1.21436;1.21433;2;T;True;1
1621261112000;14203351;1.2143;1.21436;1.21433;1;T;True;1
1621261113000;14203354;1.2143;1.21436;1.21433;2;T;True;1
1621261114000;14203361;1.21432;1.21438;1.21435;6;T;True;1
1621261115000;14203363;1.2143;1.21436;1.21433;1;T;True;1
1621261116000;14203369;1.21428;1.21434;1.21431;5;T;True;1
1621261117000;14203372;1.21429;1.21435;1.21432;2;T;True;1
1621261118000;14203373;1.21429;1.21435;1.21432;0;T;True;1
1621261119000;14203375;1.2143;1.21436;1.21433;1;T;True;1
1621261120000;14203379;1.21431;1.21437;1.21434;3;T;True;1
1621261121000;14203383;1.21432;1.21438;1.21435;3;T;True;1
1621261122000;14203385;1.21432;1.21438;1.21435;1;T;True;1
1621261123000;14203388;1.21432;1.21438;1.21435;2;T;True;1
1621261124000;14203391;1.21433;1.21439;1.21436;2;T;True;1
1621261125000;14203393;1.21432;1.21438;1.21435;1;T;True;1
1621261126000;14203395;1.21432;1.21438;1.21435;1;T;True;1
1621261127000;14203396;1.21432;1.21438;1.21435;0;T;True;1
1621261128000;14203401;1.21434;1.2144;1.21437;4;T;True;1
1621261129000;14203405;1.21434;1.2144;1.21437;3;T;True;1
1621261130000;14203410;1.2143;1.21436;1.21433;4;T;True;1
1621261131000;14203413;1.21432;1.21438;1.21435;2;T;True;1
1621261132000;14203416;1.2143;1.21436;1.21433;2;T;True;1
1621261133000;14203418;1.2143;1.21436;1.21433;1;T;True;1
1621261134000;14203419;1.2143;1.21436;1.21433;0;T;True;1
1621261135000;14203420;1.2143;1.21436;1.21433;0;T;True;1
1621261136000;14203421;1.2143;1.21436;1.21433;0;T;True;1
1621261137000;14203423;1.2143;1.21436;1.21433;1;T;True;1
1621261138000;14203424;1.2143;1.21436;1.21433;0;T;True;1
1621261139000;14203425;1.2143;1.21436;1.21433;0;T;True;1
1621261140000;14203426;1.2143;1.21436;1.21433;0;T;True;1
1621261141000;14203427;1.2143;1.21436;1.21433;0;T;True;1
1621261142000;14203434;1.21428;1.21434;1.21431;6;T;True;1
1621261143000;14203439;1.2143;1.21436;1.21433;4;T;True;1
1621261144000;14203443;1.2143;1.21436;1.21433;3;T;True;1
1621261145000;14203448;1.21428;1.21434;1.21431;4;T;True;1
1621261146000;14203449;1.21428;1.21434;1.21431;0;T;True;1
1621261147000;14203451;1.21428;1.21434;1.21431;1;T;True;1
1621261148000;14203457;1.21432;1.21438;1.21435;5;T;True;1
1621261149000;14203460;1.2143;1.21436;1.21433;2;T;True;1
1621261150000;14203466;1.21431;1.21437;1.21434;5;T;True;1
1621261151000;14203468;1.21432;1.21438;1.21435;1;T;True;1
1621261152000;14203474;1.21432;1.21438;1.21435;5;T;True;1
1621261153000;14203475;1.21432;1.21438;1.21435;0;T;True;1
1621261154000;14203478;1.21432;1.21438;1.21435;2;T;True;1
1621261155000;14203479;1.21432;1.21438;1.21435;0;T;True;1
1621261156000;14203480;1.21432;1.21438;1.21435;0;T;True;1
1621261157000;14203482;1.21431;1.21437;1.21434;1;T;True;1
1621261158000;14203484;1.21431;1.21437;1.21434;1;T;True;1
1621261159000;14203485;1.21431;1.21437;1.21434;0;T;True;1
1621261160000;14203488;1.21431;1.21437;1.21434;2;T;True;1
1621261161000;14203496;1.21429;1.21435;1.21432;7;T;True;1
1621261162000;14203500;1.2143;1.21436;1.21433;3;T;True;1
1621261163000;14203501;1.2143;1.21436;1.21433;0;T;True;1
1621261164000;14203502;1.2143;1.21436;1.21433;0;T;True;1
1621261165000;14203503;1.2143;1.21436;1.21433;0;T;True;1
1621261166000;14203505;1.2143;1.21436;1.21433;1;T;True;1
1621261167000;14203508;1.2143;1.21436;1.21433;2;T;True;1
1621261168000;14203509;1.2143;1.21436;1.21433;0;T;True;1
1621261169000;14203510;1.2143;1.21436;1.21433;0;T;True;1
1621261170000;14203512;1.21431;1.21437;1.21434;1;T;True;1
1621261171000;14203513;1.21431;1.21437;1.21434;0;T;True;1
1621261172000;14203514;1.21431;1.21437;1.21434;0;T;True;1
1621261173000;14203515;1.21431;1.21437;1.21434;0;T;True;1
1621261174000;14203516;1.21431;1.21437;1.21434;0;T;True;1
1621261175000;14203517;1.21431;1.21437;1.21434;0;T;True;1
1621261176000;14203518;1.21431;1.21437;1.21434;0;T;True;1
1621261177000;14203519;1.21431;1.21437;1.21434;0;T;True;1
1621261178000;14203521;1.21432;1.21438;1.21435;1;T;True;1
1621261179000;14203522;1.21432;1.21438;1.21435;0;T;True;1
1621261180000;14203523;1.21432;1.21438;1.21435;0;T;True;1
1621261181000;14203524;1.21432;1.21438;1.21435;0;T;True;1
1621261182000;14203526;1.21431;1.21437;1.21434;1;T;True;1
1621261183000;14203528;1.21432;1.21438;1.21435;1;T;True;1
1621261184000;14203529;1.21432;1.21438;1.21435;0;T;True;1
1621261185000;14203533;1.21433;1.21439;1.21436;3;T;True;1
1621261186000;14203535;1.21433;1.21439;1.21436;1;T;True;1
1621261187000;14203537;1.21432;1.21438;1.21435;1;T;True;1
1621261188000;14203538;1.21432;1.21438;1.21435;0;T;True;1
1621261189000;14203542;1.21433;1.21439;1.21436;3;T;True;1
1621261190000;14203543;1.21433;1.21439;1.21436;0;T;True;1
1621261191000;14203546;1.21434;1.2144;1.21437;2;T;True;1
1621261192000;14203549;1.21435;1.21441;1.21438;2;T;True;1
1621261193000;14203555;1.21441;1.21447;1.21444;5;T;True;1
1621261194000;14203557;1.2144;1.21446;1.21443;1;T;True;1
1621261195000;14203565;1.21442;1.21448;1.21445;7;T;True;1
1621261196000;14203567;1.21442;1.21448;1.21445;1;T;True;1
1621261197000;14203578;1.21434;1.2144;1.21437;10;T;True;1
1621261198000;14203580;1.21432;1.21438;1.21435;1;T;True;1
1621261199000;14203581;1.21432;1.21438;1.21435;0;T;True;1
1621261200000;14203582;1.21432;1.21438;1.21435;0;T;True;1
1621261201000;14203584;1.21432;1.21438;1.21435;1;T;True;1
1621261202000;14203589;1.21431;1.21437;1.21434;4;T;True;1
1621261203000;14203596;1.21434;1.2144;1.21437;6;T;True;1
1621261204000;14203598;1.21435;1.21441;1.21438;1;T;True;1
1621261205000;14203606;1.21442;1.21448;1.21445;7;T;True;1
1621261206000;14203607;1.21442;1.21448;1.21445;0;T;True;1
1621261207000;14203608;1.21442;1.21448;1.21445;0;T;True;1
1621261208000;14203610;1.21442;1.21448;1.21445;1;T;True;1
1621261209000;14203614;1.21443;1.21449;1.21446;3;T;True;1
1621261210000;14203618;1.21444;1.2145;1.21447;3;T;True;1
1621261211000;14203621;1.21444;1.2145;1.21447;2;T;True;1
1621261212000;14203624;1.21443;1.21449;1.21446;2;T;True;1
1621261213000;14203631;1.21442;1.21448;1.21445;6;T;True;1
1621261214000;14203637;1.21444;1.2145;1.21447;5;T;True;1
1621261215000;14203638;1.21444;1.2145;1.21447;0;T;True;1
1621261216000;14203644;1.21444;1.2145;1.21447;5;T;True;1
1621261217000;14203652;1.21445;1.21451;1.21448;7;T;True;1
1621261218000;14203656;1.21446;1.21452;1.21449;3;T;True;1
1621261219000;14203660;1.21444;1.2145;1.21447;3;T;True;1
1621261220000;14203662;1.21444;1.2145;1.21447;1;T;True;1
1621261221000;14203663;1.21444;1.2145;1.21447;0;T;True;1
1621261222000;14203667;1.21446;1.21452;1.21449;3;T;True;1
1621261223000;14203671;1.2145;1.21456;1.21453;3;T;True;1
1621261224000;14203680;1.21446;1.21452;1.21449;8;T;True;1
1621261225000;14203687;1.21442;1.21448;1.21445;6;T;True;1
1621261226000;14203691;1.2144;1.21446;1.21443;3;T;True;1
1621261227000;14203701;1.21446;1.21452;1.21449;9;T;True;1
1621261228000;14203706;1.21448;1.21454;1.21451;4;T;True;1
1621261229000;14203711;1.21444;1.2145;1.21447;4;T;True;1
1621261230000;14203717;1.21444;1.2145;1.21447;5;T;True;1
1621261231000;14203721;1.21442;1.21448;1.21445;3;T;True;1
1621261232000;14203723;1.21442;1.21448;1.21445;1;T;True;1
1621261233000;14203727;1.2144;1.21446;1.21443;3;T;True;1
1621261234000;14203732;1.21442;1.21448;1.21445;4;T;True;1
1621261235000;14203733;1.21442;1.21448;1.21445;0;T;True;1
1621261236000;14203738;1.21443;1.21449;1.21446;4;T;True;1
1621261237000;14203741;1.21444;1.2145;1.21447;2;T;True;1
1621261238000;14203742;1.21444;1.2145;1.21447;0;T;True;1
1621261239000;14203743;1.21444;1.2145;1.21447;0;T;True;1
1621261240000;14203745;1.21443;1.21449;1.21446;1;T;True;1
1621261241000;14203748;1.2144;1.21446;1.21443;2;T;True;1
1621261242000;14203750;1.2144;1.21446;1.21443;1;T;True;1
1621261243000;14203752;1.2144;1.21446;1.21443;1;T;True;1
1621261244000;14203753;1.2144;1.21446;1.21443;0;T;True;1
1621261245000;14203756;1.21438;1.21444;1.21441;2;T;True;1
1621261246000;14203757;1.21438;1.21444;1.21441;0;T;True;1
1621261247000;14203759;1.21436;1.21442;1.21439;1;T;True;1
1621261248000;14203760;1.21436;1.21442;1.21439;0;T;True;1
1621261249000;14203762;1.21436;1.21442;1.21439;1;T;True;1
1621261250000;14203763;1.21436;1.21442;1.21439;0;T;True;1
1621261251000;14203764;1.21436;1.21442;1.21439;0;T;True;1
1621261252000;14203767;1.21436;1.21442;1.21439;2;T;True;1
1621261253000;14203768;1.21436;1.21442;1.21439;0;T;True;1
1621261254000;14203770;1.21436;1.21442;1.21439;1;T;True;1
1621261255000;14203771;1.21436;1.21442;1.21439;0;T;True;1
1621261256000;14203772;1.21436;1.21442;1.21439;0;T;True;1
1621261257000;14203775;1.21436;1.21442;1.21439;2;T;True;1
1621261258000;14203777;1.21436;1.21442;1.21439;1;T;True;1
1621261259000;14203778;1.21436;1.21442;1.21439;0;T;True;1
1621261260000;14203780;1.21436;1.21442;1.21439;1;T;True;1
1621261261000;14203786;1.21432;1.21438;1.21435;5;T;True;1
1621261262000;14203794;1.21436;1.21442;1.21439;7;T;True;1
1621261263000;14203795;1.21436;1.21442;1.21439;0;T;True;1
1621261264000;14203797;1.21436;1.21442;1.21439;1;T;True;1
1621261265000;14203798;1.21436;1.21442;1.21439;0;T;True;1
1621261266000;14203799;1.21436;1.21442;1.21439;0;T;True;1
1621261267000;14203800;1.21436;1.21442;1.21439;0;T;True;1
1621261268000;14203801;1.21436;1.21442;1.21439;0;T;True;1
1621261269000;14203802;1.21436;1.21442;1.21439;0;T;True;1
1621261270000;14203803;1.21436;1.21442;1.21439;0;T;True;1
1621261271000;14203805;1.21436;1.21442;1.21439;1;T;True;1
1621261272000;14203806;1.21436;1.21442;1.21439;0;T;True;1
1621261273000;14203807;1.21436;1.21442;1.21439;0;T;True;1
1621261274000;14203808;1.21436;1.21442;1.21439;0;T;True;1
1621261275000;14203809;1.21436;1.21442;1.21439;0;T;True;1
1621261276000;14203811;1.21437;1.21443;1.2144;1;T;True;1
1621261277000;14203815;1.21438;1.21444;1.21441;3;T;True;1
1621261278000;14203826;1.21444;1.2145;1.21447;10;T;True;1
1621261279000;14203829;1.21444;1.2145;1.21447;2;T;True;1
1621261280000;14203831;1.21445;1.21451;1.21448;1;T;True;1
1621261281000;14203833;1.21446;1.21452;1.21449;1;T;True;1
1621261282000;14203837;1.21444;1.2145;1.21447;3;T;True;1
1621261283000;14203840;1.21445;1.21451;1.21448;2;T;True;1
1621261284000;14203843;1.21446;1.21452;1.21449;2;T;True;1
1621261285000;14203848;1.21451;1.21457;1.21454;4;T;True;1
1621261286000;14203850;1.2145;1.21456;1.21453;1;T;True;1
1621261287000;14203854;1.21448;1.21454;1.21451;3;T;True;1
1621261288000;14203857;1.21448;1.21454;1.21451;2;T;True;1
1621261289000;14203859;1.21448;1.21454;1.21451;1;T;True;1
1621261290000;14203861;1.21448;1.21454;1.21451;1;T;True;1
1621261291000;14203865;1.21448;1.21454;1.21451;3;T;True;1
1621261292000;14203866;1.21448;1.21454;1.21451;0;T;True;1
1621261293000;14203867;1.21448;1.21454;1.21451;0;T;True;1
1621261294000;14203871;1.2145;1.21456;1.21453;3;T;True;1
1621261295000;14203878;1.21452;1.21458;1.21455;6;T;True;1
1621261296000;14203887;1.21446;1.21452;1.21449;8;T;True;1
1621261297000;14203892;1.21447;1.21453;1.2145;4;T;True;1
1621261298000;14203893;1.21447;1.21453;1.2145;0;T;True;1
1621261299000;14203898;1.21446;1.21452;1.21449;4;T;True;1
1621261300000;14203900;1.21446;1.21452;1.21449;1;T;True;1
1621261301000;14203902;1.21445;1.21451;1.21448;1;T;True;1
1621261302000;14203913;1.2144;1.21446;1.21443;10;T;True;1
1621261303000;14203915;1.21438;1.21444;1.21441;1;T;True;1
1621261304000;14203924;1.21438;1.21444;1.21441;8;T;True;1
1621261305000;14203926;1.21438;1.21444;1.21441;1;T;True;1
1621261306000;14203927;1.21438;1.21444;1.21441;0;T;True;1
1621261307000;14203930;1.21438;1.21444;1.21441;2;T;True;1
1621261308000;14203940;1.21442;1.21448;1.21445;9;T;True;1
1621261309000;14203945;1.21442;1.21448;1.21445;4;T;True;1
1621261310000;14203946;1.21442;1.21448;1.21445;0;T;True;1
1621261311000;14203950;1.2144;1.21446;1.21443;3;T;True;1
1621261312000;14203953;1.2144;1.21446;1.21443;2;T;True;1
1621261313000;14203957;1.21442;1.21448;1.21445;3;T;True;1
1621261314000;14203960;1.21442;1.21448;1.21445;2;T;True;1
1621261315000;14203961;1.21442;1.21448;1.21445;0;T;True;1
1621261316000;14203967;1.21442;1.21448;1.21445;5;T;True;1
1621261317000;14203969;1.21442;1.21448;1.21445;1;T;True;1
1621261318000;14203974;1.21442;1.21448;1.21445;4;T;True;1
1621261319000;14203976;1.21443;1.21449;1.21446;1;T;True;1
1621261320000;14203979;1.21443;1.21449;1.21446;2;T;True;1
1621261321000;14203985;1.21442;1.21448;1.21445;5;T;True;1
1621261322000;14203988;1.21442;1.21448;1.21445;2;T;True;1
1621261323000;14203990;1.21442;1.21448;1.21445;1;T;True;1
1621261324000;14203993;1.21442;1.21448;1.21445;2;T;True;1
1621261325000;14203999;1.21445;1.21451;1.21448;5;T;True;1
1621261326000;14204001;1.21445;1.21451;1.21448;1;T;True;1
1621261327000;14204006;1.21446;1.21452;1.21449;4;T;True;1
1621261328000;14204008;1.21446;1.21452;1.21449;1;T;True;1
1621261329000;14204009;1.21446;1.21452;1.21449;0;T;True;1
1621261330000;14204019;1.2145;1.21456;1.21453;9;T;True;1
1621261331000;14204020;1.2145;1.21456;1.21453;0;T;True;1
1621261332000;14204022;1.2145;1.21456;1.21453;1;T;True;1
1621261333000;14204025;1.2145;1.21456;1.21453;2;T;True;1
1621261334000;14204027;1.2145;1.21456;1.21453;1;T;True;1
1621261335000;14204029;1.2145;1.21456;1.21453;1;T;True;1
1621261336000;14204030;1.2145;1.21456;1.21453;0;T;True;1
1621261337000;14204041;1.2145;1.21456;1.21453;10;T;True;1
1621261338000;14204045;1.21452;1.21458;1.21455;3;T;True;1
1621261339000;14204047;1.21452;1.21458;1.21455;1;T;True;1
1621261340000;14204048;1.21452;1.21458;1.21455;0;T;True;1
1621261341000;14204049;1.21452;1.21458;1.21455;0;T;True;1
1621261342000;14204050;1.21452;1.21458;1.21455;0;T;True;1
1621261343000;14204051;1.21452;1.21458;1.21455;0;T;True;1
1621261344000;14204053;1.21453;1.21459;1.21456;1;T;True;1
1621261345000;14204055;1.21453;1.21459;1.21456;1;T;True;1
1621261346000;14204065;1.21462;1.21468;1.21465;9;T;True;1
1621261347000;14204066;1.21462;1.21468;1.21465;0;T;True;1
1621261348000;14204073;1.2146;1.21466;1.21463;6;T;True;1
1621261349000;14204079;1.21458;1.21464;1.21461;5;T;True;1
1621261350000;14204083;1.21459;1.21465;1.21462;3;T;True;1
1621261351000;14204087;1.2146;1.21466;1.21463;3;T;True;1
1621261352000;14204094;1.2146;1.21466;1.21463;6;T;True;1
1621261353000;14204097;1.21458;1.21464;1.21461;2;T;True;1
1621261354000;14204107;1.21452;1.21458;1.21455;9;T;True;1
1621261355000;14204109;1.21452;1.21458;1.21455;1;T;True;1
1621261356000;14204111;1.21452;1.21458;1.21455;1;T;True;1
1621261357000;14204113;1.21451;1.21457;1.21454;1;T;True;1
1621261358000;14204116;1.21451;1.21457;1.21454;2;T;True;1
1621261359000;14204117;1.21451;1.21457;1.21454;0;T;True;1
1621261360000;14204120;1.2145;1.21456;1.21453;2;T;True;1
1621261361000;14204127;1.2145;1.21456;1.21453;6;T;True;1
1621261362000;14204132;1.21448;1.21454;1.21451;4;T;True;1
1621261363000;14204136;1.21444;1.2145;1.21447;3;T;True;1
1621261364000;14204143;1.21446;1.21452;1.21449;6;T;True;1
1621261365000;14204149;1.21448;1.21454;1.21451;5;T;True;1
1621261366000;14204154;1.21449;1.21455;1.21452;4;T;True;1
1621261367000;14204158;1.21449;1.21455;1.21452;3;T;True;1
1621261368000;14204161;1.21448;1.21454;1.21451;2;T;True;1
1621261369000;14204165;1.21446;1.21452;1.21449;3;T;True;1
1621261370000;14204166;1.21446;1.21452;1.21449;0;T;True;1
1621261371000;14204167;1.21446;1.21452;1.21449;0;T;True;1
1621261372000;14204168;1.21446;1.21452;1.21449;0;T;True;1
1621261373000;14204169;1.21446;1.21452;1.21449;0;T;True;1
1621261374000;14204170;1.21446;1.21452;1.21449;0;T;True;1
1621261375000;14204174;1.21444;1.2145;1.21447;3;T;True;1
1621261376000;14204178;1.21446;1.21452;1.21449;3;T;True;1
1621261377000;14204192;1.2145;1.21456;1.21453;13;T;True;1
1621261378000;14204195;1.21449;1.21455;1.21452;2;T;True;1
1621261379000;14204196;1.21449;1.21455;1.21452;0;T;True;1
1621261380000;14204199;1.21449;1.21455;1.21452;2;T;True;1
1621261381000;14204201;1.21449;1.21455;1.21452;1;T;True;1
1621261382000;14204209;1.21446;1.21452;1.21449;7;T;True;1
1621261383000;14204210;1.21446;1.21452;1.21449;0;T;True;1
1621261384000;14204214;1.21447;1.21453;1.2145;3;T;True;1
1621261385000;14204219;1.2145;1.21456;1.21453;4;T;True;1
1621261386000;14204225;1.21446;1.21452;1.21449;5;T;True;1
1621261387000;14204231;1.21448;1.21454;1.21451;5;T;True;1
1621261388000;14204233;1.21446;1.21452;1.21449;1;T;True;1
1621261389000;14204242;1.21448;1.21454;1.21451;8;T;True;1
1621261390000;14204247;1.21446;1.21452;1.21449;4;T;True;1
1621261391000;14204251;1.21446;1.21452;1.21449;3;T;True;1
1621261392000;14204254;1.21446;1.21452;1.21449;2;T;True;1
1621261393000;14204256;1.21446;1.21452;1.21449;1;T;True;1
1621261394000;14204260;1.21446;1.21452;1.21449;3;T;True;1
1621261395000;14204266;1.21442;1.21448;1.21445;5;T;True;1
1621261396000;14204270;1.21442;1.21448;1.21445;3;T;True;1
1621261397000;14204272;1.21442;1.21448;1.21445;1;T;True;1
1621261398000;14204277;1.21446;1.21452;1.21449;4;T;True;1
1621261399000;14204287;1.21447;1.21453;1.2145;9;T;True;1
1621261400000;14204291;1.21448;1.21454;1.21451;3;T;True;1
1621261401000;14204299;1.21451;1.21457;1.21454;7;T;True;1
1621261402000;14204303;1.21451;1.21457;1.21454;3;T;True;1
1621261403000;14204308;1.21448;1.21454;1.21451;4;T;True;1
1621261404000;14204310;1.21447;1.21453;1.2145;1;T;True;1
1621261405000;14204315;1.21448;1.21454;1.21451;4;T;True;1
1621261406000;14204317;1.21448;1.21454;1.21451;1;T;True;1
1621261407000;14204318;1.21448;1.21454;1.21451;0;T;True;1
1621261408000;14204322;1.21448;1.21454;1.21451;3;T;True;1
1621261409000;14204330;1.21451;1.21457;1.21454;7;T;True;1
1621261410000;14204332;1.2145;1.21456;1.21453;1;T;True;1
1621261411000;14204333;1.2145;1.21456;1.21453;0;T;True;1
1621261412000;14204343;1.21443;1.21449;1.21446;9;T;True;1
1621261413000;14204344;1.21443;1.21449;1.21446;0;T;True;1
1621261414000;14204351;1.21444;1.2145;1.21447;6;T;True;1
1621261415000;14204358;1.21442;1.21448;1.21445;6;T;True;1
1621261416000;14204359;1.21442;1.21448;1.21445;0;T;True;1
1621261417000;14204361;1.21444;1.2145;1.21447;1;T;True;1
1621261418000;14204363;1.21442;1.21448;1.21445;1;T;True;1
1621261419000;14204365;1.21443;1.21449;1.21446;1;T;True;1
1621261420000;14204368;1.21443;1.21449;1.21446;2;T;True;1
1621261421000;14204372;1.21443;1.21449;1.21446;3;T;True;1
1621261422000;14204378;1.21444;1.2145;1.21447;5;T;True;1
1621261423000;14204380;1.21445;1.21451;1.21448;1;T;True;1
1621261424000;14204384;1.21445;1.21451;1.21448;3;T;True;1
1621261425000;14204395;1.21451;1.21457;1.21454;10;T;True;1
1621261426000;14204397;1.21451;1.21457;1.21454;1;T;True;1
1621261427000;14204400;1.21452;1.21458;1.21455;2;T;True;1
1621261428000;14204402;1.21452;1.21458;1.21455;1;T;True;1
1621261429000;14204403;1.21452;1.21458;1.21455;0;T;True;1
1621261430000;14204407;1.21453;1.21459;1.21456;3;T;True;1
1621261431000;14204409;1.21452;1.21458;1.21455;1;T;True;1
1621261432000;14204413;1.21453;1.21459;1.21456;3;T;True;1
1621261433000;14204416;1.21452;1.21458;1.21455;2;T;True;1
1621261434000;14204418;1.21452;1.21458;1.21455;1;T;True;1
1621261435000;14204419;1.21452;1.21458;1.21455;0;T;True;1
1621261436000;14204424;1.21452;1.21458;1.21455;4;T;True;1
1621261437000;14204425;1.21452;1.21458;1.21455;0;T;True;1
1621261438000;14204426;1.21452;1.21458;1.21455;0;T;True;1
1621261439000;14204427;1.21452;1.21458;1.21455;0;T;True;1
1621261440000;14204433;1.21452;1.21458;1.21455;5;T;True;1
1621261441000;14204443;1.21454;1.2146;1.21457;9;T;True;1
1621261442000;14204445;1.21454;1.2146;1.21457;1;T;True;1
1621261443000;14204447;1.21454;1.2146;1.21457;1;T;True;1
1621261444000;14204454;1.21456;1.21462;1.21459;6;T;True;1
1621261445000;14204461;1.21458;1.21464;1.21461;6;T;True;1
1621261446000;14204468;1.21458;1.21464;1.21461;6;T;True;1
1621261447000;14204471;1.21458;1.21464;1.21461;2;T;True;1
1621261448000;14204476;1.21456;1.21462;1.21459;4;T;True;1
1621261449000;14204479;1.21456;1.21462;1.21459;2;T;True;1
1621261450000;14204486;1.2145;1.21456;1.21453;6;T;True;1
1621261451000;14204489;1.2145;1.21456;1.21453;2;T;True;1
1621261452000;14204492;1.2145;1.21456;1.21453;2;T;True;1
1621261453000;14204493;1.2145;1.21456;1.21453;0;T;True;1
1621261454000;14204494;1.2145;1.21456;1.21453;0;T;True;1
1621261455000;14204495;1.2145;1.21456;1.21453;0;T;True;1
1621261456000;14204497;1.21451;1.21457;1.21454;1;T;True;1
1621261457000;14204500;1.2145;1.21456;1.21453;2;T;True;1
1621261458000;14204502;1.2145;1.21456;1.21453;1;T;True;1
1621261459000;14204507;1.21446;1.21452;1.21449;4;T;True;1
1621261460000;14204510;1.21446;1.21452;1.21449;2;T;True;1
1621261461000;14204512;1.21446;1.21452;1.21449;1;T;True;1
1621261462000;14204516;1.21446;1.21452;1.21449;3;T;True;1
1621261463000;14204518;1.21446;1.21452;1.21449;1;T;True;1
1621261464000;14204523;1.21448;1.21454;1.21451;4;T;True;1
1621261465000;14204526;1.21448;1.21454;1.21451;2;T;True;1
1621261466000;14204528;1.21448;1.21454;1.21451;1;T;True;1
1621261467000;14204533;1.2145;1.21456;1.21453;4;T;True;1
1621261468000;14204535;1.2145;1.21456;1.21453;1;T;True;1
1621261469000;14204539;1.21448;1.21454;1.21451;3;T;True;1
1621261470000;14204540;1.21448;1.21454;1.21451;0;T;True;1
1621261471000;14204545;1.2145;1.21456;1.21453;4;T;True;1
1621261472000;14204548;1.2145;1.21456;1.21453;2;T;True;1
1621261473000;14204558;1.21444;1.2145;1.21447;9;T;True;1
1621261474000;14204559;1.21444;1.2145;1.21447;0;T;True;1
1621261475000;14204560;1.21444;1.2145;1.21447;0;T;True;1
1621261476000;14204563;1.21444;1.2145;1.21447;2;T;True;1
1621261477000;14204566;1.21443;1.21449;1.21446;2;T;True;1
1621261478000;14204573;1.21445;1.21451;1.21448;6;T;True;1
1621261479000;14204581;1.21448;1.21454;1.21451;7;T;True;1
1621261480000;14204582;1.21448;1.21454;1.21451;0;T;True;1
1621261481000;14204583;1.21448;1.21454;1.21451;0;T;True;1
1621261482000;14204593;1.2145;1.21456;1.21453;9;T;True;1
1621261483000;14204595;1.2145;1.21456;1.21453;1;T;True;1
1621261484000;14204596;1.2145;1.21456;1.21453;0;T;True;1
1621261485000;14204598;1.2145;1.21456;1.21453;1;T;True;1
1621261486000;14204600;1.2145;1.21456;1.21453;1;T;True;1
1621261487000;14204601;1.2145;1.21456;1.21453;0;T;True;1
1621261488000;14204603;1.2145;1.21456;1.21453;1;T;True;1
1621261489000;14204606;1.2145;1.21456;1.21453;2;T;True;1
1621261490000;14204608;1.2145;1.21456;1.21453;1;T;True;1
1621261491000;14204609;1.2145;1.21456;1.21453;0;T;True;1
1621261492000;14204610;1.2145;1.21456;1.21453;0;T;True;1
1621261493000;14204611;1.2145;1.21456;1.21453;0;T;True;1
1621261494000;14204612;1.2145;1.21456;1.21453;0;T;True;1
1621261495000;14204617;1.21452;1.21458;1.21455;4;T;True;1
1621261496000;14204619;1.21452;1.21458;1.21455;1;T;True;1
1621261497000;14204624;1.2145;1.21456;1.21453;4;T;True;1
1621261498000;14204628;1.2145;1.21456;1.21453;3;T;True;1
1621261499000;14204630;1.2145;1.21456;1.21453;1;T;True;1
1621261500000;14204631;1.2145;1.21456;1.21453;0;T;True;1
1621261501000;14204632;1.2145;1.21456;1.21453;0;T;True;1
1621261502000;14204639;1.21444;1.2145;1.21447;6;T;True;1
1621261503000;14204640;1.21444;1.2145;1.21447;0;T;True;1
1621261504000;14204647;1.21444;1.2145;1.21447;6;T;True;1
1621261505000;14204653;1.21444;1.2145;1.21447;5;T;True;1
1621261506000;14204663;1.2145;1.21456;1.21453;9;T;True;1
1621261507000;14204667;1.21452;1.21458;1.21455;3;T;True;1
1621261508000;14204668;1.21452;1.21458;1.21455;0;T;True;1
1621261509000;14204669;1.21452;1.21458;1.21455;0;T;True;1
1621261510000;14204672;1.21452;1.21458;1.21455;2;T;True;1
1621261511000;14204673;1.21452;1.21458;1.21455;0;T;True;1
1621261512000;14204676;1.21453;1.21459;1.21456;2;T;True;1
1621261513000;14204682;1.21454;1.2146;1.21457;5;T;True;1
1621261514000;14204687;1.21455;1.21461;1.21458;4;T;True;1
1621261515000;14204689;1.21456;1.21462;1.21459;1;T;True;1
1621261516000;14204701;1.21458;1.21464;1.21461;11;T;True;1
1621261517000;14204704;1.21458;1.21464;1.21461;2;T;True;1
1621261518000;14204706;1.21459;1.21465;1.21462;1;T;True;1
1621261519000;14204711;1.2146;1.21466;1.21463;4;T;True;1
1621261520000;14204712;1.2146;1.21466;1.21463;0;T;True;1
1621261521000;14204717;1.2146;1.21466;1.21463;4;T;True;1
1621261522000;14204719;1.2146;1.21466;1.21463;1;T;True;1
1621261523000;14204724;1.2146;1.21466;1.21463;4;T;True;1
1621261524000;14204725;1.2146;1.21466;1.21463;0;T;True;1
1621261525000;14204727;1.21461;1.21467;1.21464;1;T;True;1
1621261526000;14204733;1.2146;1.21466;1.21463;5;T;True;1
1621261527000;14204741;1.21465;1.21471;1.21468;7;T;True;1
1621261528000;14204742;1.21465;1.21471;1.21468;0;T;True;1
1621261529000;14204748;1.21464;1.2147;1.21467;5;T;True;1
1621261530000;14204754;1.21464;1.2147;1.21467;5;T;True;1
1621261531000;14204755;1.21464;1.2147;1.21467;0;T;True;1
1621261532000;14204762;1.21466;1.21472;1.21469;6;T;True;1
1621261533000;14204763;1.21466;1.21472;1.21469;0;T;True;1
1621261534000;14204767;1.21465;1.21471;1.21468;3;T;True;1
1621261535000;14204770;1.21464;1.2147;1.21467;2;T;True;1
1621261536000;14204775;1.21466;1.21472;1.21469;4;T;True;1
1621261537000;14204781;1.21465;1.21471;1.21468;5;T;True;1
1621261538000;14204784;1.21466;1.21472;1.21469;2;T;True;1
1621261539000;14204785;1.21466;1.21472;1.21469;0;T;True;1
1621261540000;14204786;1.21466;1.21472;1.21469;0;T;True;1
1621261541000;14204789;1.21464;1.2147;1.21467;2;T;True;1
1621261542000;14204790;1.21464;1.2147;1.21467;0;T;True;1
1621261543000;14204799;1.21456;1.21462;1.21459;8;T;True;1
1621261544000;14204803;1.2146;1.21466;1.21463;3;T;True;1
1621261545000;14204807;1.21462;1.21468;1.21465;3;T;True;1
1621261546000;14204810;1.21463;1.21469;1.21466;2;T;True;1
1621261547000;14204812;1.21462;1.21468;1.21465;1;T;True;1
1621261548000;14204815;1.21462;1.21468;1.21465;2;T;True;1
1621261549000;14204817;1.21462;1.21468;1.21465;1;T;True;1
1621261550000;14204823;1.2146;1.21466;1.21463;5;T;True;1
1621261551000;14204832;1.2146;1.21466;1.21463;8;T;True;1
1621261552000;14204839;1.2146;1.21466;1.21463;6;T;True;1
1621261553000;14204843;1.21462;1.21468;1.21465;3;T;True;1
1621261554000;14204844;1.21462;1.21468;1.21465;0;T;True;1
1621261555000;14204846;1.21461;1.21467;1.21464;1;T;True;1
1621261556000;14204848;1.21462;1.21468;1.21465;1;T;True;1
1621261557000;14204851;1.21462;1.21468;1.21465;2;T;True;1
1621261558000;14204852;1.21462;1.21468;1.21465;0;T;True;1
1621261559000;14204856;1.21461;1.21467;1.21464;3;T;True;1
1621261560000;14204860;1.2146;1.21466;1.21463;3;T;True;1
1621261561000;14204873;1.21456;1.21462;1.21459;12;T;True;1
1621261562000;14204875;1.21457;1.21463;1.2146;1;T;True;1
1621261563000;14204879;1.21458;1.21464;1.21461;3;T;True;1
1621261564000;14204886;1.2146;1.21466;1.21463;6;T;True;1
1621261565000;14204890;1.21459;1.21465;1.21462;3;T;True;1
1621261566000;14204892;1.21459;1.21465;1.21462;1;T;True;1
1621261567000;14204894;1.2146;1.21466;1.21463;1;T;True;1
1621261568000;14204895;1.2146;1.21466;1.21463;0;T;True;1
1621261569000;14204896;1.2146;1.21466;1.21463;0;T;True;1
1621261570000;14204897;1.2146;1.21466;1.21463;0;T;True;1
1621261571000;14204899;1.2146;1.21466;1.21463;1;T;True;1
1621261572000;14204900;1.2146;1.21466;1.21463;0;T;True;1
1621261573000;14204901;1.2146;1.21466;1.21463;0;T;True;1
1621261574000;14204902;1.2146;1.21466;1.21463;0;T;True;1
1621261575000;14204903;1.2146;1.21466;1.21463;0;T;True;1
1621261576000;14204909;1.21465;1.21471;1.21468;5;T;True;1
1621261577000;14204912;1.21465;1.21471;1.21468;2;T;True;1
1621261578000;14204916;1.21466;1.21472;1.21469;3;T;True;1
1621261579000;14204922;1.21467;1.21473;1.2147;5;T;True;1
1621261580000;14204924;1.21467;1.21473;1.2147;1;T;True;1
1621261581000;14204928;1.21466;1.21472;1.21469;3;T;True;1
1621261582000;14204931;1.21466;1.21472;1.21469;2;T;True;1
1621261583000;14204932;1.21466;1.21472;1.21469;0;T;True;1
1621261584000;14204933;1.21466;1.21472;1.21469;0;T;True;1
1621261585000;14204934;1.21466;1.21472;1.21469;0;T;True;1
1621261586000;14204941;1.21466;1.21472;1.21469;6;T;True;1
1621261587000;14204946;1.21468;1.21474;1.21471;4;T;True;1
1621261588000;14204950;1.21467;1.21473;1.2147;3;T;True;1
1621261589000;14204957;1.21468;1.21474;1.21471;6;T;True;1
1621261590000;14204961;1.21468;1.21474;1.21471;3;T;True;1
1621261591000;14204966;1.2147;1.21476;1.21473;4;T;True;1
1621261592000;14204968;1.2147;1.21476;1.21473;1;T;True;1
1621261593000;14204969;1.2147;1.21476;1.21473;0;T;True;1
1621261594000;14204970;1.2147;1.21476;1.21473;0;T;True;1
1621261595000;14204971;1.2147;1.21476;1.21473;0;T;True;1
