ts;n;bid;ask;value;volume;phase;round;active_id
1621249062000;14166628;1.2168;1.21686;1.21683;0;T;True;1
1621249063000;14166634;1.2168;1.21686;1.21683;5;T;True;1
1621249064000;14166637;1.2168;1.21686;1.21683;2;T;True;1
1621249065000;14166638;1.2168;1.21686;1.21683;0;T;True;1
1621249066000;14166648;1.21674;1.2168;1.21677;9;T;True;1
1621249067000;14166655;1.21675;1.21681;1.21678;6;T;True;1
1621249068000;14166658;1.21675;1.21681;1.21678;2;T;True;1
1621249069000;14166659;1.21675;1.21681;1.21678;0;T;True;1
1621249070000;14166663;1.21674;1.2168;1.21677;3;T;True;1
1621249071000;14166664;1.21674;1.2168;1.21677;0;T;True;1
1621249072000;14166665;1.21674;1.2168;1.21677;0;T;True;1
1621249073000;14166667;1.21674;1.2168;1.21677;1;T;True;1
1621249074000;14166672;1.21674;1.2168;1.21677;4;T;True;1
1621249075000;14166676;1.21674;1.2168;1.21677;3;T;True;1
1621249076000;14166678;1.21674;1.2168;1.21677;1;T;True;1
1621249077000;14166679;1.21674;1.2168;1.21677;0;T;True;1
1621249078000;14166684;1.21674;1.2168;1.21677;4;T;True;1
1621249079000;14166693;1.21674;1.2168;1.21677;8;T;True;1
1621249080000;14166697;1.21673;1.21679;1.21676;3;T;True;1
1621249081000;14166698;1.21673;1.21679;1.21676;0;T;True;1
1621249082000;14166705;1.21675;1.21681;1.21678;6;T;True;1
1621249083000;14166714;1.21678;1.21684;1.21681;8;T;True;1
1621249084000;14166719;1.21676;1.21682;1.21679;4;T;True;1
1621249085000;14166720;1.21676;1.21682;1.21679;0;T;True;1
1621249086000;14166721;1.21676;1.21682;1.21679;0;T;True;1
1621249087000;14166726;1.2168;1.21686;1.21683;4;T;True;1
1621249088000;14166728;1.2168;1.21686;1.21683;1;T;True;1
1621249089000;14166730;1.2168;1.21686;1.21683;1;T;True;1
1621249090000;14166731;1.2168;1.21686;1.21683;0;T;True;1
1621249091000;14166733;1.21681;1.21687;1.21684;1;T;True;1
1621249092000;14166739;1.21682;1.21688;1.21685;5;T;True;1
1621249093000;14166742;1.21682;1.21688;1.21685;2;T;True;1
1621249094000;14166744;1.21682;1.21688;1.21685;1;T;True;1
1621249095000;14166746;1.21682;1.21688;1.21685;1;T;True;1
1621249096000;14166749;1.21681;1.21687;1.21684;2;T;True;1
1621249097000;14166751;1.21681;1.21687;1.21684;1;T;True;1
1621249098000;14166756;1.2168;1.21686;1.21683;4;T;True;1
1621249099000;14166760;1.2168;1.21686;1.21683;3;T;True;1
1621249100000;14166763;1.2168;1.21686;1.21683;2;T;True;1
1621249101000;14166772;1.2168;1.21686;1.21683;8;T;True;1
1621249102000;14166776;1.2168;1.21686;1.21683;3;T;True;1
1621249103000;14166778;1.2168;1.21686;1.21683;1;T;True;1
1621249104000;14166781;1.21678;1.21684;1.21681;2;T;True;1
1621249105000;14166782;1.21678;1.21684;1.21681;0;T;True;1
1621249106000;14166788;1.21675;1.21681;1.21678;5;T;True;1
1621249107000;14166790;1.21675;1.21681;1.21678;1;T;True;1
1621249108000;14166796;1.21672;1.21678;1.21675;5;T;True;1
1621249109000;14166797;1.21672;1.21678;1.21675;0;T;True;1
1621249110000;14166798;1.21672;1.21678;1.21675;0;T;True;1
1621249111000;14166799;1.21672;1.21678;1.21675;0;T;True;1
1621249112000;14166800;1.21672;1.21678;1.21675;0;T;True;1
1621249113000;14166803;1.21672;1.21678;1.21675;2;T;True;1
1621249114000;14166804;1.21672;1.21678;1.21675;0;T;True;1
1621249115000;14166806;1.2167;1.21676;1.21673;1;T;True;1
1621249116000;14166807;1.2167;1.21676;1.21673;0;T;True;1
1621249117000;14166808;1.2167;1.21676;1.21673;0;T;True;1
1621249118000;14166809;1.2167;1.21676;1.21673;0;T;True;1
1621249119000;14166810;1.2167;1.21676;1.21673;0;T;True;1
1621249120000;14166813;1.2167;1.21676;1.21673;2;T;True;1
1621249121000;14166814;1.2167;1.21676;1.21673;0;T;True;1
1621249122000;14166820;1.2167;1.21676;1.21673;5;T;True;1
1621249123000;14166824;1.21672;1.21678;1.21675;3;T;True;1
1621249124000;14166825;1.21672;1.21678;1.21675;0;T;True;1
1621249125000;14166826;1.21672;1.21678;1.21675;0;T;True;1
1621249126000;14166827;1.21672;1.21678;1.21675;0;T;True;1
1621249127000;14166830;1.21672;1.21678;1.21675;2;T;True;1
1621249128000;14166838;1.2167;1.21676;1.21673;7;T;True;1
1621249129000;14166840;1.2167;1.21676;1.21673;1;T;True;1
1621249130000;14166843;1.2167;1.21676;1.21673;2;T;True;1
1621249131000;14166846;1.2167;1.21676;1.21673;2;T;True;1
1621249132000;14166849;1.2167;1.21676;1.21673;2;T;True;1
1621249133000;14166856;1.2167;1.21676;1.21673;6;T;True;1
1621249134000;14166858;1.21669;1.21675;1.21672;1;T;True;1
1621249135000;14166861;1.2167;1.21676;1.21673;2;T;True;1
1621249136000;14166863;1.21672;1.21678;1.21675;1;T;True;1
1621249137000;14166866;1.21671;1.21677;1.21674;2;T;True;1
1621249138000;14166868;1.21671;1.21677;1.21674;1;T;True;1
1621249139000;14166869;1.21671;1.21677;1.21674;0;T;True;1
1621249140000;14166873;1.21672;1.21678;1.21675;3;T;True;1
1621249141000;14166874;1.21672;1.21678;1.21675;0;T;True;1
1621249142000;14166875;1.21672;1.21678;1.21675;0;T;True;1
1621249143000;14166876;1.21672;1.21678;1.21675;0;T;True;1
1621249144000;14166877;1.21672;1.21678;1.21675;0;T;True;1
1621249145000;14166878;1.21672;1.21678;1.21675;0;T;True;1
1621249146000;14166879;1.21672;1.21678;1.21675;0;T;True;1
1621249147000;14166881;1.21671;1.21677;1.21674;1;T;True;1
1621249148000;14166882;1.21671;1.21677;1.21674;0;T;True;1
1621249149000;14166885;1.21672;1.21678;1.21675;2;T;True;1
1621249150000;14166888;1.21671;1.21677;1.21674;2;T;True;1
1621249151000;14166889;1.21671;1.21677;1.21674;0;T;True;1
1621249152000;14166892;1.21672;1.21678;1.21675;2;T;True;1
1621249153000;14166893;1.21672;1.21678;1.21675;0;T;True;1
1621249154000;14166894;1.21672;1.21678;1.21675;0;T;True;1
1621249155000;14166898;1.2167;1.21676;1.21673;3;T;True;1
1621249156000;14166900;1.21669;1.21675;1.21672;1;T;True;1
1621249157000;14166902;1.21669;1.21675;1.21672;1;T;True;1
1621249158000;14166904;1.21669;1.21675;1.21672;1;T;True;1
1621249159000;14166905;1.21669;1.21675;1.21672;0;T;True;1
1621249160000;14166909;1.21666;1.21672;1.21669;3;T;True;1
1621249161000;14166911;1.21665;1.21671;1.21668;1;T;True;1
1621249162000;14166916;1.21665;1.21671;1.21668;4;T;True;1
1621249163000;14166919;1.21664;1.2167;1.21667;2;T;True;1
1621249164000;14166924;1.21665;1.21671;1.21668;4;T;True;1
1621249165000;14166931;1.21663;1.21669;1.21666;6;T;True;1
1621249166000;14166933;1.21663;1.21669;1.21666;1;T;True;1
1621249167000;14166936;1.21663;1.21669;1.21666;2;T;True;1
1621249168000;14166937;1.21663;1.21669;1.21666;0;T;True;1
1621249169000;14166939;1.21663;1.21669;1.21666;1;T;True;1
1621249170000;14166940;1.21663;1.21669;1.21666;0;T;True;1
1621249171000;14166943;1.21664;1.2167;1.21667;2;T;True;1
1621249172000;14166944;1.21664;1.2167;1.21667;0;T;True;1
1621249173000;14166945;1.21664;1.2167;1.21667;0;T;True;1
1621249174000;14166950;1.21666;1.21672;1.21669;4;T;True;1
1621249175000;14166954;1.21666;1.21672;1.21669;3;T;True;1
1621249176000;14166955;1.21666;1.21672;1.21669;0;T;True;1
1621249177000;14166956;1.21666;1.21672;1.21669;0;T;True;1
1621249178000;14166957;1.21666;1.21672;1.21669;0;T;True;1
1621249179000;14166959;1.21666;1.21672;1.21669;1;T;True;1
1621249180000;14166962;1.21664;1.2167;1.21667;2;T;True;1
1621249181000;14166966;1.21667;1.21673;1.2167;3;T;True;1
1621249182000;14166968;1.21666;1.21672;1.21669;1;T;True;1
1621249183000;14166969;1.21666;1.21672;1.21669;0;T;True;1
1621249184000;14166971;1.21666;1.21672;1.21669;1;T;True;1
1621249185000;14166976;1.21666;1.21672;1.21669;4;T;True;1
1621249186000;14166980;1.21666;1.21672;1.21669;3;T;True;1
1621249187000;14166984;1.21666;1.21672;1.21669;3;T;True;1
1621249188000;14166986;1.21666;1.21672;1.21669;1;T;True;1
1621249189000;14166988;1.21666;1.21672;1.21669;1;T;True;1
1621249190000;14166990;1.21666;1.21672;1.21669;1;T;True;1
1621249191000;14166993;1.21666;1.21672;1.21669;2;T;True;1
1621249192000;14166994;1.21666;1.21672;1.21669;0;T;True;1
1621249193000;14166995;1.21666;1.21672;1.21669;0;T;True;1
1621249194000;14166996;1.21666;1.21672;1.21669;0;T;True;1
1621249195000;14167001;1.21666;1.21672;1.21669;4;T;True;1
1621249196000;14167005;1.21664;1.2167;1.21667;3;T;True;1
1621249197000;14167009;1.21665;1.21671;1.21668;3;T;True;1
1621249198000;14167010;1.21665;1.21671;1.21668;0;T;True;1
1621249199000;14167015;1.21665;1.21671;1.21668;4;T;True;1
1621249200000;14167018;1.21665;1.21671;1.21668;2;T;True;1
1621249201000;14167022;1.21666;1.21672;1.21669;3;T;True;1
1621249202000;14167029;1.21666;1.21672;1.21669;6;T;True;1
1621249203000;14167036;1.21666;1.21672;1.21669;6;T;True;1
1621249204000;14167043;1.21666;1.21672;1.21669;6;T;True;1
1621249205000;14167055;1.2166;1.21666;1.21663;11;T;True;1
1621249206000;14167056;1.2166;1.21666;1.21663;0;T;True;1
1621249207000;14167060;1.21659;1.21665;1.21662;3;T;True;1
1621249208000;14167062;1.21659;1.21665;1.21662;1;T;True;1
1621249209000;14167064;1.21659;1.21665;1.21662;1;T;True;1
1621249210000;14167071;1.21658;1.21664;1.21661;6;T;True;1
1621249211000;14167073;1.21658;1.21664;1.21661;1;T;True;1
1621249212000;14167078;1.21658;1.21664;1.21661;4;T;True;1
1621249213000;14167081;1.2166;1.21666;1.21663;2;T;True;1
1621249214000;14167085;1.2166;1.21666;1.21663;3;T;True;1
1621249215000;14167095;1.21654;1.2166;1.21657;9;T;True;1
1621249216000;14167100;1.21657;1.21663;1.2166;4;T;True;1
1621249217000;14167109;1.21658;1.21664;1.21661;8;T;True;1
1621249218000;14167113;1.21658;1.21664;1.21661;3;T;True;1
1621249219000;14167118;1.2166;1.21666;1.21663;4;T;True;1
1621249220000;14167122;1.21656;1.21662;1.21659;3;T;True;1
1621249221000;14167124;1.21656;1.21662;1.21659;1;T;True;1
1621249222000;14167131;1.21658;1.21664;1.21661;6;T;True;1
1621249223000;14167132;1.21658;1.21664;1.21661;0;T;True;1
1621249224000;14167133;1.21658;1.21664;1.21661;0;T;True;1
1621249225000;14167137;1.2166;1.21666;1.21663;3;T;True;1
1621249226000;14167139;1.2166;1.21666;1.21663;1;T;True;1
1621249227000;14167140;1.2166;1.21666;1.21663;0;T;True;1
1621249228000;14167147;1.21658;1.21664;1.21661;6;T;True;1
1621249229000;14167155;1.21654;1.2166;1.21657;7;T;True;1
1621249230000;14167156;1.21654;1.2166;1.21657;0;T;True;1
1621249231000;14167169;1.21657;1.21663;1.2166;12;T;True;1
1621249232000;14167173;1.21658;1.21664;1.21661;3;T;True;1
1621249233000;14167174;1.21658;1.21664;1.21661;0;T;True;1
1621249234000;14167176;1.21659;1.21665;1.21662;1;T;True;1
1621249235000;14167181;1.21658;1.21664;1.21661;4;T;True;1
1621249236000;14167182;1.21658;1.21664;1.21661;0;T;True;1
1621249237000;14167183;1.21658;1.21664;1.21661;0;T;True;1
1621249238000;14167186;1.21658;1.21664;1.21661;2;T;True;1
1621249239000;14167189;1.21658;1.21664;1.21661;2;T;True;1
1621249240000;14167190;1.21658;1.21664;1.21661;0;T;True;1
1621249241000;14167196;1.21656;1.21662;1.21659;5;T;True;1
1621249242000;14167197;1.21656;1.21662;1.21659;0;T;True;1
1621249243000;14167198;1.21656;1.21662;1.21659;0;T;True;1
1621249244000;14167200;1.21656;1.21662;1.21659;1;T;True;1
1621249245000;14167201;1.21656;1.21662;1.21659;0;T;True;1
1621249246000;14167206;1.21653;1.21659;1.21656;4;T;True;1
1621249247000;14167207;1.21653;1.21659;1.21656;0;T;True;1
1621249248000;14167219;1.21647;1.21653;1.2165;11;T;True;1
1621249249000;14167228;1.21647;1.21653;1.2165;8;T;True;1
1621249250000;14167234;1.21647;1.21653;1.2165;5;T;True;1
1621249251000;14167238;1.21647;1.21653;1.2165;3;T;True;1
1621249252000;14167246;1.21648;1.21654;1.21651;7;T;True;1
1621249253000;14167249;1.21647;1.21653;1.2165;2;T;True;1
1621249254000;14167253;1.21647;1.21653;1.2165;3;T;True;1
1621249255000;14167259;1.21648;1.21654;1.21651;5;T;True;1
1621249256000;14167261;1.21648;1.21654;1.21651;1;T;True;1
1621249257000;14167263;1.21648;1.21654;1.21651;1;T;True;1
1621249258000;14167267;1.21647;1.21653;1.2165;3;T;True;1
1621249259000;14167270;1.21647;1.21653;1.2165;2;T;True;1
1621249260000;14167275;1.21644;1.2165;1.21647;4;T;True;1
1621249261000;14167280;1.21644;1.2165;1.21647;4;T;True;1
1621249262000;14167281;1.21644;1.2165;1.21647;0;T;True;1
1621249263000;14167287;1.21646;1.21652;1.21649;5;T;True;1
1621249264000;14167288;1.21646;1.21652;1.21649;0;T;True;1
1621249265000;14167292;1.21646;1.21652;1.21649;3;T;True;1
1621249266000;14167293;1.21646;1.21652;1.21649;0;T;True;1
1621249267000;14167294;1.21646;1.21652;1.21649;0;T;True;1
1621249268000;14167298;1.21646;1.21652;1.21649;3;T;True;1
1621249269000;14167302;1.21646;1.21652;1.21649;3;T;True;1
1621249270000;14167303;1.21646;1.21652;1.21649;0;T;True;1
1621249271000;14167304;1.21646;1.21652;1.21649;0;T;True;1
1621249272000;14167312;1.21643;1.21649;1.21646;7;T;True;1
1621249273000;14167314;1.21643;1.21649;1.21646;1;T;True;1
1621249274000;14167316;1.21644;1.2165;1.21647;1;T;True;1
1621249275000;14167319;1.21643;1.21649;1.21646;2;T;True;1
1621249276000;14167330;1.21639;1.21645;1.21642;10;T;True;1
1621249277000;14167338;1.2164;1.21646;1.21643;7;T;True;1
1621249278000;14167346;1.2164;1.21646;1.21643;7;T;True;1
1621249279000;14167347;1.2164;1.21646;1.21643;0;T;True;1
1621249280000;14167350;1.2164;1.21646;1.21643;2;T;True;1
1621249281000;14167352;1.2164;1.21646;1.21643;1;T;True;1
1621249282000;14167354;1.21641;1.21647;1.21644;1;T;True;1
1621249283000;14167362;1.21641;1.21647;1.21644;7;T;True;1
1621249284000;14167367;1.21639;1.21645;1.21642;4;T;True;1
1621249285000;14167370;1.21638;1.21644;1.21641;2;T;True;1
1621249286000;14167371;1.21638;1.21644;1.21641;0;T;True;1
1621249287000;14167373;1.21638;1.21644;1.21641;1;T;True;1
1621249288000;14167374;1.21638;1.21644;1.21641;0;T;True;1
1621249289000;14167378;1.21638;1.21644;1.21641;3;T;True;1
1621249290000;14167380;1.21638;1.21644;1.21641;1;T;True;1
1621249291000;14167381;1.21638;1.21644;1.21641;0;T;True;1
1621249292000;14167382;1.21638;1.21644;1.21641;0;T;True;1
1621249293000;14167385;1.21638;1.21644;1.21641;2;T;True;1
1621249294000;14167387;1.21638;1.21644;1.21641;1;T;True;1
1621249295000;14167388;1.21638;1.21644;1.21641;0;T;True;1
1621249296000;14167390;1.21638;1.21644;1.21641;1;T;True;1
1621249297000;14167403;1.21642;1.21648;1.21645;12;T;True;1
1621249298000;14167404;1.21642;1.21648;1.21645;0;T;True;1
1621249299000;14167409;1.21642;1.21648;1.21645;4;T;True;1
1621249300000;14167420;1.2164;1.21646;1.21643;10;T;True;1
1621249301000;14167427;1.21642;1.21648;1.21645;6;T;True;1
1621249302000;14167429;1.21642;1.21648;1.21645;1;T;True;1
1621249303000;14167430;1.21642;1.21648;1.21645;0;T;True;1
1621249304000;14167437;1.21643;1.21649;1.21646;6;T;True;1
1621249305000;14167439;1.21644;1.2165;1.21647;1;T;True;1
1621249306000;14167441;1.21644;1.2165;1.21647;1;T;True;1
1621249307000;14167446;1.21644;1.2165;1.21647;4;T;True;1
1621249308000;14167448;1.21643;1.21649;1.21646;1;T;True;1
1621249309000;14167449;1.21643;1.21649;1.21646;0;T;True;1
1621249310000;14167451;1.21643;1.21649;1.21646;1;T;True;1
1621249311000;14167456;1.21643;1.21649;1.21646;4;T;True;1
1621249312000;14167461;1.2164;1.21646;1.21643;4;T;True;1
1621249313000;14167462;1.2164;1.21646;1.21643;0;T;True;1
1621249314000;14167470;1.21644;1.2165;1.21647;7;T;True;1
1621249315000;14167471;1.21644;1.2165;1.21647;0;T;True;1
1621249316000;14167472;1.21644;1.2165;1.21647;0;T;True;1
1621249317000;14167477;1.2164;1.21646;1.21643;4;T;True;1
1621249318000;14167479;1.2164;1.21646;1.21643;1;T;True;1
1621249319000;14167480;1.2164;1.21646;1.21643;0;T;True;1
1621249320000;14167483;1.2164;1.21646;1.21643;2;T;True;1
1621249321000;14167488;1.21639;1.21645;1.21642;4;T;True;1
1621249322000;14167490;1.21639;1.21645;1.21642;1;T;True;1
1621249323000;14167492;1.21639;1.21645;1.21642;1;T;True;1
1621249324000;14167497;1.21638;1.21644;1.21641;4;T;True;1
1621249325000;14167500;1.21638;1.21644;1.21641;2;T;True;1
1621249326000;14167502;1.21638;1.21644;1.21641;1;T;True;1
1621249327000;14167503;1.21638;1.21644;1.21641;0;T;True;1
1621249328000;14167504;1.21638;1.21644;1.21641;0;T;True;1
1621249329000;14167519;1.21636;1.21642;1.21639;14;T;True;1
1621249330000;14167527;1.21638;1.21644;1.21641;7;T;True;1
1621249331000;14167529;1.21638;1.21644;1.21641;1;T;True;1
1621249332000;14167530;1.21638;1.21644;1.21641;0;T;True;1
1621249333000;14167532;1.21636;1.21642;1.21639;1;T;True;1
1621249334000;14167534;1.21636;1.21642;1.21639;1;T;True;1
1621249335000;14167535;1.21636;1.21642;1.21639;0;T;True;1
1621249336000;14167536;1.21636;1.21642;1.21639;0;T;True;1
1621249337000;14167539;1.21636;1.21642;1.21639;2;T;True;1
1621249338000;14167541;1.21636;1.21642;1.21639;1;T;True;1
1621249339000;14167544;1.21636;1.21642;1.21639;2;T;True;1
1621249340000;14167545;1.21636;1.21642;1.21639;0;T;True;1
1621249341000;14167546;1.21636;1.21642;1.21639;0;T;True;1
1621249342000;14167547;1.21636;1.21642;1.21639;0;T;True;1
1621249343000;14167556;1.21639;1.21645;1.21642;8;T;True;1
1621249344000;14167557;1.21639;1.21645;1.21642;0;T;True;1
1621249345000;14167560;1.21638;1.21644;1.21641;2;T;True;1
1621249346000;14167561;1.21638;1.21644;1.21641;0;T;True;1
1621249347000;14167562;1.21638;1.21644;1.21641;0;T;True;1
1621249348000;14167563;1.21638;1.21644;1.21641;0;T;True;1
1621249349000;14167564;1.21638;1.21644;1.21641;0;T;True;1
1621249350000;14167570;1.21636;1.21642;1.21639;5;T;True;1
1621249351000;14167571;1.21636;1.21642;1.21639;0;T;True;1
1621249352000;14167576;1.21634;1.2164;1.21637;4;T;True;1
1621249353000;14167580;1.21634;1.2164;1.21637;3;T;True;1
1621249354000;14167583;1.21634;1.2164;1.21637;2;T;True;1
1621249355000;14167584;1.21634;1.2164;1.21637;0;T;True;1
1621249356000;14167585;1.21634;1.2164;1.21637;0;T;True;1
1621249357000;14167589;1.21634;1.2164;1.21637;3;T;True;1
1621249358000;14167590;1.21634;1.2164;1.21637;0;T;True;1
1621249359000;14167591;1.21634;1.2164;1.21637;0;T;True;1
1621249360000;14167594;1.21634;1.2164;1.21637;2;T;True;1
1621249361000;14167599;1.21633;1.21639;1.21636;4;T;True;1
1621249362000;14167601;1.21633;1.21639;1.21636;1;T;True;1
1621249363000;14167604;1.21633;1.21639;1.21636;2;T;True;1
1621249364000;14167605;1.21633;1.21639;1.21636;0;T;True;1
1621249365000;14167607;1.21633;1.21639;1.21636;1;T;True;1
1621249366000;14167608;1.21633;1.21639;1.21636;0;T;True;1
1621249367000;14167609;1.21633;1.21639;1.21636;0;T;True;1
1621249368000;14167611;1.21633;1.21639;1.21636;1;T;True;1
1621249369000;14167612;1.21633;1.21639;1.21636;0;T;True;1
1621249370000;14167615;1.21633;1.21639;1.21636;2;T;True;1
1621249371000;14167617;1.21634;1.2164;1.21637;1;T;True;1
1621249372000;14167618;1.21634;1.2164;1.21637;0;T;True;1
1621249373000;14167624;1.21634;1.2164;1.21637;5;T;True;1
1621249374000;14167628;1.21636;1.21642;1.21639;3;T;True;1
1621249375000;14167629;1.21636;1.21642;1.21639;0;T;True;1
1621249376000;14167630;1.21636;1.21642;1.21639;0;T;True;1
1621249377000;14167633;1.21634;1.2164;1.21637;2;T;True;1
1621249378000;14167635;1.21634;1.2164;1.21637;1;T;True;1
1621249379000;14167636;1.21634;1.2164;1.21637;0;T;True;1
1621249380000;14167637;1.21634;1.2164;1.21637;0;T;True;1
1621249381000;14167641;1.21634;1.2164;1.21637;3;T;True;1
1621249382000;14167643;1.21634;1.2164;1.21637;1;T;True;1
1621249383000;14167645;1.21636;1.21642;1.21639;1;T;True;1
1621249384000;14167646;1.21636;1.21642;1.21639;0;T;True;1
1621249385000;14167647;1.21636;1.21642;1.21639;0;T;True;1
1621249386000;14167648;1.21636;1.21642;1.21639;0;T;True;1
1621249387000;14167649;1.21636;1.21642;1.21639;0;T;True;1
1621249388000;14167653;1.21638;1.21644;1.21641;3;T;True;1
1621249389000;14167656;1.21641;1.21647;1.21644;2;T;True;1
1621249390000;14167657;1.21641;1.21647;1.21644;0;T;True;1
1621249391000;14167665;1.21642;1.21648;1.21645;7;T;True;1
1621249392000;14167669;1.21642;1.21648;1.21645;3;T;True;1
1621249393000;14167671;1.21642;1.21648;1.21645;1;T;True;1
1621249394000;14167672;1.21642;1.21648;1.21645;0;T;True;1
1621249395000;14167674;1.21642;1.21648;1.21645;1;T;True;1
1621249396000;14167676;1.21642;1.21648;1.21645;1;T;True;1
1621249397000;14167677;1.21642;1.21648;1.21645;0;T;True;1
1621249398000;14167678;1.21642;1.21648;1.21645;0;T;True;1
1621249399000;14167679;1.21642;1.21648;1.21645;0;T;True;1
1621249400000;14167680;1.21642;1.21648;1.21645;0;T;True;1
1621249401000;14167681;1.21642;1.21648;1.21645;0;T;True;1
1621249402000;14167683;1.21642;1.21648;1.21645;1;T;True;1
1621249403000;14167684;1.21642;1.21648;1.21645;0;T;True;1
1621249404000;14167694;1.21634;1.2164;1.21637;9;T;True;1
1621249405000;14167695;1.21634;1.2164;1.21637;0;T;True;1
1621249406000;14167697;1.21634;1.2164;1.21637;1;T;True;1
1621249407000;14167699;1.21633;1.21639;1.21636;1;T;True;1
1621249408000;14167700;1.21633;1.21639;1.21636;0;T;True;1
1621249409000;14167702;1.21634;1.2164;1.21637;1;T;True;1
1621249410000;14167705;1.21634;1.2164;1.21637;2;T;True;1
1621249411000;14167710;1.21634;1.2164;1.21637;4;T;True;1
1621249412000;14167711;1.21634;1.2164;1.21637;0;T;True;1
1621249413000;14167712;1.21634;1.2164;1.21637;0;T;True;1
1621249414000;14167713;1.21634;1.2164;1.21637;0;T;True;1
1621249415000;14167715;1.21634;1.2164;1.21637;1;T;True;1
1621249416000;14167720;1.21634;1.2164;1.21637;4;T;True;1
1621249417000;14167721;1.21634;1.2164;1.21637;0;T;True;1
1621249418000;14167724;1.21634;1.2164;1.21637;2;T;True;1
1621249419000;14167725;1.21634;1.2164;1.21637;0;T;True;1
1621249420000;14167727;1.21634;1.2164;1.21637;1;T;True;1
1621249421000;14167729;1.21634;1.2164;1.21637;1;T;True;1
1621249422000;14167730;1.21634;1.2164;1.21637;0;T;True;1
1621249423000;14167732;1.21634;1.2164;1.21637;1;T;True;1
1621249424000;14167736;1.21636;1.21642;1.21639;3;T;True;1
1621249425000;14167745;1.21636;1.21642;1.21639;8;T;True;1
1621249426000;14167748;1.21636;1.21642;1.21639;2;T;True;1
1621249427000;14167752;1.21635;1.21641;1.21638;3;T;True;1
1621249428000;14167753;1.21635;1.21641;1.21638;0;T;True;1
1621249429000;14167754;1.21635;1.21641;1.21638;0;T;True;1
1621249430000;14167757;1.21635;1.21641;1.21638;2;T;True;1
1621249431000;14167759;1.21635;1.21641;1.21638;1;T;True;1
1621249432000;14167760;1.21635;1.21641;1.21638;0;T;True;1
1621249433000;14167763;1.21635;1.21641;1.21638;2;T;True;1
1621249434000;14167770;1.21636;1.21642;1.21639;6;T;True;1
1621249435000;14167771;1.21636;1.21642;1.21639;0;T;True;1
1621249436000;14167772;1.21636;1.21642;1.21639;0;T;True;1
1621249437000;14167781;1.2164;1.21646;1.21643;8;T;True;1
1621249438000;14167782;1.2164;1.21646;1.21643;0;T;True;1
1621249439000;14167783;1.2164;1.21646;1.21643;0;T;True;1
1621249440000;14167784;1.2164;1.21646;1.21643;0;T;True;1
1621249441000;14167787;1.2164;1.21646;1.21643;2;T;True;1
1621249442000;14167788;1.2164;1.21646;1.21643;0;T;True;1
1621249443000;14167790;1.21639;1.21645;1.21642;1;T;True;1
1621249444000;14167791;1.21639;1.21645;1.21642;0;T;True;1
1621249445000;14167792;1.21639;1.21645;1.21642;0;T;True;1
1621249446000;14167793;1.21639;1.21645;1.21642;0;T;True;1
1621249447000;14167794;1.21639;1.21645;1.21642;0;T;True;1
1621249448000;14167795;1.21639;1.21645;1.21642;0;T;True;1
1621249449000;14167796;1.21639;1.21645;1.21642;0;T;True;1
1621249450000;14167797;1.21639;1.21645;1.21642;0;T;True;1
1621249451000;14167798;1.21639;1.21645;1.21642;0;T;True;1
1621249452000;14167801;1.21637;1.21643;1.2164;2;T;True;1
1621249453000;14167809;1.21638;1.21644;1.21641;7;T;True;1
1621249454000;14167812;1.2164;1.21646;1.21643;2;T;True;1
1621249455000;14167815;1.2164;1.21646;1.21643;2;T;True;1
1621249456000;14167819;1.21639;1.21645;1.21642;3;T;True;1
1621249457000;14167820;1.21639;1.21645;1.21642;0;T;True;1
1621249458000;14167822;1.21639;1.21645;1.21642;1;T;True;1
1621249459000;14167823;1.21639;1.21645;1.21642;0;T;True;1
1621249460000;14167827;1.21639;1.21645;1.21642;3;T;True;1
1621249461000;14167830;1.21639;1.21645;1.21642;2;T;True;1
1621249462000;14167831;1.21639;1.21645;1.21642;0;T;True;1
1621249463000;14167832;1.21639;1.21645;1.21642;0;T;True;1
1621249464000;14167836;1.2164;1.21646;1.21643;3;T;True;1
1621249465000;14167840;1.21639;1.21645;1.21642;3;T;True;1
1621249466000;14167841;1.21639;1.21645;1.21642;0;T;True;1
1621249467000;14167849;1.21638;1.21644;1.21641;7;T;True;1
1621249468000;14167853;1.21638;1.21644;1.21641;3;T;True;1
1621249469000;14167857;1.21638;1.21644;1.21641;3;T;True;1
1621249470000;14167858;1.21638;1.21644;1.21641;0;T;True;1
1621249471000;14167864;1.21641;1.21647;1.21644;5;T;True;1
1621249472000;14167871;1.21638;1.21644;1.21641;6;T;True;1
1621249473000;14167872;1.21638;1.21644;1.21641;0;T;True;1
1621249474000;14167873;1.21638;1.21644;1.21641;0;T;True;1
1621249475000;14167874;1.21638;1.21644;1.21641;0;T;True;1
1621249476000;14167875;1.21638;1.21644;1.21641;0;T;True;1
1621249477000;14167876;1.21638;1.21644;1.21641;0;T;True;1
1621249478000;14167883;1.21636;1.21642;1.21639;6;T;True;1
1621249479000;14167888;1.21634;1.2164;1.21637;4;T;True;1
1621249480000;14167889;1.21634;1.2164;1.21637;0;T;True;1
1621249481000;14167896;1.21634;1.2164;1.21637;6;T;True;1
1621249482000;14167899;1.21634;1.2164;1.21637;2;T;True;1
1621249483000;14167900;1.21634;1.2164;1.21637;0;T;True;1
1621249484000;14167906;1.21634;1.2164;1.21637;5;T;True;1
1621249485000;14167914;1.21632;1.21638;1.21635;7;T;True;1
1621249486000;14167923;1.21632;1.21638;1.21635;8;T;True;1
1621249487000;14167926;1.21632;1.21638;1.21635;2;T;True;1
1621249488000;14167932;1.21634;1.2164;1.21637;5;T;True;1
1621249489000;14167934;1.21634;1.2164;1.21637;1;T;True;1
1621249490000;14167937;1.21634;1.2164;1.21637;2;T;True;1
1621249491000;14167943;1.21632;1.21638;1.21635;5;T;True;1
1621249492000;14167946;1.21633;1.21639;1.21636;2;T;True;1
1621249493000;14167948;1.21633;1.21639;1.21636;1;T;True;1
1621249494000;14167949;1.21633;1.21639;1.21636;0;T;True;1
1621249495000;14167950;1.21633;1.21639;1.21636;0;T;True;1
1621249496000;14167952;1.21633;1.21639;1.21636;1;T;True;1
1621249497000;14167955;1.21633;1.21639;1.21636;2;T;True;1
1621249498000;14167956;1.21633;1.21639;1.21636;0;T;True;1
1621249499000;14167957;1.21633;1.21639;1.21636;0;T;True;1
1621249500000;14167959;1.21634;1.2164;1.21637;1;T;True;1
1621249501000;14167961;1.21634;1.2164;1.21637;1;T;True;1
1621249502000;14167973;1.2164;1.21646;1.21643;11;T;True;1
1621249503000;14167984;1.21651;1.21657;1.21654;10;T;True;1
1621249504000;14167991;1.21654;1.2166;1.21657;6;T;True;1
1621249505000;14167994;1.21654;1.2166;1.21657;2;T;True;1
1621249506000;14167995;1.21654;1.2166;1.21657;0;T;True;1
1621249507000;14167996;1.21654;1.2166;1.21657;0;T;True;1
1621249508000;14167997;1.21654;1.2166;1.21657;0;T;True;1
1621249509000;14167999;1.21655;1.21661;1.21658;1;T;True;1
1621249510000;14168000;1.21655;1.21661;1.21658;0;T;True;1
1621249511000;14168001;1.21655;1.21661;1.21658;0;T;True;1
1621249512000;14168003;1.21654;1.2166;1.21657;1;T;True;1
1621249513000;14168004;1.21654;1.2166;1.21657;0;T;True;1
1621249514000;14168012;1.21652;1.21658;1.21655;7;T;True;1
1621249515000;14168014;1.21651;1.21657;1.21654;1;T;True;1
1621249516000;14168018;1.21649;1.21655;1.21652;3;T;True;1
1621249517000;14168025;1.21646;1.21652;1.21649;6;T;True;1
1621249518000;14168029;1.21646;1.21652;1.21649;3;T;True;1
1621249519000;14168030;1.21646;1.21652;1.21649;0;T;True;1
1621249520000;14168035;1.21646;1.21652;1.21649;4;T;True;1
1621249521000;14168036;1.21646;1.21652;1.21649;0;T;True;1
1621249522000;14168041;1.21647;1.21653;1.2165;4;T;True;1
1621249523000;14168044;1.21648;1.21654;1.21651;2;T;True;1
1621249524000;14168046;1.21648;1.21654;1.21651;1;T;True;1
1621249525000;14168047;1.21648;1.21654;1.21651;0;T;True;1
1621249526000;14168048;1.21648;1.21654;1.21651;0;T;True;1
1621249527000;14168050;1.21649;1.21655;1.21652;1;T;True;1
1621249528000;14168055;1.21653;1.21659;1.21656;4;T;True;1
1621249529000;14168056;1.21653;1.21659;1.21656;0;T;True;1
1621249530000;14168058;1.21653;1.21659;1.21656;1;T;True;1
1621249531000;14168061;1.21652;1.21658;1.21655;2;T;True;1
1621249532000;14168067;1.21652;1.21658;1.21655;5;T;True;1
1621249533000;14168068;1.21652;1.21658;1.21655;0;T;True;1
1621249534000;14168069;1.21652;1.21658;1.21655;0;T;True;1
1621249535000;14168070;1.21652;1.21658;1.21655;0;T;True;1
1621249536000;14168071;1.21652;1.21658;1.21655;0;T;True;1
1621249537000;14168072;1.21652;1.21658;1.21655;0;T;True;1
1621249538000;14168073;1.21652;1.21658;1.21655;0;T;True;1
1621249539000;14168074;1.21652;1.21658;1.21655;0;T;True;1
1621249540000;14168075;1.21652;1.21658;1.21655;0;T;True;1
1621249541000;14168081;1.21654;1.2166;1.21657;5;T;True;1
1621249542000;14168095;1.21644;1.2165;1.21647;13;T;True;1
1621249543000;14168098;1.21644;1.2165;1.21647;2;T;True;1
1621249544000;14168099;1.21644;1.2165;1.21647;0;T;True;1
1621249545000;14168100;1.21644;1.2165;1.21647;0;T;True;1
1621249546000;14168101;1.21644;1.2165;1.21647;0;T;True;1
1621249547000;14168103;1.21644;1.2165;1.21647;1;T;True;1
1621249548000;14168104;1.21644;1.2165;1.21647;0;T;True;1
1621249549000;14168105;1.21644;1.2165;1.21647;0;T;True;1
1621249550000;14168106;1.21644;1.2165;1.21647;0;T;True;1
1621249551000;14168108;1.21646;1.21652;1.21649;1;T;True;1
1621249552000;14168109;1.21646;1.21652;1.21649;0;T;True;1
1621249553000;14168110;1.21646;1.21652;1.21649;0;T;True;1
1621249554000;14168117;1.21646;1.21652;1.21649;6;T;True;1
1621249555000;14168121;1.21645;1.21651;1.21648;3;T;True;1
1621249556000;14168123;1.21646;1.21652;1.21649;1;T;True;1
1621249557000;14168124;1.21646;1.21652;1.21649;0;T;True;1
1621249558000;14168126;1.21645;1.21651;1.21648;1;T;True;1
1621249559000;14168128;1.21645;1.21651;1.21648;1;T;True;1
1621249560000;14168129;1.21645;1.21651;1.21648;0;T;True;1
1621249561000;14168130;1.21645;1.21651;1.21648;0;T;True;1
1621249562000;14168133;1.21644;1.2165;1.21647;2;T;True;1
1621249563000;14168134;1.21644;1.2165;1.21647;0;T;True;1
1621249564000;14168135;1.21644;1.2165;1.21647;0;T;True;1
1621249565000;14168142;1.21637;1.21643;1.2164;6;T;True;1
1621249566000;14168147;1.21636;1.21642;1.21639;4;T;True;1
1621249567000;14168150;1.21637;1.21643;1.2164;2;T;True;1
1621249568000;14168157;1.21636;1.21642;1.21639;6;T;True;1
1621249569000;14168159;1.21636;1.21642;1.21639;1;T;True;1
1621249570000;14168160;1.21636;1.21642;1.21639;0;T;True;1
1621249571000;14168161;1.21636;1.21642;1.21639;0;T;True;1
1621249572000;14168162;1.21636;1.21642;1.21639;0;T;True;1
1621249573000;14168166;1.21636;1.21642;1.21639;3;T;True;1
1621249574000;14168169;1.21636;1.21642;1.21639;2;T;True;1
1621249575000;14168170;1.21636;1.21642;1.21639;0;T;True;1
1621249576000;14168175;1.21634;1.2164;1.21637;4;T;True;1
1621249577000;14168182;1.21634;1.2164;1.21637;6;T;True;1
1621249578000;14168184;1.21633;1.21639;1.21636;1;T;True;1
1621249579000;14168185;1.21633;1.21639;1.21636;0;T;True;1
1621249580000;14168186;1.21633;1.21639;1.21636;0;T;True;1
1621249581000;14168188;1.21632;1.21638;1.21635;1;T;True;1
1621249582000;14168189;1.21632;1.21638;1.21635;0;T;True;1
1621249583000;14168190;1.21632;1.21638;1.21635;0;T;True;1
1621249584000;14168192;1.21632;1.21638;1.21635;1;T;True;1
1621249585000;14168196;1.21635;1.21641;1.21638;3;T;True;1
1621249586000;14168197;1.21635;1.21641;1.21638;0;T;True;1
1621249587000;14168199;1.21634;1.2164;1.21637;1;T;True;1
1621249588000;14168200;1.21634;1.2164;1.21637;0;T;True;1
1621249589000;14168201;1.21634;1.2164;1.21637;0;T;True;1
1621249590000;14168203;1.21634;1.2164;1.21637;1;T;True;1
1621249591000;14168205;1.21634;1.2164;1.21637;1;T;True;1
1621249592000;14168208;1.21633;1.21639;1.21636;2;T;True;1
1621249593000;14168212;1.21632;1.21638;1.21635;3;T;True;1
1621249594000;14168214;1.21633;1.21639;1.21636;1;T;True;1
1621249595000;14168215;1.21633;1.21639;1.21636;0;T;True;1
1621249596000;14168219;1.21632;1.21638;1.21635;3;T;True;1
1621249597000;14168221;1.21632;1.21638;1.21635;1;T;True;1
1621249598000;14168225;1.21633;1.21639;1.21636;3;T;True;1
1621249599000;14168226;1.21633;1.21639;1.21636;0;T;True;1
1621249600000;14168227;1.21633;1.21639;1.21636;0;T;True;1
1621249601000;14168236;1.21632;1.21638;1.21635;8;T;True;1
1621249602000;14168239;1.21632;1.21638;1.21635;2;T;True;1
1621249603000;14168241;1.21632;1.21638;1.21635;1;T;True;1
1621249604000;14168242;1.21632;1.21638;1.21635;0;T;True;1
1621249605000;14168245;1.2163;1.21636;1.21633;2;T;True;1
1621249606000;14168246;1.2163;1.21636;1.21633;0;T;True;1
1621249607000;14168247;1.2163;1.21636;1.21633;0;T;True;1
1621249608000;14168248;1.2163;1.21636;1.21633;0;T;True;1
1621249609000;14168249;1.2163;1.21636;1.21633;0;T;True;1
1621249610000;14168250;1.2163;1.21636;1.21633;0;T;True;1
1621249611000;14168251;1.2163;1.21636;1.21633;0;T;True;1
1621249612000;14168257;1.2163;1.21636;1.21633;5;T;True;1
1621249613000;14168258;1.2163;1.21636;1.21633;0;T;True;1
1621249614000;14168259;1.2163;1.21636;1.21633;0;T;True;1
1621249615000;14168260;1.2163;1.21636;1.21633;0;T;True;1
1621249616000;14168261;1.2163;1.21636;1.21633;0;T;True;1
1621249617000;14168265;1.21628;1.21634;1.21631;3;T;True;1
1621249618000;14168268;1.21628;1.21634;1.21631;2;T;True;1
1621249619000;14168269;1.21628;1.21634;1.21631;0;T;True;1
1621249620000;14168270;1.21628;1.21634;1.21631;0;T;True;1
1621249621000;14168279;1.21628;1.21634;1.21631;8;T;True;1
1621249622000;14168285;1.21626;1.21632;1.21629;5;T;True;1
1621249623000;14168289;1.21627;1.21633;1.2163;3;T;True;1
1621249624000;14168293;1.21628;1.21634;1.21631;3;T;True;1
1621249625000;14168298;1.2163;1.21636;1.21633;4;T;True;1
1621249626000;14168300;1.2163;1.21636;1.21633;1;T;True;1
1621249627000;14168301;1.2163;1.21636;1.21633;0;T;True;1
1621249628000;14168305;1.2163;1.21636;1.21633;3;T;True;1
1621249629000;14168307;1.2163;1.21636;1.21633;1;T;True;1
1621249630000;14168309;1.2163;1.21636;1.21633;1;T;True;1
1621249631000;14168310;1.2163;1.21636;1.21633;0;T;True;1
1621249632000;14168311;1.2163;1.21636;1.21633;0;T;True;1
1621249633000;14168313;1.2163;1.21636;1.21633;1;T;True;1
1621249634000;14168314;1.2163;1.21636;1.21633;0;T;True;1
1621249635000;14168321;1.21632;1.21638;1.21635;6;T;True;1
1621249636000;14168323;1.21632;1.21638;1.21635;1;T;True;1
1621249637000;14168324;1.21632;1.21638;1.21635;0;T;True;1
1621249638000;14168330;1.21632;1.21638;1.21635;5;T;True;1
1621249639000;14168335;1.21632;1.21638;1.21635;4;T;True;1
1621249640000;14168337;1.21632;1.21638;1.21635;1;T;True;1
1621249641000;14168340;1.21632;1.21638;1.21635;2;T;True;1
1621249642000;14168341;1.21632;1.21638;1.21635;0;T;True;1
1621249643000;14168342;1.21632;1.21638;1.21635;0;T;True;1
1621249644000;14168344;1.21632;1.21638;1.21635;1;T;True;1
1621249645000;14168346;1.21632;1.21638;1.21635;1;T;True;1
1621249646000;14168347;1.21632;1.21638;1.21635;0;T;True;1
1621249647000;14168348;1.21632;1.21638;1.21635;0;T;True;1
1621249648000;14168350;1.21632;1.21638;1.21635;1;T;True;1
1621249649000;14168351;1.21632;1.21638;1.21635;0;T;True;1
1621249650000;14168353;1.21632;1.21638;1.21635;1;T;True;1
1621249651000;14168355;1.21632;1.21638;1.21635;1;T;True;1
1621249652000;14168356;1.21632;1.21638;1.21635;0;T;True;1
1621249653000;14168358;1.21633;1.21639;1.21636;1;T;True;1
1621249654000;14168359;1.21633;1.21639;1.21636;0;T;True;1
1621249655000;14168360;1.21633;1.21639;1.21636;0;T;True;1
1621249656000;14168366;1.21636;1.21642;1.21639;5;T;True;1
1621249657000;14168367;1.21636;1.21642;1.21639;0;T;True;1
1621249658000;14168378;1.21644;1.2165;1.21647;10;T;True;1
1621249659000;14168382;1.21642;1.21648;1.21645;3;T;True;1
1621249660000;14168387;1.21642;1.21648;1.21645;4;T;True;1
1621249661000;14168390;1.21642;1.21648;1.21645;2;T;True;1
1621249662000;14168400;1.21644;1.2165;1.21647;9;T;True;1
1621249663000;14168402;1.21644;1.2165;1.21647;1;T;True;1
1621249664000;14168408;1.21646;1.21652;1.21649;5;T;True;1
1621249665000;14168410;1.21646;1.21652;1.21649;1;T;True;1
1621249666000;14168412;1.21647;1.21653;1.2165;1;T;True;1
1621249667000;14168414;1.21647;1.21653;1.2165;1;T;True;1
1621249668000;14168422;1.21651;1.21657;1.21654;7;T;True;1
1621249669000;14168427;1.21652;1.21658;1.21655;4;T;True;1
1621249670000;14168434;1.2165;1.21656;1.21653;6;T;True;1
1621249671000;14168439;1.21653;1.21659;1.21656;4;T;True;1
1621249672000;14168444;1.21646;1.21652;1.21649;4;T;True;1
1621249673000;14168445;1.21646;1.21652;1.21649;0;T;True;1
1621249674000;14168446;1.21646;1.21652;1.21649;0;T;True;1
1621249675000;14168448;1.21646;1.21652;1.21649;1;T;True;1
1621249676000;14168449;1.21646;1.21652;1.21649;0;T;True;1
1621249677000;14168455;1.21642;1.21648;1.21645;5;T;True;1
1621249678000;14168456;1.21642;1.21648;1.21645;0;T;True;1
1621249679000;14168463;1.21634;1.2164;1.21637;6;T;True;1
1621249680000;14168466;1.21634;1.2164;1.21637;2;T;True;1
1621249681000;14168468;1.21634;1.2164;1.21637;1;T;True;1
1621249682000;14168475;1.21635;1.21641;1.21638;6;T;True;1
1621249683000;14168478;1.21634;1.2164;1.21637;2;T;True;1
1621249684000;14168480;1.21634;1.2164;1.21637;1;T;True;1
1621249685000;14168481;1.21634;1.2164;1.21637;0;T;True;1
1621249686000;14168484;1.21637;1.21643;1.2164;2;T;True;1
1621249687000;14168485;1.21637;1.21643;1.2164;0;T;True;1
1621249688000;14168486;1.21637;1.21643;1.2164;0;T;True;1
1621249689000;14168487;1.21637;1.21643;1.2164;0;T;True;1
1621249690000;14168488;1.21637;1.21643;1.2164;0;T;True;1
1621249691000;14168489;1.21637;1.21643;1.2164;0;T;True;1
1621249692000;14168495;1.21639;1.21645;1.21642;5;T;True;1
1621249693000;14168501;1.21635;1.21641;1.21638;5;T;True;1
1621249694000;14168502;1.21635;1.21641;1.21638;0;T;True;1
1621249695000;14168507;1.21635;1.21641;1.21638;4;T;True;1
1621249696000;14168509;1.21635;1.21641;1.21638;1;T;True;1
1621249697000;14168512;1.21635;1.21641;1.21638;2;T;True;1
1621249698000;14168519;1.21634;1.2164;1.21637;6;T;True;1
1621249699000;14168520;1.21634;1.2164;1.21637;0;T;True;1
1621249700000;14168522;1.21636;1.21642;1.21639;1;T;True;1
1621249701000;14168523;1.21636;1.21642;1.21639;0;T;True;1
1621249702000;14168524;1.21636;1.21642;1.21639;0;T;True;1
1621249703000;14168525;1.21636;1.21642;1.21639;0;T;True;1
1621249704000;14168528;1.21634;1.2164;1.21637;2;T;True;1
1621249705000;14168529;1.21634;1.2164;1.21637;0;T;True;1
1621249706000;14168531;1.21634;1.2164;1.21637;1;T;True;1
1621249707000;14168534;1.21634;1.2164;1.21637;2;T;True;1
1621249708000;14168537;1.21634;1.2164;1.21637;2;T;True;1
1621249709000;14168538;1.21634;1.2164;1.21637;0;T;True;1
1621249710000;14168539;1.21634;1.2164;1.21637;0;T;True;1
1621249711000;14168540;1.21634;1.2164;1.21637;0;T;True;1
1621249712000;14168542;1.21634;1.2164;1.21637;1;T;True;1
1621249713000;14168545;1.21636;1.21642;1.21639;2;T;True;1
1621249714000;14168548;1.21635;1.21641;1.21638;2;T;True;1
1621249715000;14168558;1.21638;1.21644;1.21641;9;T;True;1
1621249716000;14168561;1.21637;1.21643;1.2164;2;T;True;1
1621249717000;14168562;1.21637;1.21643;1.2164;0;T;True;1
1621249718000;14168563;1.21637;1.21643;1.2164;0;T;True;1
1621249719000;14168565;1.21637;1.21643;1.2164;1;T;True;1
1621249720000;14168566;1.21637;1.21643;1.2164;0;T;True;1
1621249721000;14168567;1.21637;1.21643;1.2164;0;T;True;1
1621249722000;14168570;1.21636;1.21642;1.21639;2;T;True;1
1621249723000;14168576;1.21636;1.21642;1.21639;5;T;True;1
1621249724000;14168577;1.21636;1.21642;1.21639;0;T;True;1
1621249725000;14168578;1.21636;1.21642;1.21639;0;T;True;1
1621249726000;14168583;1.21638;1.21644;1.21641;4;T;True;1
1621249727000;14168584;1.21638;1.21644;1.21641;0;T;True;1
1621249728000;14168585;1.21638;1.21644;1.21641;0;T;True;1
1621249729000;14168586;1.21638;1.21644;1.21641;0;T;True;1
1621249730000;14168587;1.21638;1.21644;1.21641;0;T;True;1
1621249731000;14168594;1.21638;1.21644;1.21641;6;T;True;1
1621249732000;14168596;1.21637;1.21643;1.2164;1;T;True;1
1621249733000;14168597;1.21637;1.21643;1.2164;0;T;True;1
1621249734000;14168599;1.21636;1.21642;1.21639;1;T;True;1
1621249735000;14168600;1.21636;1.21642;1.21639;0;T;True;1
1621249736000;14168604;1.21638;1.21644;1.21641;3;T;True;1
1621249737000;14168608;1.2164;1.21646;1.21643;3;T;True;1
1621249738000;14168613;1.21639;1.21645;1.21642;4;T;True;1
1621249739000;14168620;1.21645;1.21651;1.21648;6;T;True;1
1621249740000;14168621;1.21645;1.21651;1.21648;0;T;True;1
1621249741000;14168622;1.21645;1.21651;1.21648;0;T;True;1
1621249742000;14168624;1.21646;1.21652;1.21649;1;T;True;1
1621249743000;14168626;1.21646;1.21652;1.21649;1;T;True;1
1621249744000;14168629;1.21647;1.21653;1.2165;2;T;True;1
1621249745000;14168630;1.21647;1.21653;1.2165;0;T;True;1
1621249746000;14168631;1.21647;1.21653;1.2165;0;T;True;1
1621249747000;14168632;1.21647;1.21653;1.2165;0;T;True;1
1621249748000;14168633;1.21647;1.21653;1.2165;0;T;True;1
1621249749000;14168634;1.21647;1.21653;1.2165;0;T;True;1
1621249750000;14168635;1.21647;1.21653;1.2165;0;T;True;1
1621249751000;14168636;1.21647;1.21653;1.2165;0;T;True;1
1621249752000;14168637;1.21647;1.21653;1.2165;0;T;True;1
1621249753000;14168638;1.21647;1.21653;1.2165;0;T;True;1
1621249754000;14168639;1.21647;1.21653;1.2165;0;T;True;1
1621249755000;14168640;1.21647;1.21653;1.2165;0;T;True;1
1621249756000;14168641;1.21647;1.21653;1.2165;0;T;True;1
1621249757000;14168642;1.21647;1.21653;1.2165;0;T;True;1
1621249758000;14168643;1.21647;1.21653;1.2165;0;T;True;1
1621249759000;14168644;1.21647;1.21653;1.2165;0;T;True;1
1621249760000;14168645;1.21647;1.21653;1.2165;0;T;True;1
1621249761000;14168649;1.21644;1.2165;1.21647;3;T;True;1
1621249762000;14168650;1.21644;1.2165;1.21647;0;T;True;1
1621249763000;14168651;1.21644;1.2165;1.21647;0;T;True;1
1621249764000;14168652;1.21644;1.2165;1.21647;0;T;True;1
1621249765000;14168653;1.21644;1.2165;1.21647;0;T;True;1
1621249766000;14168654;1.21644;1.2165;1.21647;0;T;True;1
1621249767000;14168655;1.21644;1.2165;1.21647;0;T;True;1
1621249768000;14168656;1.21644;1.2165;1.21647;0;T;True;1
1621249769000;14168657;1.21644;1.2165;1.21647;0;T;True;1
1621249770000;14168658;1.21644;1.2165;1.21647;0;T;True;1
1621249771000;14168659;1.21644;1.2165;1.21647;0;T;True;1
1621249772000;14168661;1.21644;1.2165;1.21647;1;T;True;1
1621249773000;14168663;1.21643;1.21649;1.21646;1;T;True;1
1621249774000;14168672;1.21634;1.2164;1.21637;8;T;True;1
1621249775000;14168673;1.21634;1.2164;1.21637;0;T;True;1
1621249776000;14168675;1.21635;1.21641;1.21638;1;T;True;1
1621249777000;14168676;1.21635;1.21641;1.21638;0;T;True;1
1621249778000;14168677;1.21635;1.21641;1.21638;0;T;True;1
1621249779000;14168678;1.21635;1.21641;1.21638;0;T;True;1
1621249780000;14168682;1.21638;1.21644;1.21641;3;T;True;1
1621249781000;14168683;1.21638;1.21644;1.21641;0;T;True;1
1621249782000;14168684;1.21638;1.21644;1.21641;0;T;True;1
1621249783000;14168685;1.21638;1.21644;1.21641;0;T;True;1
1621249784000;14168686;1.21638;1.21644;1.21641;0;T;True;1
1621249785000;14168687;1.21638;1.21644;1.21641;0;T;True;1
1621249786000;14168688;1.21638;1.21644;1.21641;0;T;True;1
1621249787000;14168689;1.21638;1.21644;1.21641;0;T;True;1
1621249788000;14168690;1.21638;1.21644;1.21641;0;T;True;1
1621249789000;14168692;1.21638;1.21644;1.21641;1;T;True;1
1621249790000;14168693;1.21638;1.21644;1.21641;0;T;True;1
1621249791000;14168694;1.21638;1.21644;1.21641;0;T;True;1
1621249792000;14168695;1.21638;1.21644;1.21641;0;T;True;1
1621249793000;14168697;1.21638;1.21644;1.21641;1;T;True;1
1621249794000;14168700;1.21638;1.21644;1.21641;2;T;True;1
1621249795000;14168701;1.21638;1.21644;1.21641;0;T;True;1
1621249796000;14168702;1.21638;1.21644;1.21641;0;T;True;1
1621249797000;14168703;1.21638;1.21644;1.21641;0;T;True;1
1621249798000;14168704;1.21638;1.21644;1.21641;0;T;True;1
1621249799000;14168713;1.21648;1.21654;1.21651;8;T;True;1
1621249800000;14168715;1.21648;1.21654;1.21651;1;T;True;1
1621249801000;14168719;1.21647;1.21653;1.2165;3;T;True;1
1621249802000;14168720;1.21647;1.21653;1.2165;0;T;True;1
1621249803000;14168723;1.21647;1.21653;1.2165;2;T;True;1
1621249804000;14168724;1.21647;1.21653;1.2165;0;T;True;1
1621249805000;14168726;1.21648;1.21654;1.21651;1;T;True;1
1621249806000;14168727;1.21648;1.21654;1.21651;0;T;True;1
1621249807000;14168728;1.21648;1.21654;1.21651;0;T;True;1
1621249808000;14168736;1.21654;1.2166;1.21657;7;T;True;1
1621249809000;14168738;1.21654;1.2166;1.21657;1;T;True;1
1621249810000;14168739;1.21654;1.2166;1.21657;0;T;True;1
1621249811000;14168740;1.21654;1.2166;1.21657;0;T;True;1
1621249812000;14168741;1.21654;1.2166;1.21657;0;T;True;1
1621249813000;14168749;1.21661;1.21667;1.21664;7;T;True;1
1621249814000;14168752;1.21664;1.2167;1.21667;2;T;True;1
1621249815000;14168755;1.2166;1.21666;1.21663;2;T;True;1
1621249816000;14168759;1.21664;1.2167;1.21667;3;T;True;1
1621249817000;14168765;1.21669;1.21675;1.21672;5;T;True;1
1621249818000;14168768;1.21668;1.21674;1.21671;2;T;True;1
1621249819000;14168770;1.21668;1.21674;1.21671;1;T;True;1
1621249820000;14168771;1.21668;1.21674;1.21671;0;T;True;1
1621249821000;14168775;1.21669;1.21675;1.21672;3;T;True;1
1621249822000;14168777;1.21669;1.21675;1.21672;1;T;True;1
1621249823000;14168778;1.21669;1.21675;1.21672;0;T;True;1
1621249824000;14168779;1.21669;1.21675;1.21672;0;T;True;1
1621249825000;14168781;1.21669;1.21675;1.21672;1;T;True;1
1621249826000;14168787;1.21664;1.2167;1.21667;5;T;True;1
1621249827000;14168788;1.21664;1.2167;1.21667;0;T;True;1
1621249828000;14168790;1.21664;1.2167;1.21667;1;T;True;1
1621249829000;14168791;1.21664;1.2167;1.21667;0;T;True;1
1621249830000;14168792;1.21664;1.2167;1.21667;0;T;True;1
1621249831000;14168793;1.21664;1.2167;1.21667;0;T;True;1
1621249832000;14168797;1.21669;1.21675;1.21672;3;T;True;1
1621249833000;14168799;1.21669;1.21675;1.21672;1;T;True;1
1621249834000;14168800;1.21669;1.21675;1.21672;0;T;True;1
1621249835000;14168806;1.21674;1.2168;1.21677;5;T;True;1
1621249836000;14168809;1.21672;1.21678;1.21675;2;T;True;1
1621249837000;14168811;1.21672;1.21678;1.21675;1;T;True;1
1621249838000;14168813;1.21672;1.21678;1.21675;1;T;True;1
1621249839000;14168814;1.21672;1.21678;1.21675;0;T;True;1
1621249840000;14168815;1.21672;1.21678;1.21675;0;T;True;1
1621249841000;14168822;1.21668;1.21674;1.21671;6;T;True;1
1621249842000;14168823;1.21668;1.21674;1.21671;0;T;True;1
1621249843000;14168828;1.21664;1.2167;1.21667;4;T;True;1
1621249844000;14168830;1.21664;1.2167;1.21667;1;T;True;1
1621249845000;14168834;1.21659;1.21665;1.21662;3;T;True;1
1621249846000;14168837;1.21658;1.21664;1.21661;2;T;True;1
1621249847000;14168840;1.21655;1.21661;1.21658;2;T;True;1
1621249848000;14168841;1.21655;1.21661;1.21658;0;T;True;1
1621249849000;14168842;1.21655;1.21661;1.21658;0;T;True;1
1621249850000;14168844;1.21655;1.21661;1.21658;1;T;True;1
1621249851000;14168846;1.21655;1.21661;1.21658;1;T;True;1
1621249852000;14168848;1.21656;1.21662;1.21659;1;T;True;1
1621249853000;14168849;1.21656;1.21662;1.21659;0;T;True;1
1621249854000;14168850;1.21656;1.21662;1.21659;0;T;True;1
1621249855000;14168851;1.21656;1.21662;1.21659;0;T;True;1
1621249856000;14168854;1.21655;1.21661;1.21658;2;T;True;1
1621249857000;14168855;1.21655;1.21661;1.21658;0;T;True;1
1621249858000;14168857;1.21654;1.2166;1.21657;1;T;True;1
1621249859000;14168859;1.21654;1.2166;1.21657;1;T;True;1
1621249860000;14168861;1.21654;1.2166;1.21657;1;T;True;1
1621249861000;14168862;1.21654;1.2166;1.21657;0;T;True;1
1621249862000;14168863;1.21654;1.2166;1.21657;0;T;True;1
1621249863000;14168864;1.21654;1.2166;1.21657;0;T;True;1
1621249864000;14168865;1.21654;1.2166;1.21657;0;T;True;1
1621249865000;14168868;1.21654;1.2166;1.21657;2;T;True;1
1621249866000;14168871;1.21652;1.21658;1.21655;2;T;True;1
1621249867000;14168872;1.21652;1.21658;1.21655;0;T;True;1
1621249868000;14168873;1.21652;1.21658;1.21655;0;T;True;1
1621249869000;14168874;1.21652;1.21658;1.21655;0;T;True;1
1621249870000;14168878;1.21653;1.21659;1.21656;3;T;True;1
1621249871000;14168884;1.21656;1.21662;1.21659;5;T;True;1
1621249872000;14168894;1.21651;1.21657;1.21654;9;T;True;1
1621249873000;14168898;1.21651;1.21657;1.21654;3;T;True;1
1621249874000;14168899;1.21651;1.21657;1.21654;0;T;True;1
1621249875000;14168900;1.21651;1.21657;1.21654;0;T;True;1
1621249876000;14168901;1.21651;1.21657;1.21654;0;T;True;1
1621249877000;14168907;1.21652;1.21658;1.21655;5;T;True;1
1621249878000;14168908;1.21652;1.21658;1.21655;0;T;True;1
1621249879000;14168909;1.21652;1.21658;1.21655;0;T;True;1
1621249880000;14168914;1.21657;1.21663;1.2166;4;T;True;1
1621249881000;14168915;1.21657;1.21663;1.2166;0;T;True;1
1621249882000;14168916;1.21657;1.21663;1.2166;0;T;True;1
1621249883000;14168919;1.21656;1.21662;1.21659;2;T;True;1
1621249884000;14168920;1.21656;1.21662;1.21659;0;T;True;1
1621249885000;14168921;1.21656;1.21662;1.21659;0;T;True;1
1621249886000;14168924;1.21654;1.2166;1.21657;2;T;True;1
1621249887000;14168927;1.21654;1.2166;1.21657;2;T;True;1
1621249888000;14168928;1.21654;1.2166;1.21657;0;T;True;1
1621249889000;14168934;1.21657;1.21663;1.2166;5;T;True;1
1621249890000;14168935;1.21657;1.21663;1.2166;0;T;True;1
1621249891000;14168936;1.21657;1.21663;1.2166;0;T;True;1
1621249892000;14168937;1.21657;1.21663;1.2166;0;T;True;1
1621249893000;14168938;1.21657;1.21663;1.2166;0;T;True;1
1621249894000;14168939;1.21657;1.21663;1.2166;0;T;True;1
1621249895000;14168940;1.21657;1.21663;1.2166;0;T;True;1
1621249896000;14168941;1.21657;1.21663;1.2166;0;T;True;1
1621249897000;14168942;1.21657;1.21663;1.2166;0;T;True;1
1621249898000;14168944;1.21655;1.21661;1.21658;1;T;True;1
1621249899000;14168945;1.21655;1.21661;1.21658;0;T;True;1
1621249900000;14168948;1.21655;1.21661;1.21658;2;T;True;1
1621249901000;14168949;1.21655;1.21661;1.21658;0;T;True;1
1621249902000;14168950;1.21655;1.21661;1.21658;0;T;True;1
1621249903000;14168954;1.21654;1.2166;1.21657;3;T;True;1
1621249904000;14168957;1.21654;1.2166;1.21657;2;T;True;1
1621249905000;14168958;1.21654;1.2166;1.21657;0;T;True;1
1621249906000;14168959;1.21654;1.2166;1.21657;0;T;True;1
1621249907000;14168964;1.21654;1.2166;1.21657;4;T;True;1
1621249908000;14168968;1.21655;1.21661;1.21658;3;T;True;1
1621249909000;14168969;1.21655;1.21661;1.21658;0;T;True;1
1621249910000;14168970;1.21655;1.21661;1.21658;0;T;True;1
1621249911000;14168971;1.21655;1.21661;1.21658;0;T;True;1
1621249912000;14168972;1.21655;1.21661;1.21658;0;T;True;1
1621249913000;14168974;1.21656;1.21662;1.21659;1;T;True;1
1621249914000;14168979;1.21654;1.2166;1.21657;4;T;True;1
1621249915000;14168983;1.21656;1.21662;1.21659;3;T;True;1
1621249916000;14168987;1.21658;1.21664;1.21661;3;T;True;1
1621249917000;14168988;1.21658;1.21664;1.21661;0;T;True;1
1621249918000;14168989;1.21658;1.21664;1.21661;0;T;True;1
1621249919000;14168991;1.21659;1.21665;1.21662;1;T;True;1
1621249920000;14168992;1.21659;1.21665;1.21662;0;T;True;1
1621249921000;14168995;1.21659;1.21665;1.21662;2;T;True;1
1621249922000;14168997;1.21658;1.21664;1.21661;1;T;True;1
1621249923000;14168998;1.21658;1.21664;1.21661;0;T;True;1
1621249924000;14168999;1.21658;1.21664;1.21661;0;T;True;1
1621249925000;14169006;1.21654;1.2166;1.21657;6;T;True;1
1621249926000;14169011;1.21658;1.21664;1.21661;4;T;True;1
1621249927000;14169018;1.21656;1.21662;1.21659;6;T;True;1
1621249928000;14169022;1.21656;1.21662;1.21659;3;T;True;1
1621249929000;14169023;1.21656;1.21662;1.21659;0;T;True;1
1621249930000;14169024;1.21656;1.21662;1.21659;0;T;True;1
1621249931000;14169025;1.21656;1.21662;1.21659;0;T;True;1
1621249932000;14169026;1.21656;1.21662;1.21659;0;T;True;1
1621249933000;14169027;1.21656;1.21662;1.21659;0;T;True;1
1621249934000;14169028;1.21656;1.21662;1.21659;0;T;True;1
1621249935000;14169029;1.21656;1.21662;1.21659;0;T;True;1
1621249936000;14169030;1.21656;1.21662;1.21659;0;T;True;1
1621249937000;14169031;1.21656;1.21662;1.21659;0;T;True;1
1621249938000;14169036;1.21652;1.21658;1.21655;4;T;True;1
1621249939000;14169037;1.21652;1.21658;1.21655;0;T;True;1
1621249940000;14169041;1.21653;1.21659;1.21656;3;T;True;1
1621249941000;14169042;1.21653;1.21659;1.21656;0;T;True;1
1621249942000;14169044;1.21654;1.2166;1.21657;1;T;True;1
1621249943000;14169045;1.21654;1.2166;1.21657;0;T;True;1
1621249944000;14169047;1.21653;1.21659;1.21656;1;T;True;1
1621249945000;14169048;1.21653;1.21659;1.21656;0;T;True;1
1621249946000;14169051;1.21656;1.21662;1.21659;2;T;True;1
1621249947000;14169052;1.21656;1.21662;1.21659;0;T;True;1
1621249948000;14169053;1.21656;1.21662;1.21659;0;T;True;1
1621249949000;14169054;1.21656;1.21662;1.21659;0;T;True;1
1621249950000;14169057;1.21654;1.2166;1.21657;2;T;True;1
1621249951000;14169060;1.21654;1.2166;1.21657;2;T;True;1
1621249952000;14169062;1.21654;1.2166;1.21657;1;T;True;1
1621249953000;14169063;1.21654;1.2166;1.21657;0;T;True;1
1621249954000;14169067;1.21652;1.21658;1.21655;3;T;True;1
1621249955000;14169069;1.21652;1.21658;1.21655;1;T;True;1
1621249956000;14169071;1.21652;1.21658;1.21655;1;T;True;1
1621249957000;14169076;1.2165;1.21656;1.21653;4;T;True;1
1621249958000;14169082;1.2165;1.21656;1.21653;5;T;True;1
1621249959000;14169084;1.21652;1.21658;1.21655;1;T;True;1
1621249960000;14169087;1.21654;1.2166;1.21657;2;T;True;1
1621249961000;14169090;1.21653;1.21659;1.21656;2;T;True;1
1621249962000;14169092;1.21653;1.21659;1.21656;1;T;True;1
1621249963000;14169096;1.21652;1.21658;1.21655;3;T;True;1
1621249964000;14169098;1.21652;1.21658;1.21655;1;T;True;1
1621249965000;14169100;1.21652;1.21658;1.21655;1;T;True;1
1621249966000;14169101;1.21652;1.21658;1.21655;0;T;True;1
1621249967000;14169106;1.21652;1.21658;1.21655;4;T;True;1
1621249968000;14169107;1.21652;1.21658;1.21655;0;T;True;1
1621249969000;14169108;1.21652;1.21658;1.21655;0;T;True;1
1621249970000;14169110;1.21652;1.21658;1.21655;1;T;True;1
1621249971000;14169112;1.2165;1.21656;1.21653;1;T;True;1
1621249972000;14169116;1.21652;1.21658;1.21655;3;T;True;1
1621249973000;14169118;1.21652;1.21658;1.21655;1;T;True;1
1621249974000;14169119;1.21652;1.21658;1.21655;0;T;True;1
1621249975000;14169121;1.21652;1.21658;1.21655;1;T;True;1
1621249976000;14169124;1.21653;1.21659;1.21656;2;T;True;1
1621249977000;14169125;1.21653;1.21659;1.21656;0;T;True;1
1621249978000;14169126;1.21653;1.21659;1.21656;0;T;True;1
1621249979000;14169136;1.21654;1.2166;1.21657;9;T;True;1
1621249980000;14169137;1.21654;1.2166;1.21657;0;T;True;1
1621249981000;14169139;1.21654;1.2166;1.21657;1;T;True;1
1621249982000;14169144;1.21654;1.2166;1.21657;4;T;True;1
1621249983000;14169145;1.21654;1.2166;1.21657;0;T;True;1
1621249984000;14169146;1.21654;1.2166;1.21657;0;T;True;1
1621249985000;14169147;1.21654;1.2166;1.21657;0;T;True;1
1621249986000;14169148;1.21654;1.2166;1.21657;0;T;True;1
1621249987000;14169149;1.21654;1.2166;1.21657;0;T;True;1
1621249988000;14169150;1.21654;1.2166;1.21657;0;T;True;1
1621249989000;14169151;1.21654;1.2166;1.21657;0;T;True;1
1621249990000;14169170;1.21662;1.21668;1.21665;18;T;True;1
1621249991000;14169171;1.21662;1.21668;1.21665;0;T;True;1
1621249992000;14169174;1.21664;1.2167;1.21667;2;T;True;1
1621249993000;14169184;1.21667;1.21673;1.2167;9;T;True;1
1621249994000;14169191;1.21668;1.21674;1.21671;6;T;True;1
1621249995000;14169192;1.21668;1.21674;1.21671;0;T;True;1
1621249996000;14169194;1.21668;1.21674;1.21671;1;T;True;1
1621249997000;14169197;1.21668;1.21674;1.21671;2;T;True;1
1621249998000;14169201;1.21666;1.21672;1.21669;3;T;True;1
1621249999000;14169202;1.21666;1.21672;1.21669;0;T;True;1
1621250000000;14169207;1.21664;1.2167;1.21667;4;T;True;1
1621250001000;14169209;1.21664;1.2167;1.21667;1;T;True;1
1621250002000;14169213;1.21666;1.21672;1.21669;3;T;True;1
1621250003000;14169218;1.21664;1.2167;1.21667;4;T;True;1
1621250004000;14169224;1.21666;1.21672;1.21669;5;T;True;1
1621250005000;14169226;1.21666;1.21672;1.21669;1;T;True;1
1621250006000;14169227;1.21666;1.21672;1.21669;0;T;True;1
1621250007000;14169228;1.21666;1.21672;1.21669;0;T;True;1
1621250008000;14169229;1.21666;1.21672;1.21669;0;T;True;1
1621250009000;14169230;1.21666;1.21672;1.21669;0;T;True;1
1621250010000;14169235;1.21664;1.2167;1.21667;4;T;True;1
1621250011000;14169236;1.21664;1.2167;1.21667;0;T;True;1
1621250012000;14169238;1.21664;1.2167;1.21667;1;T;True;1
1621250013000;14169239;1.21664;1.2167;1.21667;0;T;True;1
1621250014000;14169240;1.21664;1.2167;1.21667;0;T;True;1
1621250015000;14169245;1.21663;1.21669;1.21666;4;T;True;1
1621250016000;14169246;1.21663;1.21669;1.21666;0;T;True;1
1621250017000;14169247;1.21663;1.21669;1.21666;0;T;True;1
1621250018000;14169249;1.21662;1.21668;1.21665;1;T;True;1
1621250019000;14169251;1.21662;1.21668;1.21665;1;T;True;1
1621250020000;14169252;1.21662;1.21668;1.21665;0;T;True;1
1621250021000;14169257;1.21662;1.21668;1.21665;4;T;True;1
1621250022000;14169259;1.21662;1.21668;1.21665;1;T;True;1
1621250023000;14169261;1.21662;1.21668;1.21665;1;T;True;1
1621250024000;14169262;1.21662;1.21668;1.21665;0;T;True;1
1621250025000;14169263;1.21662;1.21668;1.21665;0;T;True;1
1621250026000;14169264;1.21662;1.21668;1.21665;0;T;True;1
1621250027000;14169265;1.21662;1.21668;1.21665;0;T;True;1
1621250028000;14169266;1.21662;1.21668;1.21665;0;T;True;1
1621250029000;14169270;1.21662;1.21668;1.21665;3;T;True;1
1621250030000;14169272;1.21663;1.21669;1.21666;1;T;True;1
1621250031000;14169274;1.21662;1.21668;1.21665;1;T;True;1
1621250032000;14169275;1.21662;1.21668;1.21665;0;T;True;1
1621250033000;14169278;1.21662;1.21668;1.21665;2;T;True;1
1621250034000;14169279;1.21662;1.21668;1.21665;0;T;True;1
1621250035000;14169280;1.21662;1.21668;1.21665;0;T;True;1
1621250036000;14169281;1.21662;1.21668;1.21665;0;T;True;1
1621250037000;14169282;1.21662;1.21668;1.21665;0;T;True;1
1621250038000;14169286;1.21663;1.21669;1.21666;3;T;True;1
1621250039000;14169290;1.21663;1.21669;1.21666;3;T;True;1
1621250040000;14169291;1.21663;1.21669;1.21666;0;T;True;1
1621250041000;14169293;1.21663;1.21669;1.21666;1;T;True;1
1621250042000;14169294;1.21663;1.21669;1.21666;0;T;True;1
1621250043000;14169295;1.21663;1.21669;1.21666;0;T;True;1
1621250044000;14169296;1.21663;1.21669;1.21666;0;T;True;1
1621250045000;14169297;1.21663;1.21669;1.21666;0;T;True;1
1621250046000;14169298;1.21663;1.21669;1.21666;0;T;True;1
1621250047000;14169307;1.2167;1.21676;1.21673;8;T;True;1
1621250048000;14169308;1.2167;1.21676;1.21673;0;T;True;1
1621250049000;14169310;1.2167;1.21676;1.21673;1;T;True;1
1621250050000;14169315;1.21672;1.21678;1.21675;4;T;True;1
1621250051000;14169316;1.21672;1.21678;1.21675;0;T;True;1
1621250052000;14169317;1.21672;1.21678;1.21675;0;T;True;1
1621250053000;14169319;1.21672;1.21678;1.21675;1;T;True;1
1621250054000;14169321;1.21672;1.21678;1.21675;1;T;True;1
1621250055000;14169326;1.21672;1.21678;1.21675;4;T;True;1
1621250056000;14169327;1.21672;1.21678;1.21675;0;T;True;1
1621250057000;14169334;1.21676;1.21682;1.21679;6;T;True;1
1621250058000;14169339;1.21673;1.21679;1.21676;4;T;True;1
1621250059000;14169342;1.21672;1.21678;1.21675;2;T;True;1
1621250060000;14169343;1.21672;1.21678;1.21675;0;T;True;1
1621250061000;14169344;1.21672;1.21678;1.21675;0;T;True;1
1621250062000;14169348;1.2167;1.21676;1.21673;3;T;True;1
1621250063000;14169351;1.2167;1.21676;1.21673;2;T;True;1
1621250064000;14169352;1.2167;1.21676;1.21673;0;T;True;1
1621250065000;14169356;1.2167;1.21676;1.21673;3;T;True;1
1621250066000;14169358;1.2167;1.21676;1.21673;1;T;True;1
1621250067000;14169359;1.2167;1.21676;1.21673;0;T;True;1
1621250068000;14169360;1.2167;1.21676;1.21673;0;T;True;1
1621250069000;14169363;1.21673;1.21679;1.21676;2;T;True;1
1621250070000;14169365;1.21673;1.21679;1.21676;1;T;True;1
1621250071000;14169366;1.21673;1.21679;1.21676;0;T;True;1
1621250072000;14169369;1.21673;1.21679;1.21676;2;T;True;1
1621250073000;14169372;1.21673;1.21679;1.21676;2;T;True;1
1621250074000;14169373;1.21673;1.21679;1.21676;0;T;True;1
1621250075000;14169374;1.21673;1.21679;1.21676;0;T;True;1
1621250076000;14169375;1.21673;1.21679;1.21676;0;T;True;1
1621250077000;14169376;1.21673;1.21679;1.21676;0;T;True;1
1621250078000;14169377;1.21673;1.21679;1.21676;0;T;True;1
1621250079000;14169379;1.21674;1.2168;1.21677;1;T;True;1
1621250080000;14169381;1.21672;1.21678;1.21675;1;T;True;1
1621250081000;14169382;1.21672;1.21678;1.21675;0;T;True;1
1621250082000;14169385;1.21672;1.21678;1.21675;2;T;True;1
1621250083000;14169389;1.21672;1.21678;1.21675;3;T;True;1
1621250084000;14169390;1.21672;1.21678;1.21675;0;T;True;1
1621250085000;14169391;1.21672;1.21678;1.21675;0;T;True;1
1621250086000;14169392;1.21672;1.21678;1.21675;0;T;True;1
1621250087000;14169393;1.21672;1.21678;1.21675;0;T;True;1
1621250088000;14169394;1.21672;1.21678;1.21675;0;T;True;1
1621250089000;14169400;1.21676;1.21682;1.21679;5;T;True;1
1621250090000;14169403;1.21676;1.21682;1.21679;2;T;True;1
1621250091000;14169404;1.21676;1.21682;1.21679;0;T;True;1
1621250092000;14169405;1.21676;1.21682;1.21679;0;T;True;1
1621250093000;14169406;1.21676;1.21682;1.21679;0;T;True;1
1621250094000;14169408;1.21676;1.21682;1.21679;1;T;True;1
1621250095000;14169409;1.21676;1.21682;1.21679;0;T;True;1
1621250096000;14169416;1.21678;1.21684;1.21681;6;T;True;1
1621250097000;14169419;1.2168;1.21686;1.21683;2;T;True;1
1621250098000;14169421;1.2168;1.21686;1.21683;1;T;True;1
1621250099000;14169422;1.2168;1.21686;1.21683;0;T;True;1
1621250100000;14169430;1.21682;1.21688;1.21685;7;T;True;1
1621250101000;14169439;1.21683;1.21689;1.21686;8;T;True;1
1621250102000;14169441;1.21683;1.21689;1.21686;1;T;True;1
1621250103000;14169443;1.21683;1.21689;1.21686;1;T;True;1
1621250104000;14169444;1.21683;1.21689;1.21686;0;T;True;1
1621250105000;14169445;1.21683;1.21689;1.21686;0;T;True;1
1621250106000;14169455;1.21684;1.2169;1.21687;9;T;True;1
1621250107000;14169457;1.21684;1.2169;1.21687;1;T;True;1
1621250108000;14169461;1.21681;1.21687;1.21684;3;T;True;1
1621250109000;14169463;1.2168;1.21686;1.21683;1;T;True;1
1621250110000;14169465;1.21681;1.21687;1.21684;1;T;True;1
1621250111000;14169466;1.21681;1.21687;1.21684;0;T;True;1
1621250112000;14169467;1.21681;1.21687;1.21684;0;T;True;1
1621250113000;14169473;1.21676;1.21682;1.21679;5;T;True;1
1621250114000;14169478;1.21674;1.2168;1.21677;4;T;True;1
1621250115000;14169479;1.21674;1.2168;1.21677;0;T;True;1
1621250116000;14169480;1.21674;1.2168;1.21677;0;T;True;1
1621250117000;14169482;1.21674;1.2168;1.21677;1;T;True;1
1621250118000;14169484;1.21674;1.2168;1.21677;1;T;True;1
1621250119000;14169485;1.21674;1.2168;1.21677;0;T;True;1
1621250120000;14169486;1.21674;1.2168;1.21677;0;T;True;1
1621250121000;14169487;1.21674;1.2168;1.21677;0;T;True;1
1621250122000;14169489;1.21674;1.2168;1.21677;1;T;True;1
1621250123000;14169490;1.21674;1.2168;1.21677;0;T;True;1
1621250124000;14169491;1.21674;1.2168;1.21677;0;T;True;1
1621250125000;14169492;1.21674;1.2168;1.21677;0;T;True;1
1621250126000;14169493;1.21674;1.2168;1.21677;0;T;True;1
1621250127000;14169494;1.21674;1.2168;1.21677;0;T;True;1
1621250128000;14169497;1.21672;1.21678;1.21675;2;T;True;1
1621250129000;14169498;1.21672;1.21678;1.21675;0;T;True;1
1621250130000;14169499;1.21672;1.21678;1.21675;0;T;True;1
1621250131000;14169503;1.2167;1.21676;1.21673;3;T;True;1
1621250132000;14169505;1.2167;1.21676;1.21673;1;T;True;1
1621250133000;14169510;1.21669;1.21675;1.21672;4;T;True;1
1621250134000;14169521;1.21668;1.21674;1.21671;10;T;True;1
1621250135000;14169523;1.21668;1.21674;1.21671;1;T;True;1
1621250136000;14169530;1.21666;1.21672;1.21669;6;T;True;1
1621250137000;14169532;1.21666;1.21672;1.21669;1;T;True;1
1621250138000;14169540;1.21662;1.21668;1.21665;7;T;True;1
1621250139000;14169541;1.21662;1.21668;1.21665;0;T;True;1
1621250140000;14169543;1.21661;1.21667;1.21664;1;T;True;1
1621250141000;14169548;1.21658;1.21664;1.21661;4;T;True;1
1621250142000;14169553;1.21658;1.21664;1.21661;4;T;True;1
1621250143000;14169559;1.21656;1.21662;1.21659;5;T;True;1
1621250144000;14169561;1.21656;1.21662;1.21659;1;T;True;1
1621250145000;14169564;1.21655;1.21661;1.21658;2;T;True;1
1621250146000;14169568;1.21655;1.21661;1.21658;3;T;True;1
1621250147000;14169569;1.21655;1.21661;1.21658;0;T;True;1
1621250148000;14169570;1.21655;1.21661;1.21658;0;T;True;1
1621250149000;14169571;1.21655;1.21661;1.21658;0;T;True;1
1621250150000;14169572;1.21655;1.21661;1.21658;0;T;True;1
1621250151000;14169577;1.21657;1.21663;1.2166;4;T;True;1
1621250152000;14169579;1.21657;1.21663;1.2166;1;T;True;1
1621250153000;14169581;1.21657;1.21663;1.2166;1;T;True;1
1621250154000;14169582;1.21657;1.21663;1.2166;0;T;True;1
1621250155000;14169583;1.21657;1.21663;1.2166;0;T;True;1
1621250156000;14169584;1.21657;1.21663;1.2166;0;T;True;1
1621250157000;14169585;1.21657;1.21663;1.2166;0;T;True;1
1621250158000;14169587;1.21658;1.21664;1.21661;1;T;True;1
1621250159000;14169590;1.21657;1.21663;1.2166;2;T;True;1
1621250160000;14169592;1.21658;1.21664;1.21661;1;T;True;1
1621250161000;14169593;1.21658;1.21664;1.21661;0;T;True;1
1621250162000;14169594;1.21658;1.21664;1.21661;0;T;True;1
1621250163000;14169595;1.21658;1.21664;1.21661;0;T;True;1
1621250164000;14169597;1.21658;1.21664;1.21661;1;T;True;1
1621250165000;14169598;1.21658;1.21664;1.21661;0;T;True;1
1621250166000;14169599;1.21658;1.21664;1.21661;0;T;True;1
1621250167000;14169601;1.21658;1.21664;1.21661;1;T;True;1
1621250168000;14169604;1.21657;1.21663;1.2166;2;T;True;1
1621250169000;14169607;1.21657;1.21663;1.2166;2;T;True;1
1621250170000;14169608;1.21657;1.21663;1.2166;0;T;True;1
1621250171000;14169609;1.21657;1.21663;1.2166;0;T;True;1
1621250172000;14169611;1.21657;1.21663;1.2166;1;T;True;1
1621250173000;14169615;1.21655;1.21661;1.21658;3;T;True;1
1621250174000;14169616;1.21655;1.21661;1.21658;0;T;True;1
1621250175000;14169617;1.21655;1.21661;1.21658;0;T;True;1
1621250176000;14169618;1.21655;1.21661;1.21658;0;T;True;1
1621250177000;14169619;1.21655;1.21661;1.21658;0;T;True;1
1621250178000;14169620;1.21655;1.21661;1.21658;0;T;True;1
1621250179000;14169621;1.21655;1.21661;1.21658;0;T;True;1
1621250180000;14169624;1.21653;1.21659;1.21656;2;T;True;1
1621250181000;14169626;1.21652;1.21658;1.21655;1;T;True;1
1621250182000;14169632;1.21653;1.21659;1.21656;5;T;True;1
1621250183000;14169635;1.21653;1.21659;1.21656;2;T;True;1
1621250184000;14169636;1.21653;1.21659;1.21656;0;T;True;1
1621250185000;14169637;1.21653;1.21659;1.21656;0;T;True;1
1621250186000;14169638;1.21653;1.21659;1.21656;0;T;True;1
1621250187000;14169639;1.21653;1.21659;1.21656;0;T;True;1
1621250188000;14169643;1.21651;1.21657;1.21654;3;T;True;1
1621250189000;14169645;1.21651;1.21657;1.21654;1;T;True;1
1621250190000;14169646;1.21651;1.21657;1.21654;0;T;True;1
1621250191000;14169650;1.2165;1.21656;1.21653;3;T;True;1
1621250192000;14169654;1.21652;1.21658;1.21655;3;T;True;1
1621250193000;14169667;1.21658;1.21664;1.21661;12;T;True;1
1621250194000;14169669;1.21658;1.21664;1.21661;1;T;True;1
1621250195000;14169670;1.21658;1.21664;1.21661;0;T;True;1
1621250196000;14169672;1.2166;1.21666;1.21663;1;T;True;1
1621250197000;14169673;1.2166;1.21666;1.21663;0;T;True;1
1621250198000;14169678;1.2166;1.21666;1.21663;4;T;True;1
1621250199000;14169679;1.2166;1.21666;1.21663;0;T;True;1
1621250200000;14169682;1.21662;1.21668;1.21665;2;T;True;1
1621250201000;14169687;1.21661;1.21667;1.21664;4;T;True;1
1621250202000;14169688;1.21661;1.21667;1.21664;0;T;True;1
1621250203000;14169689;1.21661;1.21667;1.21664;0;T;True;1
1621250204000;14169690;1.21661;1.21667;1.21664;0;T;True;1
1621250205000;14169691;1.21661;1.21667;1.21664;0;T;True;1
1621250206000;14169692;1.21661;1.21667;1.21664;0;T;True;1
1621250207000;14169693;1.21661;1.21667;1.21664;0;T;True;1
1621250208000;14169695;1.21662;1.21668;1.21665;1;T;True;1
1621250209000;14169698;1.21661;1.21667;1.21664;2;T;True;1
1621250210000;14169700;1.21661;1.21667;1.21664;1;T;True;1
1621250211000;14169701;1.21661;1.21667;1.21664;0;T;True;1
1621250212000;14169707;1.21664;1.2167;1.21667;5;T;True;1
1621250213000;14169708;1.21664;1.2167;1.21667;0;T;True;1
1621250214000;14169710;1.21665;1.21671;1.21668;1;T;True;1
1621250215000;14169716;1.21662;1.21668;1.21665;5;T;True;1
1621250216000;14169718;1.21662;1.21668;1.21665;1;T;True;1
1621250217000;14169719;1.21662;1.21668;1.21665;0;T;True;1
1621250218000;14169720;1.21662;1.21668;1.21665;0;T;True;1
1621250219000;14169727;1.21664;1.2167;1.21667;6;T;True;1
1621250220000;14169729;1.21664;1.2167;1.21667;1;T;True;1
1621250221000;14169733;1.21662;1.21668;1.21665;3;T;True;1
1621250222000;14169742;1.2166;1.21666;1.21663;8;T;True;1
1621250223000;14169753;1.2166;1.21666;1.21663;10;T;True;1
1621250224000;14169756;1.2166;1.21666;1.21663;2;T;True;1
1621250225000;14169758;1.2166;1.21666;1.21663;1;T;True;1
1621250226000;14169760;1.2166;1.21666;1.21663;1;T;True;1
1621250227000;14169762;1.2166;1.21666;1.21663;1;T;True;1
1621250228000;14169763;1.2166;1.21666;1.21663;0;T;True;1
1621250229000;14169764;1.2166;1.21666;1.21663;0;T;True;1
1621250230000;14169765;1.2166;1.21666;1.21663;0;T;True;1
1621250231000;14169766;1.2166;1.21666;1.21663;0;T;True;1
1621250232000;14169769;1.21659;1.21665;1.21662;2;T;True;1
1621250233000;14169792;1.21661;1.21667;1.21664;22;T;True;1
1621250234000;14169797;1.21662;1.21668;1.21665;4;T;True;1
1621250235000;14169798;1.21662;1.21668;1.21665;0;T;True;1
1621250236000;14169802;1.21661;1.21667;1.21664;3;T;True;1
1621250237000;14169804;1.21661;1.21667;1.21664;1;T;True;1
1621250238000;14169811;1.21658;1.21664;1.21661;6;T;True;1
1621250239000;14169814;1.21658;1.21664;1.21661;2;T;True;1
1621250240000;14169815;1.21658;1.21664;1.21661;0;T;True;1
1621250241000;14169819;1.21658;1.21664;1.21661;3;T;True;1
1621250242000;14169824;1.21658;1.21664;1.21661;4;T;True;1
1621250243000;14169830;1.21656;1.21662;1.21659;5;T;True;1
1621250244000;14169834;1.21656;1.21662;1.21659;3;T;True;1
1621250245000;14169840;1.21656;1.21662;1.21659;5;T;True;1
1621250246000;14169841;1.21656;1.21662;1.21659;0;T;True;1
1621250247000;14169847;1.21652;1.21658;1.21655;5;T;True;1
1621250248000;14169850;1.21652;1.21658;1.21655;2;T;True;1
1621250249000;14169851;1.21652;1.21658;1.21655;0;T;True;1
1621250250000;14169857;1.2165;1.21656;1.21653;5;T;True;1
1621250251000;14169858;1.2165;1.21656;1.21653;0;T;True;1
1621250252000;14169859;1.2165;1.21656;1.21653;0;T;True;1
1621250253000;14169860;1.2165;1.21656;1.21653;0;T;True;1
1621250254000;14169866;1.21648;1.21654;1.21651;5;T;True;1
1621250255000;14169867;1.21648;1.21654;1.21651;0;T;True;1
1621250256000;14169874;1.21648;1.21654;1.21651;6;T;True;1
1621250257000;14169876;1.21648;1.21654;1.21651;1;T;True;1
1621250258000;14169877;1.21648;1.21654;1.21651;0;T;True;1
1621250259000;14169883;1.21648;1.21654;1.21651;5;T;True;1
1621250260000;14169885;1.21648;1.21654;1.21651;1;T;True;1
1621250261000;14169887;1.21648;1.21654;1.21651;1;T;True;1
1621250262000;14169891;1.21648;1.21654;1.21651;3;T;True;1
1621250263000;14169892;1.21648;1.21654;1.21651;0;T;True;1
1621250264000;14169893;1.21648;1.21654;1.21651;0;T;True;1
1621250265000;14169894;1.21648;1.21654;1.21651;0;T;True;1
1621250266000;14169898;1.21644;1.2165;1.21647;3;T;True;1
1621250267000;14169905;1.21648;1.21654;1.21651;6;T;True;1
1621250268000;14169907;1.21647;1.21653;1.2165;1;T;True;1
1621250269000;14169909;1.21648;1.21654;1.21651;1;T;True;1
1621250270000;14169910;1.21648;1.21654;1.21651;0;T;True;1
1621250271000;14169918;1.21645;1.21651;1.21648;7;T;True;1
1621250272000;14169920;1.21645;1.21651;1.21648;1;T;True;1
1621250273000;14169924;1.21645;1.21651;1.21648;3;T;True;1
1621250274000;14169927;1.21644;1.2165;1.21647;2;T;True;1
1621250275000;14169928;1.21644;1.2165;1.21647;0;T;True;1
1621250276000;14169929;1.21644;1.2165;1.21647;0;T;True;1
1621250277000;14169930;1.21644;1.2165;1.21647;0;T;True;1
1621250278000;14169939;1.2164;1.21646;1.21643;8;T;True;1
1621250279000;14169943;1.21642;1.21648;1.21645;3;T;True;1
1621250280000;14169944;1.21642;1.21648;1.21645;0;T;True;1
1621250281000;14169957;1.21648;1.21654;1.21651;12;T;True;1
1621250282000;14169958;1.21648;1.21654;1.21651;0;T;True;1
1621250283000;14169959;1.21648;1.21654;1.21651;0;T;True;1
1621250284000;14169965;1.2165;1.21656;1.21653;5;T;True;1
1621250285000;14169966;1.2165;1.21656;1.21653;0;T;True;1
1621250286000;14169971;1.21648;1.21654;1.21651;4;T;True;1
1621250287000;14169980;1.2165;1.21656;1.21653;8;T;True;1
1621250288000;14169984;1.2165;1.21656;1.21653;3;T;True;1
1621250289000;14169985;1.2165;1.21656;1.21653;0;T;True;1
1621250290000;14169986;1.2165;1.21656;1.21653;0;T;True;1
1621250291000;14169987;1.2165;1.21656;1.21653;0;T;True;1
1621250292000;14169990;1.2165;1.21656;1.21653;2;T;True;1
1621250293000;14169994;1.2165;1.21656;1.21653;3;T;True;1
1621250294000;14169996;1.2165;1.21656;1.21653;1;T;True;1
1621250295000;14169997;1.2165;1.21656;1.21653;0;T;True;1
1621250296000;14169998;1.2165;1.21656;1.21653;0;T;True;1
1621250297000;14169999;1.2165;1.21656;1.21653;0;T;True;1
1621250298000;14170001;1.21651;1.21657;1.21654;1;T;True;1
1621250299000;14170005;1.2165;1.21656;1.21653;3;T;True;1
1621250300000;14170014;1.21654;1.2166;1.21657;8;T;True;1
1621250301000;14170019;1.21652;1.21658;1.21655;4;T;True;1
1621250302000;14170021;1.21652;1.21658;1.21655;1;T;True;1
1621250303000;14170022;1.21652;1.21658;1.21655;0;T;True;1
1621250304000;14170028;1.21652;1.21658;1.21655;5;T;True;1
1621250305000;14170029;1.21652;1.21658;1.21655;0;T;True;1
1621250306000;14170030;1.21652;1.21658;1.21655;0;T;True;1
1621250307000;14170032;1.21652;1.21658;1.21655;1;T;True;1
1621250308000;14170034;1.21651;1.21657;1.21654;1;T;True;1
1621250309000;14170037;1.21651;1.21657;1.21654;2;T;True;1
1621250310000;14170038;1.21651;1.21657;1.21654;0;T;True;1
1621250311000;14170040;1.21651;1.21657;1.21654;1;T;True;1
1621250312000;14170046;1.2165;1.21656;1.21653;5;T;True;1
1621250313000;14170052;1.21645;1.21651;1.21648;5;T;True;1
1621250314000;14170056;1.21644;1.2165;1.21647;3;T;True;1
1621250315000;14170060;1.21644;1.2165;1.21647;3;T;True;1
1621250316000;14170071;1.21642;1.21648;1.21645;10;T;True;1
1621250317000;14170073;1.21642;1.21648;1.21645;1;T;True;1
1621250318000;14170079;1.21642;1.21648;1.21645;5;T;True;1
1621250319000;14170082;1.21642;1.21648;1.21645;2;T;True;1
1621250320000;14170089;1.21642;1.21648;1.21645;6;T;True;1
1621250321000;14170092;1.21642;1.21648;1.21645;2;T;True;1
1621250322000;14170105;1.21646;1.21652;1.21649;12;T;True;1
1621250323000;14170107;1.21644;1.2165;1.21647;1;T;True;1
1621250324000;14170111;1.21643;1.21649;1.21646;3;T;True;1
1621250325000;14170113;1.21643;1.21649;1.21646;1;T;True;1
1621250326000;14170115;1.21643;1.21649;1.21646;1;T;True;1
1621250327000;14170116;1.21643;1.21649;1.21646;0;T;True;1
1621250328000;14170117;1.21643;1.21649;1.21646;0;T;True;1
1621250329000;14170124;1.21642;1.21648;1.21645;6;T;True;1
1621250330000;14170125;1.21642;1.21648;1.21645;0;T;True;1
1621250331000;14170126;1.21642;1.21648;1.21645;0;T;True;1
1621250332000;14170127;1.21642;1.21648;1.21645;0;T;True;1
1621250333000;14170132;1.21644;1.2165;1.21647;4;T;True;1
1621250334000;14170134;1.21643;1.21649;1.21646;1;T;True;1
1621250335000;14170135;1.21643;1.21649;1.21646;0;T;True;1
1621250336000;14170138;1.21644;1.2165;1.21647;2;T;True;1
1621250337000;14170140;1.21644;1.2165;1.21647;1;T;True;1
1621250338000;14170141;1.21644;1.2165;1.21647;0;T;True;1
1621250339000;14170146;1.21644;1.2165;1.21647;4;T;True;1
1621250340000;14170147;1.21644;1.2165;1.21647;0;T;True;1
1621250341000;14170148;1.21644;1.2165;1.21647;0;T;True;1
1621250342000;14170149;1.21644;1.2165;1.21647;0;T;True;1
1621250343000;14170150;1.21644;1.2165;1.21647;0;T;True;1
1621250344000;14170151;1.21644;1.2165;1.21647;0;T;True;1
1621250345000;14170159;1.21646;1.21652;1.21649;7;T;True;1
1621250346000;14170166;1.21646;1.21652;1.21649;6;T;True;1
1621250347000;14170167;1.21646;1.21652;1.21649;0;T;True;1
1621250348000;14170168;1.21646;1.21652;1.21649;0;T;True;1
1621250349000;14170169;1.21646;1.21652;1.21649;0;T;True;1
1621250350000;14170170;1.21646;1.21652;1.21649;0;T;True;1
1621250351000;14170171;1.21646;1.21652;1.21649;0;T;True;1
1621250352000;14170172;1.21646;1.21652;1.21649;0;T;True;1
1621250353000;14170173;1.21646;1.21652;1.21649;0;T;True;1
1621250354000;14170174;1.21646;1.21652;1.21649;0;T;True;1
1621250355000;14170175;1.21646;1.21652;1.21649;0;T;True;1
1621250356000;14170176;1.21646;1.21652;1.21649;0;T;True;1
1621250357000;14170177;1.21646;1.21652;1.21649;0;T;True;1
1621250358000;14170178;1.21646;1.21652;1.21649;0;T;True;1
1621250359000;14170179;1.21646;1.21652;1.21649;0;T;True;1
1621250360000;14170180;1.21646;1.21652;1.21649;0;T;True;1
1621250361000;14170182;1.21646;1.21652;1.21649;1;T;True;1
1621250362000;14170183;1.21646;1.21652;1.21649;0;T;True;1
1621250363000;14170186;1.21647;1.21653;1.2165;2;T;True;1
1621250364000;14170188;1.21646;1.21652;1.21649;1;T;True;1
1621250365000;14170192;1.21644;1.2165;1.21647;3;T;True;1
1621250366000;14170193;1.21644;1.2165;1.21647;0;T;True;1
1621250367000;14170198;1.21643;1.21649;1.21646;4;T;True;1
1621250368000;14170199;1.21643;1.21649;1.21646;0;T;True;1
1621250369000;14170200;1.21643;1.21649;1.21646;0;T;True;1
1621250370000;14170209;1.21648;1.21654;1.21651;8;T;True;1
1621250371000;14170211;1.21648;1.21654;1.21651;1;T;True;1
1621250372000;14170212;1.21648;1.21654;1.21651;0;T;True;1
1621250373000;14170214;1.21648;1.21654;1.21651;1;T;True;1
1621250374000;14170218;1.21647;1.21653;1.2165;3;T;True;1
1621250375000;14170219;1.21647;1.21653;1.2165;0;T;True;1
1621250376000;14170221;1.21647;1.21653;1.2165;1;T;True;1
1621250377000;14170222;1.21647;1.21653;1.2165;0;T;True;1
1621250378000;14170223;1.21647;1.21653;1.2165;0;T;True;1
1621250379000;14170224;1.21647;1.21653;1.2165;0;T;True;1
1621250380000;14170228;1.21647;1.21653;1.2165;3;T;True;1
1621250381000;14170232;1.21647;1.21653;1.2165;3;T;True;1
1621250382000;14170234;1.21647;1.21653;1.2165;1;T;True;1
1621250383000;14170236;1.21647;1.21653;1.2165;1;T;True;1
1621250384000;14170237;1.21647;1.21653;1.2165;0;T;True;1
1621250385000;14170239;1.21647;1.21653;1.2165;1;T;True;1
1621250386000;14170241;1.21648;1.21654;1.21651;1;T;True;1
1621250387000;14170242;1.21648;1.21654;1.21651;0;T;True;1
1621250388000;14170249;1.21648;1.21654;1.21651;6;T;True;1
1621250389000;14170250;1.21648;1.21654;1.21651;0;T;True;1
1621250390000;14170251;1.21648;1.21654;1.21651;0;T;True;1
1621250391000;14170252;1.21648;1.21654;1.21651;0;T;True;1
1621250392000;14170253;1.21648;1.21654;1.21651;0;T;True;1
1621250393000;14170259;1.21652;1.21658;1.21655;5;T;True;1
1621250394000;14170271;1.21652;1.21658;1.21655;11;T;True;1
1621250395000;14170272;1.21652;1.21658;1.21655;0;T;True;1
1621250396000;14170274;1.21652;1.21658;1.21655;1;T;True;1
1621250397000;14170276;1.21652;1.21658;1.21655;1;T;True;1
1621250398000;14170277;1.21652;1.21658;1.21655;0;T;True;1
1621250399000;14170278;1.21652;1.21658;1.21655;0;T;True;1
1621250400000;14170279;1.21652;1.21658;1.21655;0;T;True;1
1621250401000;14170285;1.21648;1.21654;1.21651;5;T;True;1
1621250402000;14170292;1.21648;1.21654;1.21651;6;T;True;1
1621250403000;14170293;1.21648;1.21654;1.21651;0;T;True;1
1621250404000;14170294;1.21648;1.21654;1.21651;0;T;True;1
1621250405000;14170298;1.21646;1.21652;1.21649;3;T;True;1
1621250406000;14170301;1.21645;1.21651;1.21648;2;T;True;1
1621250407000;14170302;1.21645;1.21651;1.21648;0;T;True;1
1621250408000;14170309;1.21648;1.21654;1.21651;6;T;True;1
1621250409000;14170310;1.21648;1.21654;1.21651;0;T;True;1
1621250410000;14170316;1.21648;1.21654;1.21651;5;T;True;1
1621250411000;14170321;1.21646;1.21652;1.21649;4;T;True;1
1621250412000;14170325;1.21645;1.21651;1.21648;3;T;True;1
1621250413000;14170329;1.21646;1.21652;1.21649;3;T;True;1
1621250414000;14170330;1.21646;1.21652;1.21649;0;T;True;1
1621250415000;14170331;1.21646;1.21652;1.21649;0;T;True;1
1621250416000;14170332;1.21646;1.21652;1.21649;0;T;True;1
1621250417000;14170333;1.21646;1.21652;1.21649;0;T;True;1
1621250418000;14170334;1.21646;1.21652;1.21649;0;T;True;1
1621250419000;14170339;1.21646;1.21652;1.21649;4;T;True;1
1621250420000;14170341;1.21646;1.21652;1.21649;1;T;True;1
1621250421000;14170344;1.21646;1.21652;1.21649;2;T;True;1
1621250422000;14170347;1.21646;1.21652;1.21649;2;T;True;1
1621250423000;14170349;1.21646;1.21652;1.21649;1;T;True;1
1621250424000;14170352;1.21646;1.21652;1.21649;2;T;True;1
1621250425000;14170353;1.21646;1.21652;1.21649;0;T;True;1
1621250426000;14170354;1.21646;1.21652;1.21649;0;T;True;1
1621250427000;14170355;1.21646;1.21652;1.21649;0;T;True;1
1621250428000;14170356;1.21646;1.21652;1.21649;0;T;True;1
1621250429000;14170358;1.21645;1.21651;1.21648;1;T;True;1
1621250430000;14170363;1.21642;1.21648;1.21645;4;T;True;1
1621250431000;14170367;1.21644;1.2165;1.21647;3;T;True;1
1621250432000;14170370;1.21646;1.21652;1.21649;2;T;True;1
1621250433000;14170383;1.2165;1.21656;1.21653;12;T;True;1
1621250434000;14170384;1.2165;1.21656;1.21653;0;T;True;1
1621250435000;14170385;1.2165;1.21656;1.21653;0;T;True;1
1621250436000;14170386;1.2165;1.21656;1.21653;0;T;True;1
1621250437000;14170388;1.2165;1.21656;1.21653;1;T;True;1
1621250438000;14170389;1.2165;1.21656;1.21653;0;T;True;1
1621250439000;14170396;1.2165;1.21656;1.21653;6;T;True;1
1621250440000;14170398;1.2165;1.21656;1.21653;1;T;True;1
1621250441000;14170400;1.2165;1.21656;1.21653;1;T;True;1
1621250442000;14170408;1.21646;1.21652;1.21649;7;T;True;1
1621250443000;14170411;1.21647;1.21653;1.2165;2;T;True;1
1621250444000;14170412;1.21647;1.21653;1.2165;0;T;True;1
1621250445000;14170413;1.21647;1.21653;1.2165;0;T;True;1
1621250446000;14170414;1.21647;1.21653;1.2165;0;T;True;1
1621250447000;14170415;1.21647;1.21653;1.2165;0;T;True;1
1621250448000;14170416;1.21647;1.21653;1.2165;0;T;True;1
1621250449000;14170417;1.21647;1.21653;1.2165;0;T;True;1
1621250450000;14170418;1.21647;1.21653;1.2165;0;T;True;1
1621250451000;14170419;1.21647;1.21653;1.2165;0;T;True;1
1621250452000;14170420;1.21647;1.21653;1.2165;0;T;True;1
1621250453000;14170425;1.21648;1.21654;1.21651;4;T;True;1
1621250454000;14170427;1.21648;1.21654;1.21651;1;T;True;1
1621250455000;14170429;1.21648;1.21654;1.21651;1;T;True;1
1621250456000;14170431;1.21648;1.21654;1.21651;1;T;True;1
1621250457000;14170432;1.21648;1.21654;1.21651;0;T;True;1
1621250458000;14170438;1.21648;1.21654;1.21651;5;T;True;1
1621250459000;14170439;1.21648;1.21654;1.21651;0;T;True;1
1621250460000;14170440;1.21648;1.21654;1.21651;0;T;True;1
1621250461000;14170443;1.21647;1.21653;1.2165;2;T;True;1
1621250462000;14170447;1.21647;1.21653;1.2165;3;T;True;1
1621250463000;14170455;1.21646;1.21652;1.21649;7;T;True;1
1621250464000;14170456;1.21646;1.21652;1.21649;0;T;True;1
1621250465000;14170457;1.21646;1.21652;1.21649;0;T;True;1
1621250466000;14170459;1.21646;1.21652;1.21649;1;T;True;1
1621250467000;14170460;1.21646;1.21652;1.21649;0;T;True;1
1621250468000;14170461;1.21646;1.21652;1.21649;0;T;True;1
1621250469000;14170462;1.21646;1.21652;1.21649;0;T;True;1
1621250470000;14170463;1.21646;1.21652;1.21649;0;T;True;1
1621250471000;14170464;1.21646;1.21652;1.21649;0;T;True;1
1621250472000;14170466;1.21646;1.21652;1.21649;1;T;True;1
1621250473000;14170467;1.21646;1.21652;1.21649;0;T;True;1
1621250474000;14170468;1.21646;1.21652;1.21649;0;T;True;1
1621250475000;14170469;1.21646;1.21652;1.21649;0;T;True;1
1621250476000;14170470;1.21646;1.21652;1.21649;0;T;True;1
1621250477000;14170471;1.21646;1.21652;1.21649;0;T;True;1
1621250478000;14170472;1.21646;1.21652;1.21649;0;T;True;1
1621250479000;14170475;1.21647;1.21653;1.2165;2;T;True;1
1621250480000;14170477;1.21647;1.21653;1.2165;1;T;True;1
1621250481000;14170481;1.21646;1.21652;1.21649;3;T;True;1
1621250482000;14170482;1.21646;1.21652;1.21649;0;T;True;1
1621250483000;14170483;1.21646;1.21652;1.21649;0;T;True;1
1621250484000;14170484;1.21646;1.21652;1.21649;0;T;True;1
1621250485000;14170485;1.21646;1.21652;1.21649;0;T;True;1
1621250486000;14170486;1.21646;1.21652;1.21649;0;T;True;1
1621250487000;14170488;1.21646;1.21652;1.21649;1;T;True;1
1621250488000;14170489;1.21646;1.21652;1.21649;0;T;True;1
1621250489000;14170490;1.21646;1.21652;1.21649;0;T;True;1
1621250490000;14170493;1.21645;1.21651;1.21648;2;T;True;1
1621250491000;14170496;1.21645;1.21651;1.21648;2;T;True;1
1621250492000;14170498;1.21644;1.2165;1.21647;1;T;True;1
1621250493000;14170499;1.21644;1.2165;1.21647;0;T;True;1
1621250494000;14170500;1.21644;1.2165;1.21647;0;T;True;1
1621250495000;14170501;1.21644;1.2165;1.21647;0;T;True;1
1621250496000;14170504;1.21645;1.21651;1.21648;2;T;True;1
1621250497000;14170509;1.21647;1.21653;1.2165;4;T;True;1
1621250498000;14170510;1.21647;1.21653;1.2165;0;T;True;1
1621250499000;14170512;1.21646;1.21652;1.21649;1;T;True;1
1621250500000;14170521;1.21647;1.21653;1.2165;8;T;True;1
1621250501000;14170522;1.21647;1.21653;1.2165;0;T;True;1
1621250502000;14170523;1.21647;1.21653;1.2165;0;T;True;1
1621250503000;14170525;1.21647;1.21653;1.2165;1;T;True;1
1621250504000;14170526;1.21647;1.21653;1.2165;0;T;True;1
1621250505000;14170527;1.21647;1.21653;1.2165;0;T;True;1
1621250506000;14170529;1.21647;1.21653;1.2165;1;T;True;1
1621250507000;14170530;1.21647;1.21653;1.2165;0;T;True;1
1621250508000;14170531;1.21647;1.21653;1.2165;0;T;True;1
1621250509000;14170532;1.21647;1.21653;1.2165;0;T;True;1
1621250510000;14170536;1.21646;1.21652;1.21649;3;T;True;1
1621250511000;14170537;1.21646;1.21652;1.21649;0;T;True;1
1621250512000;14170539;1.21646;1.21652;1.21649;1;T;True;1
1621250513000;14170540;1.21646;1.21652;1.21649;0;T;True;1
1621250514000;14170541;1.21646;1.21652;1.21649;0;T;True;1
1621250515000;14170542;1.21646;1.21652;1.21649;0;T;True;1
1621250516000;14170543;1.21646;1.21652;1.21649;0;T;True;1
1621250517000;14170544;1.21646;1.21652;1.21649;0;T;True;1
1621250518000;14170547;1.21647;1.21653;1.2165;2;T;True;1
1621250519000;14170550;1.21647;1.21653;1.2165;2;T;True;1
1621250520000;14170551;1.21647;1.21653;1.2165;0;T;True;1
1621250521000;14170552;1.21647;1.21653;1.2165;0;T;True;1
1621250522000;14170553;1.21647;1.21653;1.2165;0;T;True;1
1621250523000;14170554;1.21647;1.21653;1.2165;0;T;True;1
1621250524000;14170555;1.21647;1.21653;1.2165;0;T;True;1
1621250525000;14170556;1.21647;1.21653;1.2165;0;T;True;1
1621250526000;14170567;1.21651;1.21657;1.21654;10;T;True;1
1621250527000;14170570;1.21651;1.21657;1.21654;2;T;True;1
1621250528000;14170574;1.21651;1.21657;1.21654;3;T;True;1
1621250529000;14170575;1.21651;1.21657;1.21654;0;T;True;1
1621250530000;14170578;1.21651;1.21657;1.21654;2;T;True;1
1621250531000;14170581;1.2165;1.21656;1.21653;2;T;True;1
1621250532000;14170590;1.2165;1.21656;1.21653;8;T;True;1
1621250533000;14170595;1.2165;1.21656;1.21653;4;T;True;1
1621250534000;14170600;1.2165;1.21656;1.21653;4;T;True;1
1621250535000;14170603;1.2165;1.21656;1.21653;2;T;True;1
1621250536000;14170604;1.2165;1.21656;1.21653;0;T;True;1
1621250537000;14170607;1.2165;1.21656;1.21653;2;T;True;1
1621250538000;14170609;1.2165;1.21656;1.21653;1;T;True;1
1621250539000;14170610;1.2165;1.21656;1.21653;0;T;True;1
1621250540000;14170612;1.21652;1.21658;1.21655;1;T;True;1
1621250541000;14170615;1.21651;1.21657;1.21654;2;T;True;1
1621250542000;14170618;1.21648;1.21654;1.21651;2;T;True;1
1621250543000;14170619;1.21648;1.21654;1.21651;0;T;True;1
1621250544000;14170625;1.21652;1.21658;1.21655;5;T;True;1
1621250545000;14170626;1.21652;1.21658;1.21655;0;T;True;1
1621250546000;14170627;1.21652;1.21658;1.21655;0;T;True;1
1621250547000;14170633;1.2165;1.21656;1.21653;5;T;True;1
1621250548000;14170634;1.2165;1.21656;1.21653;0;T;True;1
1621250549000;14170638;1.21652;1.21658;1.21655;3;T;True;1
1621250550000;14170639;1.21652;1.21658;1.21655;0;T;True;1
1621250551000;14170640;1.21652;1.21658;1.21655;0;T;True;1
1621250552000;14170642;1.21652;1.21658;1.21655;1;T;True;1
1621250553000;14170654;1.21652;1.21658;1.21655;11;T;True;1
1621250554000;14170664;1.21652;1.21658;1.21655;9;T;True;1
1621250555000;14170666;1.21652;1.21658;1.21655;1;T;True;1
1621250556000;14170668;1.21652;1.21658;1.21655;1;T;True;1
1621250557000;14170670;1.21652;1.21658;1.21655;1;T;True;1
1621250558000;14170673;1.21654;1.2166;1.21657;2;T;True;1
1621250559000;14170674;1.21654;1.2166;1.21657;0;T;True;1
1621250560000;14170675;1.21654;1.2166;1.21657;0;T;True;1
1621250561000;14170677;1.21654;1.2166;1.21657;1;T;True;1
1621250562000;14170678;1.21654;1.2166;1.21657;0;T;True;1
1621250563000;14170680;1.21654;1.2166;1.21657;1;T;True;1
1621250564000;14170683;1.21654;1.2166;1.21657;2;T;True;1
1621250565000;14170685;1.21654;1.2166;1.21657;1;T;True;1
1621250566000;14170686;1.21654;1.2166;1.21657;0;T;True;1
1621250567000;14170687;1.21654;1.2166;1.21657;0;T;True;1
1621250568000;14170688;1.21654;1.2166;1.21657;0;T;True;1
1621250569000;14170696;1.2165;1.21656;1.21653;7;T;True;1
1621250570000;14170699;1.2165;1.21656;1.21653;2;T;True;1
1621250571000;14170701;1.2165;1.21656;1.21653;1;T;True;1
1621250572000;14170704;1.2165;1.21656;1.21653;2;T;True;1
1621250573000;14170706;1.21651;1.21657;1.21654;1;T;True;1
1621250574000;14170707;1.21651;1.21657;1.21654;0;T;True;1
1621250575000;14170708;1.21651;1.21657;1.21654;0;T;True;1
1621250576000;14170711;1.21652;1.21658;1.21655;2;T;True;1
1621250577000;14170712;1.21652;1.21658;1.21655;0;T;True;1
1621250578000;14170721;1.21652;1.21658;1.21655;8;T;True;1
1621250579000;14170722;1.21652;1.21658;1.21655;0;T;True;1
1621250580000;14170727;1.21652;1.21658;1.21655;4;T;True;1
1621250581000;14170735;1.21652;1.21658;1.21655;7;T;True;1
1621250582000;14170736;1.21652;1.21658;1.21655;0;T;True;1
1621250583000;14170738;1.21652;1.21658;1.21655;1;T;True;1
1621250584000;14170740;1.21652;1.21658;1.21655;1;T;True;1
1621250585000;14170742;1.21652;1.21658;1.21655;1;T;True;1
1621250586000;14170743;1.21652;1.21658;1.21655;0;T;True;1
1621250587000;14170744;1.21652;1.21658;1.21655;0;T;True;1
1621250588000;14170745;1.21652;1.21658;1.21655;0;T;True;1
1621250589000;14170746;1.21652;1.21658;1.21655;0;T;True;1
1621250590000;14170747;1.21652;1.21658;1.21655;0;T;True;1
1621250591000;14170752;1.21653;1.21659;1.21656;4;T;True;1
1621250592000;14170754;1.21653;1.21659;1.21656;1;T;True;1
1621250593000;14170755;1.21653;1.21659;1.21656;0;T;True;1
1621250594000;14170757;1.21652;1.21658;1.21655;1;T;True;1
1621250595000;14170761;1.2165;1.21656;1.21653;3;T;True;1
1621250596000;14170762;1.2165;1.21656;1.21653;0;T;True;1
1621250597000;14170763;1.2165;1.21656;1.21653;0;T;True;1
1621250598000;14170764;1.2165;1.21656;1.21653;0;T;True;1
1621250599000;14170765;1.2165;1.21656;1.21653;0;T;True;1
1621250600000;14170766;1.2165;1.21656;1.21653;0;T;True;1
1621250601000;14170767;1.2165;1.21656;1.21653;0;T;True;1
1621250602000;14170768;1.2165;1.21656;1.21653;0;T;True;1
1621250603000;14170770;1.2165;1.21656;1.21653;1;T;True;1
1621250604000;14170772;1.2165;1.21656;1.21653;1;T;True;1
1621250605000;14170773;1.2165;1.21656;1.21653;0;T;True;1
1621250606000;14170774;1.2165;1.21656;1.21653;0;T;True;1
1621250607000;14170775;1.2165;1.21656;1.21653;0;T;True;1
1621250608000;14170776;1.2165;1.21656;1.21653;0;T;True;1
1621250609000;14170777;1.2165;1.21656;1.21653;0;T;True;1
1621250610000;14170778;1.2165;1.21656;1.21653;0;T;True;1
1621250611000;14170779;1.2165;1.21656;1.21653;0;T;True;1
1621250612000;14170787;1.21643;1.21649;1.21646;7;T;True;1
1621250613000;14170793;1.21642;1.21648;1.21645;5;T;True;1
1621250614000;14170795;1.21642;1.21648;1.21645;1;T;True;1
1621250615000;14170797;1.21642;1.21648;1.21645;1;T;True;1
1621250616000;14170798;1.21642;1.21648;1.21645;0;T;True;1
1621250617000;14170800;1.21642;1.21648;1.21645;1;T;True;1
1621250618000;14170802;1.21642;1.21648;1.21645;1;T;True;1
1621250619000;14170803;1.21642;1.21648;1.21645;0;T;True;1
1621250620000;14170805;1.21642;1.21648;1.21645;1;T;True;1
1621250621000;14170813;1.21642;1.21648;1.21645;7;T;True;1
1621250622000;14170816;1.21641;1.21647;1.21644;2;T;True;1
1621250623000;14170828;1.21643;1.21649;1.21646;11;T;True;1
1621250624000;14170832;1.21642;1.21648;1.21645;3;T;True;1
1621250625000;14170833;1.21642;1.21648;1.21645;0;T;True;1
1621250626000;14170834;1.21642;1.21648;1.21645;0;T;True;1
1621250627000;14170836;1.21641;1.21647;1.21644;1;T;True;1
1621250628000;14170838;1.2164;1.21646;1.21643;1;T;True;1
1621250629000;14170840;1.2164;1.21646;1.21643;1;T;True;1
1621250630000;14170841;1.2164;1.21646;1.21643;0;T;True;1
1621250631000;14170845;1.21638;1.21644;1.21641;3;T;True;1
1621250632000;14170848;1.21638;1.21644;1.21641;2;T;True;1
1621250633000;14170849;1.21638;1.21644;1.21641;0;T;True;1
1621250634000;14170861;1.2164;1.21646;1.21643;11;T;True;1
1621250635000;14170862;1.2164;1.21646;1.21643;0;T;True;1
1621250636000;14170863;1.2164;1.21646;1.21643;0;T;True;1
1621250637000;14170864;1.2164;1.21646;1.21643;0;T;True;1
1621250638000;14170868;1.21639;1.21645;1.21642;3;T;True;1
1621250639000;14170877;1.21642;1.21648;1.21645;8;T;True;1
1621250640000;14170880;1.21642;1.21648;1.21645;2;T;True;1
1621250641000;14170881;1.21642;1.21648;1.21645;0;T;True;1
1621250642000;14170884;1.21642;1.21648;1.21645;2;T;True;1
1621250643000;14170885;1.21642;1.21648;1.21645;0;T;True;1
1621250644000;14170886;1.21642;1.21648;1.21645;0;T;True;1
1621250645000;14170887;1.21642;1.21648;1.21645;0;T;True;1
1621250646000;14170890;1.21642;1.21648;1.21645;2;T;True;1
1621250647000;14170894;1.21638;1.21644;1.21641;3;T;True;1
1621250648000;14170897;1.21635;1.21641;1.21638;2;T;True;1
1621250649000;14170898;1.21635;1.21641;1.21638;0;T;True;1
1621250650000;14170900;1.21634;1.2164;1.21637;1;T;True;1
1621250651000;14170901;1.21634;1.2164;1.21637;0;T;True;1
1621250652000;14170902;1.21634;1.2164;1.21637;0;T;True;1
1621250653000;14170903;1.21634;1.2164;1.21637;0;T;True;1
1621250654000;14170905;1.21633;1.21639;1.21636;1;T;True;1
1621250655000;14170907;1.21633;1.21639;1.21636;1;T;True;1
1621250656000;14170921;1.21632;1.21638;1.21635;13;T;True;1
1621250657000;14170925;1.21632;1.21638;1.21635;3;T;True;1
1621250658000;14170929;1.2163;1.21636;1.21633;3;T;True;1
1621250659000;14170930;1.2163;1.21636;1.21633;0;T;True;1
1621250660000;14170934;1.2163;1.21636;1.21633;3;T;True;1
1621250661000;14170935;1.2163;1.21636;1.21633;0;T;True;1
1621250662000;14170937;1.2163;1.21636;1.21633;1;T;True;1
1621250663000;14170943;1.21632;1.21638;1.21635;5;T;True;1
1621250664000;14170951;1.21637;1.21643;1.2164;7;T;True;1
1621250665000;14170952;1.21637;1.21643;1.2164;0;T;True;1
1621250666000;14170960;1.21636;1.21642;1.21639;7;T;True;1
1621250667000;14170964;1.21636;1.21642;1.21639;3;T;True;1
1621250668000;14170977;1.21634;1.2164;1.21637;12;T;True;1
1621250669000;14170978;1.21634;1.2164;1.21637;0;T;True;1
1621250670000;14170980;1.21634;1.2164;1.21637;1;T;True;1
1621250671000;14170981;1.21634;1.2164;1.21637;0;T;True;1
1621250672000;14170982;1.21634;1.2164;1.21637;0;T;True;1
1621250673000;14170983;1.21634;1.2164;1.21637;0;T;True;1
1621250674000;14170985;1.21634;1.2164;1.21637;1;T;True;1
1621250675000;14170987;1.21634;1.2164;1.21637;1;T;True;1
1621250676000;14170993;1.21639;1.21645;1.21642;5;T;True;1
1621250677000;14170996;1.2164;1.21646;1.21643;2;T;True;1
1621250678000;14170998;1.21639;1.21645;1.21642;1;T;True;1
1621250679000;14171000;1.21638;1.21644;1.21641;1;T;True;1
1621250680000;14171002;1.21638;1.21644;1.21641;1;T;True;1
1621250681000;14171003;1.21638;1.21644;1.21641;0;T;True;1
1621250682000;14171005;1.21639;1.21645;1.21642;1;T;True;1
1621250683000;14171007;1.21638;1.21644;1.21641;1;T;True;1
1621250684000;14171008;1.21638;1.21644;1.21641;0;T;True;1
1621250685000;14171009;1.21638;1.21644;1.21641;0;T;True;1
1621250686000;14171017;1.21638;1.21644;1.21641;7;T;True;1
1621250687000;14171018;1.21638;1.21644;1.21641;0;T;True;1
1621250688000;14171022;1.2164;1.21646;1.21643;3;T;True;1
1621250689000;14171031;1.21642;1.21648;1.21645;8;T;True;1
1621250690000;14171032;1.21642;1.21648;1.21645;0;T;True;1
1621250691000;14171034;1.21642;1.21648;1.21645;1;T;True;1
1621250692000;14171042;1.21639;1.21645;1.21642;7;T;True;1
1621250693000;14171044;1.21638;1.21644;1.21641;1;T;True;1
1621250694000;14171046;1.21638;1.21644;1.21641;1;T;True;1
1621250695000;14171048;1.21638;1.21644;1.21641;1;T;True;1
1621250696000;14171051;1.21638;1.21644;1.21641;2;T;True;1
1621250697000;14171055;1.21636;1.21642;1.21639;3;T;True;1
1621250698000;14171056;1.21636;1.21642;1.21639;0;T;True;1
1621250699000;14171057;1.21636;1.21642;1.21639;0;T;True;1
1621250700000;14171058;1.21636;1.21642;1.21639;0;T;True;1
1621250701000;14171059;1.21636;1.21642;1.21639;0;T;True;1
1621250702000;14171065;1.21634;1.2164;1.21637;5;T;True;1
1621250703000;14171069;1.21633;1.21639;1.21636;3;T;True;1
1621250704000;14171072;1.21633;1.21639;1.21636;2;T;True;1
1621250705000;14171079;1.2163;1.21636;1.21633;6;T;True;1
1621250706000;14171081;1.2163;1.21636;1.21633;1;T;True;1
1621250707000;14171082;1.2163;1.21636;1.21633;0;T;True;1
1621250708000;14171090;1.21628;1.21634;1.21631;7;T;True;1
1621250709000;14171098;1.21624;1.2163;1.21627;7;T;True;1
1621250710000;14171105;1.21628;1.21634;1.21631;6;T;True;1
1621250711000;14171110;1.21628;1.21634;1.21631;4;T;True;1
1621250712000;14171120;1.21626;1.21632;1.21629;9;T;True;1
1621250713000;14171128;1.2163;1.21636;1.21633;7;T;True;1
1621250714000;14171135;1.21632;1.21638;1.21635;6;T;True;1
1621250715000;14171138;1.21632;1.21638;1.21635;2;T;True;1
1621250716000;14171141;1.21632;1.21638;1.21635;2;T;True;1
1621250717000;14171142;1.21632;1.21638;1.21635;0;T;True;1
1621250718000;14171147;1.21632;1.21638;1.21635;4;T;True;1
1621250719000;14171151;1.21632;1.21638;1.21635;3;T;True;1
1621250720000;14171153;1.21632;1.21638;1.21635;1;T;True;1
1621250721000;14171161;1.21627;1.21633;1.2163;7;T;True;1
1621250722000;14171162;1.21627;1.21633;1.2163;0;T;True;1
1621250723000;14171173;1.2162;1.21626;1.21623;10;T;True;1
1621250724000;14171192;1.21617;1.21623;1.2162;18;T;True;1
1621250725000;14171198;1.21618;1.21624;1.21621;5;T;True;1
1621250726000;14171201;1.21618;1.21624;1.21621;2;T;True;1
1621250727000;14171204;1.21617;1.21623;1.2162;2;T;True;1
1621250728000;14171209;1.21618;1.21624;1.21621;4;T;True;1
1621250729000;14171211;1.21618;1.21624;1.21621;1;T;True;1
1621250730000;14171212;1.21618;1.21624;1.21621;0;T;True;1
1621250731000;14171221;1.2162;1.21626;1.21623;8;T;True;1
1621250732000;14171223;1.2162;1.21626;1.21623;1;T;True;1
1621250733000;14171224;1.2162;1.21626;1.21623;0;T;True;1
1621250734000;14171225;1.2162;1.21626;1.21623;0;T;True;1
1621250735000;14171228;1.21617;1.21623;1.2162;2;T;True;1
1621250736000;14171230;1.21617;1.21623;1.2162;1;T;True;1
1621250737000;14171237;1.21613;1.21619;1.21616;6;T;True;1
1621250738000;14171239;1.21614;1.2162;1.21617;1;T;True;1
1621250739000;14171242;1.21614;1.2162;1.21617;2;T;True;1
1621250740000;14171243;1.21614;1.2162;1.21617;0;T;True;1
1621250741000;14171244;1.21614;1.2162;1.21617;0;T;True;1
1621250742000;14171248;1.21612;1.21618;1.21615;3;T;True;1
1621250743000;14171249;1.21612;1.21618;1.21615;0;T;True;1
1621250744000;14171250;1.21612;1.21618;1.21615;0;T;True;1
1621250745000;14171258;1.21612;1.21618;1.21615;7;T;True;1
1621250746000;14171263;1.21612;1.21618;1.21615;4;T;True;1
1621250747000;14171267;1.21612;1.21618;1.21615;3;T;True;1
1621250748000;14171269;1.21612;1.21618;1.21615;1;T;True;1
1621250749000;14171273;1.21612;1.21618;1.21615;3;T;True;1
1621250750000;14171274;1.21612;1.21618;1.21615;0;T;True;1
1621250751000;14171275;1.21612;1.21618;1.21615;0;T;True;1
1621250752000;14171279;1.2161;1.21616;1.21613;3;T;True;1
1621250753000;14171284;1.2161;1.21616;1.21613;4;T;True;1
1621250754000;14171288;1.21612;1.21618;1.21615;3;T;True;1
1621250755000;14171291;1.21613;1.21619;1.21616;2;T;True;1
1621250756000;14171294;1.21614;1.2162;1.21617;2;T;True;1
1621250757000;14171296;1.21614;1.2162;1.21617;1;T;True;1
1621250758000;14171297;1.21614;1.2162;1.21617;0;T;True;1
1621250759000;14171303;1.21616;1.21622;1.21619;5;T;True;1
1621250760000;14171308;1.21618;1.21624;1.21621;4;T;True;1
1621250761000;14171311;1.21618;1.21624;1.21621;2;T;True;1
1621250762000;14171313;1.21619;1.21625;1.21622;1;T;True;1
1621250763000;14171314;1.21619;1.21625;1.21622;0;T;True;1
1621250764000;14171315;1.21619;1.21625;1.21622;0;T;True;1
1621250765000;14171316;1.21619;1.21625;1.21622;0;T;True;1
1621250766000;14171317;1.21619;1.21625;1.21622;0;T;True;1
1621250767000;14171318;1.21619;1.21625;1.21622;0;T;True;1
1621250768000;14171320;1.21618;1.21624;1.21621;1;T;True;1
1621250769000;14171321;1.21618;1.21624;1.21621;0;T;True;1
1621250770000;14171323;1.21618;1.21624;1.21621;1;T;True;1
1621250771000;14171329;1.21618;1.21624;1.21621;5;T;True;1
1621250772000;14171332;1.21618;1.21624;1.21621;2;T;True;1
1621250773000;14171333;1.21618;1.21624;1.21621;0;T;True;1
1621250774000;14171336;1.21618;1.21624;1.21621;2;T;True;1
1621250775000;14171339;1.21615;1.21621;1.21618;2;T;True;1
1621250776000;14171345;1.21612;1.21618;1.21615;5;T;True;1
1621250777000;14171349;1.21612;1.21618;1.21615;3;T;True;1
1621250778000;14171356;1.2161;1.21616;1.21613;6;T;True;1
1621250779000;14171358;1.2161;1.21616;1.21613;1;T;True;1
1621250780000;14171360;1.2161;1.21616;1.21613;1;T;True;1
1621250781000;14171361;1.2161;1.21616;1.21613;0;T;True;1
1621250782000;14171370;1.21611;1.21617;1.21614;8;T;True;1
1621250783000;14171373;1.2161;1.21616;1.21613;2;T;True;1
1621250784000;14171377;1.21612;1.21618;1.21615;3;T;True;1
1621250785000;14171384;1.21614;1.2162;1.21617;6;T;True;1
1621250786000;14171385;1.21614;1.2162;1.21617;0;T;True;1
1621250787000;14171387;1.21614;1.2162;1.21617;1;T;True;1
1621250788000;14171388;1.21614;1.2162;1.21617;0;T;True;1
1621250789000;14171389;1.21614;1.2162;1.21617;0;T;True;1
1621250790000;14171390;1.21614;1.2162;1.21617;0;T;True;1
1621250791000;14171396;1.21616;1.21622;1.21619;5;T;True;1
1621250792000;14171399;1.21616;1.21622;1.21619;2;T;True;1
1621250793000;14171403;1.21616;1.21622;1.21619;3;T;True;1
1621250794000;14171409;1.21616;1.21622;1.21619;5;T;True;1
