ts;n;bid;ask;value;volume;phase;round;active_id
1621215193000;14090989;1.21372;1.21378;1.21375;0;T;True;1
1621215194000;14090991;1.21372;1.21378;1.21375;1;T;True;1
1621215195000;14090993;1.21372;1.21378;1.21375;1;T;True;1
1621215196000;14090994;1.21372;1.21378;1.21375;0;T;True;1
1621215197000;14090996;1.21372;1.21378;1.21375;1;T;True;1
1621215198000;14090999;1.21372;1.21378;1.21375;2;T;True;1
1621215199000;14091000;1.21372;1.21378;1.21375;0;T;True;1
1621215200000;14091004;1.21372;1.21378;1.21375;3;T;True;1
1621215201000;14091006;1.21372;1.21378;1.21375;1;T;True;1
1621215202000;14091007;1.21372;1.21378;1.21375;0;T;True;1
1621215203000;14091008;1.21372;1.21378;1.21375;0;T;True;1
1621215204000;14091011;1.2137;1.21376;1.21373;2;T;True;1
1621215205000;14091018;1.2137;1.21376;1.21373;6;T;True;1
1621215206000;14091019;1.2137;1.21376;1.21373;0;T;True;1
1621215207000;14091022;1.2137;1.21376;1.21373;2;T;True;1
1621215208000;14091024;1.2137;1.21376;1.21373;1;T;True;1
1621215209000;14091026;1.2137;1.21376;1.21373;1;T;True;1
1621215210000;14091030;1.21372;1.21378;1.21375;3;T;True;1
1621215211000;14091031;1.21372;1.21378;1.21375;0;T;True;1
1621215212000;14091032;1.21372;1.21378;1.21375;0;T;True;1
1621215213000;14091033;1.21372;1.21378;1.21375;0;T;True;1
1621215214000;14091034;1.21372;1.21378;1.21375;0;T;True;1
1621215215000;14091035;1.21372;1.21378;1.21375;0;T;True;1
1621215216000;14091036;1.21372;1.21378;1.21375;0;T;True;1
1621215217000;14091039;1.21372;1.21378;1.21375;2;T;True;1
1621215218000;14091040;1.21372;1.21378;1.21375;0;T;True;1
1621215219000;14091041;1.21372;1.21378;1.21375;0;T;True;1
1621215220000;14091042;1.21372;1.21378;1.21375;0;T;True;1
1621215221000;14091043;1.21372;1.21378;1.21375;0;T;True;1
1621215222000;14091045;1.21372;1.21378;1.21375;1;T;True;1
1621215223000;14091049;1.21372;1.21378;1.21375;3;T;True;1
1621215224000;14091051;1.21372;1.21378;1.21375;1;T;True;1
1621215225000;14091052;1.21372;1.21378;1.21375;0;T;True;1
1621215226000;14091053;1.21372;1.21378;1.21375;0;T;True;1
1621215227000;14091055;1.21372;1.21378;1.21375;1;T;True;1
1621215228000;14091057;1.21372;1.21378;1.21375;1;T;True;1
1621215229000;14091060;1.21372;1.21378;1.21375;2;T;True;1
1621215230000;14091061;1.21372;1.21378;1.21375;0;T;True;1
1621215231000;14091062;1.21372;1.21378;1.21375;0;T;True;1
1621215232000;14091064;1.21372;1.21378;1.21375;1;T;True;1
1621215233000;14091065;1.21372;1.21378;1.21375;0;T;True;1
1621215234000;14091066;1.21372;1.21378;1.21375;0;T;True;1
1621215235000;14091070;1.2137;1.21376;1.21373;3;T;True;1
1621215236000;14091071;1.2137;1.21376;1.21373;0;T;True;1
1621215237000;14091072;1.2137;1.21376;1.21373;0;T;True;1
1621215238000;14091075;1.21371;1.21377;1.21374;2;T;True;1
1621215239000;14091080;1.21373;1.21379;1.21376;4;T;True;1
1621215240000;14091083;1.21372;1.21378;1.21375;2;T;True;1
1621215241000;14091085;1.21372;1.21378;1.21375;1;T;True;1
1621215242000;14091092;1.21374;1.2138;1.21377;6;T;True;1
1621215243000;14091095;1.21374;1.2138;1.21377;2;T;True;1
1621215244000;14091096;1.21374;1.2138;1.21377;0;T;True;1
1621215245000;14091102;1.21374;1.2138;1.21377;5;T;True;1
1621215246000;14091105;1.21375;1.21381;1.21378;2;T;True;1
1621215247000;14091109;1.21376;1.21382;1.21379;3;T;True;1
1621215248000;14091111;1.21376;1.21382;1.21379;1;T;True;1
1621215249000;14091119;1.21374;1.2138;1.21377;7;T;True;1
1621215250000;14091122;1.21374;1.2138;1.21377;2;T;True;1
1621215251000;14091131;1.21376;1.21382;1.21379;8;T;True;1
1621215252000;14091133;1.21376;1.21382;1.21379;1;T;True;1
1621215253000;14091134;1.21376;1.21382;1.21379;0;T;True;1
1621215254000;14091136;1.21376;1.21382;1.21379;1;T;True;1
1621215255000;14091140;1.21379;1.21385;1.21382;3;T;True;1
1621215256000;14091141;1.21379;1.21385;1.21382;0;T;True;1
1621215257000;14091145;1.21378;1.21384;1.21381;3;T;True;1
1621215258000;14091149;1.21377;1.21383;1.2138;3;T;True;1
1621215259000;14091151;1.21378;1.21384;1.21381;1;T;True;1
1621215260000;14091155;1.21378;1.21384;1.21381;3;T;True;1
1621215261000;14091156;1.21378;1.21384;1.21381;0;T;True;1
1621215262000;14091157;1.21378;1.21384;1.21381;0;T;True;1
1621215263000;14091158;1.21378;1.21384;1.21381;0;T;True;1
1621215264000;14091159;1.21378;1.21384;1.21381;0;T;True;1
1621215265000;14091161;1.21378;1.21384;1.21381;1;T;True;1
1621215266000;14091163;1.21378;1.21384;1.21381;1;T;True;1
1621215267000;14091167;1.21378;1.21384;1.21381;3;T;True;1
1621215268000;14091170;1.21377;1.21383;1.2138;2;T;True;1
1621215269000;14091172;1.21376;1.21382;1.21379;1;T;True;1
1621215270000;14091173;1.21376;1.21382;1.21379;0;T;True;1
1621215271000;14091174;1.21376;1.21382;1.21379;0;T;True;1
1621215272000;14091177;1.21376;1.21382;1.21379;2;T;True;1
1621215273000;14091178;1.21376;1.21382;1.21379;0;T;True;1
1621215274000;14091183;1.21378;1.21384;1.21381;4;T;True;1
1621215275000;14091184;1.21378;1.21384;1.21381;0;T;True;1
1621215276000;14091185;1.21378;1.21384;1.21381;0;T;True;1
1621215277000;14091186;1.21378;1.21384;1.21381;0;T;True;1
1621215278000;14091187;1.21378;1.21384;1.21381;0;T;True;1
1621215279000;14091190;1.21376;1.21382;1.21379;2;T;True;1
1621215280000;14091194;1.21374;1.2138;1.21377;3;T;True;1
1621215281000;14091196;1.21373;1.21379;1.21376;1;T;True;1
1621215282000;14091198;1.21372;1.21378;1.21375;1;T;True;1
1621215283000;14091199;1.21372;1.21378;1.21375;0;T;True;1
1621215284000;14091200;1.21372;1.21378;1.21375;0;T;True;1
1621215285000;14091201;1.21372;1.21378;1.21375;0;T;True;1
1621215286000;14091202;1.21372;1.21378;1.21375;0;T;True;1
1621215287000;14091203;1.21372;1.21378;1.21375;0;T;True;1
1621215288000;14091204;1.21372;1.21378;1.21375;0;T;True;1
1621215289000;14091205;1.21372;1.21378;1.21375;0;T;True;1
1621215290000;14091206;1.21372;1.21378;1.21375;0;T;True;1
1621215291000;14091207;1.21372;1.21378;1.21375;0;T;True;1
1621215292000;14091208;1.21372;1.21378;1.21375;0;T;True;1
1621215293000;14091209;1.21372;1.21378;1.21375;0;T;True;1
1621215294000;14091210;1.21372;1.21378;1.21375;0;T;True;1
1621215295000;14091213;1.21371;1.21377;1.21374;2;T;True;1
1621215296000;14091214;1.21371;1.21377;1.21374;0;T;True;1
1621215297000;14091215;1.21371;1.21377;1.21374;0;T;True;1
1621215298000;14091216;1.21371;1.21377;1.21374;0;T;True;1
1621215299000;14091218;1.21371;1.21377;1.21374;1;T;True;1
1621215300000;14091219;1.21371;1.21377;1.21374;0;T;True;1
1621215301000;14091220;1.21371;1.21377;1.21374;0;T;True;1
1621215302000;14091221;1.21371;1.21377;1.21374;0;T;True;1
1621215303000;14091222;1.21371;1.21377;1.21374;0;T;True;1
1621215304000;14091223;1.21371;1.21377;1.21374;0;T;True;1
1621215305000;14091226;1.2137;1.21376;1.21373;2;T;True;1
1621215306000;14091227;1.2137;1.21376;1.21373;0;T;True;1
1621215307000;14091232;1.21371;1.21377;1.21374;4;T;True;1
1621215308000;14091234;1.21372;1.21378;1.21375;1;T;True;1
1621215309000;14091235;1.21372;1.21378;1.21375;0;T;True;1
1621215310000;14091236;1.21372;1.21378;1.21375;0;T;True;1
1621215311000;14091238;1.21372;1.21378;1.21375;1;T;True;1
1621215312000;14091239;1.21372;1.21378;1.21375;0;T;True;1
1621215313000;14091240;1.21372;1.21378;1.21375;0;T;True;1
1621215314000;14091241;1.21372;1.21378;1.21375;0;T;True;1
1621215315000;14091243;1.2137;1.21376;1.21373;1;T;True;1
1621215316000;14091246;1.21369;1.21375;1.21372;2;T;True;1
1621215317000;14091249;1.21368;1.21374;1.21371;2;T;True;1
1621215318000;14091250;1.21368;1.21374;1.21371;0;T;True;1
1621215319000;14091251;1.21368;1.21374;1.21371;0;T;True;1
1621215320000;14091252;1.21368;1.21374;1.21371;0;T;True;1
1621215321000;14091253;1.21368;1.21374;1.21371;0;T;True;1
1621215322000;14091254;1.21368;1.21374;1.21371;0;T;True;1
1621215323000;14091255;1.21368;1.21374;1.21371;0;T;True;1
1621215324000;14091256;1.21368;1.21374;1.21371;0;T;True;1
1621215325000;14091257;1.21368;1.21374;1.21371;0;T;True;1
1621215326000;14091258;1.21368;1.21374;1.21371;0;T;True;1
1621215327000;14091259;1.21368;1.21374;1.21371;0;T;True;1
1621215328000;14091260;1.21368;1.21374;1.21371;0;T;True;1
1621215329000;14091261;1.21368;1.21374;1.21371;0;T;True;1
1621215330000;14091263;1.21368;1.21374;1.21371;1;T;True;1
1621215331000;14091264;1.21368;1.21374;1.21371;0;T;True;1
1621215332000;14091265;1.21368;1.21374;1.21371;0;T;True;1
1621215333000;14091266;1.21368;1.21374;1.21371;0;T;True;1
1621215334000;14091267;1.21368;1.21374;1.21371;0;T;True;1
1621215335000;14091268;1.21368;1.21374;1.21371;0;T;True;1
1621215336000;14091270;1.21368;1.21374;1.21371;1;T;True;1
1621215337000;14091271;1.21368;1.21374;1.21371;0;T;True;1
1621215338000;14091272;1.21368;1.21374;1.21371;0;T;True;1
1621215339000;14091273;1.21368;1.21374;1.21371;0;T;True;1
1621215340000;14091275;1.21368;1.21374;1.21371;1;T;True;1
1621215341000;14091276;1.21368;1.21374;1.21371;0;T;True;1
1621215342000;14091277;1.21368;1.21374;1.21371;0;T;True;1
1621215343000;14091278;1.21368;1.21374;1.21371;0;T;True;1
1621215344000;14091279;1.21368;1.21374;1.21371;0;T;True;1
1621215345000;14091286;1.21364;1.2137;1.21367;6;T;True;1
1621215346000;14091291;1.21361;1.21367;1.21364;4;T;True;1
1621215347000;14091292;1.21361;1.21367;1.21364;0;T;True;1
1621215348000;14091293;1.21361;1.21367;1.21364;0;T;True;1
1621215349000;14091294;1.21361;1.21367;1.21364;0;T;True;1
1621215350000;14091295;1.21361;1.21367;1.21364;0;T;True;1
1621215351000;14091298;1.21358;1.21364;1.21361;2;T;True;1
1621215352000;14091300;1.21358;1.21364;1.21361;1;T;True;1
1621215353000;14091304;1.21359;1.21365;1.21362;3;T;True;1
1621215354000;14091309;1.21358;1.21364;1.21361;4;T;True;1
1621215355000;14091312;1.21357;1.21363;1.2136;2;T;True;1
1621215356000;14091313;1.21357;1.21363;1.2136;0;T;True;1
1621215357000;14091315;1.21356;1.21362;1.21359;1;T;True;1
1621215358000;14091316;1.21356;1.21362;1.21359;0;T;True;1
1621215359000;14091317;1.21356;1.21362;1.21359;0;T;True;1
1621215360000;14091318;1.21356;1.21362;1.21359;0;T;True;1
1621215361000;14091320;1.21357;1.21363;1.2136;1;T;True;1
1621215362000;14091321;1.21357;1.21363;1.2136;0;T;True;1
1621215363000;14091322;1.21357;1.21363;1.2136;0;T;True;1
1621215364000;14091324;1.21357;1.21363;1.2136;1;T;True;1
1621215365000;14091325;1.21357;1.21363;1.2136;0;T;True;1
1621215366000;14091331;1.21357;1.21363;1.2136;5;T;True;1
1621215367000;14091332;1.21357;1.21363;1.2136;0;T;True;1
1621215368000;14091333;1.21357;1.21363;1.2136;0;T;True;1
1621215369000;14091338;1.21357;1.21363;1.2136;4;T;True;1
1621215370000;14091339;1.21357;1.21363;1.2136;0;T;True;1
1621215371000;14091340;1.21357;1.21363;1.2136;0;T;True;1
1621215372000;14091341;1.21357;1.21363;1.2136;0;T;True;1
1621215373000;14091342;1.21357;1.21363;1.2136;0;T;True;1
1621215374000;14091346;1.21357;1.21363;1.2136;3;T;True;1
1621215375000;14091352;1.21356;1.21362;1.21359;5;T;True;1
1621215376000;14091353;1.21356;1.21362;1.21359;0;T;True;1
1621215377000;14091354;1.21356;1.21362;1.21359;0;T;True;1
1621215378000;14091355;1.21356;1.21362;1.21359;0;T;True;1
1621215379000;14091356;1.21356;1.21362;1.21359;0;T;True;1
1621215380000;14091357;1.21356;1.21362;1.21359;0;T;True;1
1621215381000;14091358;1.21356;1.21362;1.21359;0;T;True;1
1621215382000;14091359;1.21356;1.21362;1.21359;0;T;True;1
1621215383000;14091360;1.21356;1.21362;1.21359;0;T;True;1
1621215384000;14091364;1.21354;1.2136;1.21357;3;T;True;1
1621215385000;14091365;1.21354;1.2136;1.21357;0;T;True;1
1621215386000;14091366;1.21354;1.2136;1.21357;0;T;True;1
1621215387000;14091367;1.21354;1.2136;1.21357;0;T;True;1
1621215388000;14091368;1.21354;1.2136;1.21357;0;T;True;1
1621215389000;14091375;1.21356;1.21362;1.21359;6;T;True;1
1621215390000;14091376;1.21356;1.21362;1.21359;0;T;True;1
1621215391000;14091377;1.21356;1.21362;1.21359;0;T;True;1
1621215392000;14091378;1.21356;1.21362;1.21359;0;T;True;1
1621215393000;14091380;1.21356;1.21362;1.21359;1;T;True;1
1621215394000;14091381;1.21356;1.21362;1.21359;0;T;True;1
1621215395000;14091382;1.21356;1.21362;1.21359;0;T;True;1
1621215396000;14091383;1.21356;1.21362;1.21359;0;T;True;1
1621215397000;14091384;1.21356;1.21362;1.21359;0;T;True;1
1621215398000;14091386;1.21356;1.21362;1.21359;1;T;True;1
1621215399000;14091390;1.21355;1.21361;1.21358;3;T;True;1
1621215400000;14091391;1.21355;1.21361;1.21358;0;T;True;1
1621215401000;14091392;1.21355;1.21361;1.21358;0;T;True;1
1621215402000;14091394;1.21354;1.2136;1.21357;1;T;True;1
1621215403000;14091395;1.21354;1.2136;1.21357;0;T;True;1
1621215404000;14091397;1.21354;1.2136;1.21357;1;T;True;1
1621215405000;14091404;1.21356;1.21362;1.21359;6;T;True;1
1621215406000;14091405;1.21356;1.21362;1.21359;0;T;True;1
1621215407000;14091406;1.21356;1.21362;1.21359;0;T;True;1
1621215408000;14091409;1.21354;1.2136;1.21357;2;T;True;1
1621215409000;14091412;1.21352;1.21358;1.21355;2;T;True;1
1621215410000;14091413;1.21352;1.21358;1.21355;0;T;True;1
1621215411000;14091418;1.21351;1.21357;1.21354;4;T;True;1
1621215412000;14091420;1.21352;1.21358;1.21355;1;T;True;1
1621215413000;14091421;1.21352;1.21358;1.21355;0;T;True;1
1621215414000;14091423;1.21352;1.21358;1.21355;1;T;True;1
1621215415000;14091428;1.21354;1.2136;1.21357;4;T;True;1
1621215416000;14091430;1.21354;1.2136;1.21357;1;T;True;1
1621215417000;14091431;1.21354;1.2136;1.21357;0;T;True;1
1621215418000;14091435;1.21354;1.2136;1.21357;3;T;True;1
1621215419000;14091436;1.21354;1.2136;1.21357;0;T;True;1
1621215420000;14091437;1.21354;1.2136;1.21357;0;T;True;1
1621215421000;14091438;1.21354;1.2136;1.21357;0;T;True;1
1621215422000;14091439;1.21354;1.2136;1.21357;0;T;True;1
1621215423000;14091441;1.21354;1.2136;1.21357;1;T;True;1
1621215424000;14091445;1.21354;1.2136;1.21357;3;T;True;1
1621215425000;14091449;1.21354;1.2136;1.21357;3;T;True;1
1621215426000;14091454;1.21352;1.21358;1.21355;4;T;True;1
1621215427000;14091455;1.21352;1.21358;1.21355;0;T;True;1
1621215428000;14091457;1.21352;1.21358;1.21355;1;T;True;1
1621215429000;14091458;1.21352;1.21358;1.21355;0;T;True;1
1621215430000;14091460;1.21352;1.21358;1.21355;1;T;True;1
1621215431000;14091463;1.21352;1.21358;1.21355;2;T;True;1
1621215432000;14091464;1.21352;1.21358;1.21355;0;T;True;1
1621215433000;14091467;1.21352;1.21358;1.21355;2;T;True;1
1621215434000;14091470;1.21352;1.21358;1.21355;2;T;True;1
1621215435000;14091471;1.21352;1.21358;1.21355;0;T;True;1
1621215436000;14091472;1.21352;1.21358;1.21355;0;T;True;1
1621215437000;14091473;1.21352;1.21358;1.21355;0;T;True;1
1621215438000;14091476;1.21352;1.21358;1.21355;2;T;True;1
1621215439000;14091481;1.21351;1.21357;1.21354;4;T;True;1
1621215440000;14091484;1.21352;1.21358;1.21355;2;T;True;1
1621215441000;14091488;1.21352;1.21358;1.21355;3;T;True;1
1621215442000;14091489;1.21352;1.21358;1.21355;0;T;True;1
1621215443000;14091490;1.21352;1.21358;1.21355;0;T;True;1
1621215444000;14091492;1.21352;1.21358;1.21355;1;T;True;1
1621215445000;14091493;1.21352;1.21358;1.21355;0;T;True;1
1621215446000;14091494;1.21352;1.21358;1.21355;0;T;True;1
1621215447000;14091495;1.21352;1.21358;1.21355;0;T;True;1
1621215448000;14091496;1.21352;1.21358;1.21355;0;T;True;1
1621215449000;14091497;1.21352;1.21358;1.21355;0;T;True;1
1621215450000;14091499;1.21352;1.21358;1.21355;1;T;True;1
1621215451000;14091500;1.21352;1.21358;1.21355;0;T;True;1
1621215452000;14091503;1.21352;1.21358;1.21355;2;T;True;1
1621215453000;14091506;1.21352;1.21358;1.21355;2;T;True;1
1621215454000;14091510;1.2135;1.21356;1.21353;3;T;True;1
1621215455000;14091512;1.2135;1.21356;1.21353;1;T;True;1
1621215456000;14091513;1.2135;1.21356;1.21353;0;T;True;1
1621215457000;14091519;1.21348;1.21354;1.21351;5;T;True;1
1621215458000;14091522;1.21349;1.21355;1.21352;2;T;True;1
1621215459000;14091523;1.21349;1.21355;1.21352;0;T;True;1
1621215460000;14091524;1.21349;1.21355;1.21352;0;T;True;1
1621215461000;14091526;1.21348;1.21354;1.21351;1;T;True;1
1621215462000;14091527;1.21348;1.21354;1.21351;0;T;True;1
1621215463000;14091529;1.21347;1.21353;1.2135;1;T;True;1
1621215464000;14091530;1.21347;1.21353;1.2135;0;T;True;1
1621215465000;14091531;1.21347;1.21353;1.2135;0;T;True;1
1621215466000;14091538;1.21342;1.21348;1.21345;6;T;True;1
1621215467000;14091542;1.2134;1.21346;1.21343;3;T;True;1
1621215468000;14091545;1.2134;1.21346;1.21343;2;T;True;1
1621215469000;14091546;1.2134;1.21346;1.21343;0;T;True;1
1621215470000;14091547;1.2134;1.21346;1.21343;0;T;True;1
1621215471000;14091552;1.21338;1.21344;1.21341;4;T;True;1
1621215472000;14091559;1.21338;1.21344;1.21341;6;T;True;1
1621215473000;14091561;1.21339;1.21345;1.21342;1;T;True;1
1621215474000;14091564;1.2134;1.21346;1.21343;2;T;True;1
1621215475000;14091565;1.2134;1.21346;1.21343;0;T;True;1
1621215476000;14091566;1.2134;1.21346;1.21343;0;T;True;1
1621215477000;14091569;1.21341;1.21347;1.21344;2;T;True;1
1621215478000;14091570;1.21341;1.21347;1.21344;0;T;True;1
1621215479000;14091571;1.21341;1.21347;1.21344;0;T;True;1
1621215480000;14091572;1.21341;1.21347;1.21344;0;T;True;1
1621215481000;14091573;1.21341;1.21347;1.21344;0;T;True;1
1621215482000;14091574;1.21341;1.21347;1.21344;0;T;True;1
1621215483000;14091577;1.2134;1.21346;1.21343;2;T;True;1
1621215484000;14091584;1.21342;1.21348;1.21345;6;T;True;1
1621215485000;14091587;1.21342;1.21348;1.21345;2;T;True;1
1621215486000;14091591;1.21343;1.21349;1.21346;3;T;True;1
1621215487000;14091594;1.21345;1.21351;1.21348;2;T;True;1
1621215488000;14091599;1.21344;1.2135;1.21347;4;T;True;1
1621215489000;14091601;1.21343;1.21349;1.21346;1;T;True;1
1621215490000;14091603;1.21343;1.21349;1.21346;1;T;True;1
1621215491000;14091615;1.21353;1.21359;1.21356;11;T;True;1
1621215492000;14091616;1.21353;1.21359;1.21356;0;T;True;1
1621215493000;14091617;1.21353;1.21359;1.21356;0;T;True;1
1621215494000;14091618;1.21353;1.21359;1.21356;0;T;True;1
1621215495000;14091619;1.21353;1.21359;1.21356;0;T;True;1
1621215496000;14091620;1.21353;1.21359;1.21356;0;T;True;1
1621215497000;14091621;1.21353;1.21359;1.21356;0;T;True;1
1621215498000;14091622;1.21353;1.21359;1.21356;0;T;True;1
1621215499000;14091623;1.21353;1.21359;1.21356;0;T;True;1
1621215500000;14091624;1.21353;1.21359;1.21356;0;T;True;1
1621215501000;14091625;1.21353;1.21359;1.21356;0;T;True;1
1621215502000;14091626;1.21353;1.21359;1.21356;0;T;True;1
1621215503000;14091627;1.21353;1.21359;1.21356;0;T;True;1
1621215504000;14091628;1.21353;1.21359;1.21356;0;T;True;1
1621215505000;14091630;1.21354;1.2136;1.21357;1;T;True;1
1621215506000;14091635;1.21354;1.2136;1.21357;4;T;True;1
1621215507000;14091639;1.21352;1.21358;1.21355;3;T;True;1
1621215508000;14091640;1.21352;1.21358;1.21355;0;T;True;1
1621215509000;14091641;1.21352;1.21358;1.21355;0;T;True;1
1621215510000;14091643;1.21352;1.21358;1.21355;1;T;True;1
1621215511000;14091645;1.21352;1.21358;1.21355;1;T;True;1
1621215512000;14091649;1.21354;1.2136;1.21357;3;T;True;1
1621215513000;14091653;1.21354;1.2136;1.21357;3;T;True;1
1621215514000;14091655;1.21355;1.21361;1.21358;1;T;True;1
1621215515000;14091657;1.21354;1.2136;1.21357;1;T;True;1
1621215516000;14091660;1.21354;1.2136;1.21357;2;T;True;1
1621215517000;14091664;1.21357;1.21363;1.2136;3;T;True;1
1621215518000;14091666;1.21358;1.21364;1.21361;1;T;True;1
1621215519000;14091667;1.21358;1.21364;1.21361;0;T;True;1
1621215520000;14091669;1.21356;1.21362;1.21359;1;T;True;1
1621215521000;14091670;1.21356;1.21362;1.21359;0;T;True;1
1621215522000;14091671;1.21356;1.21362;1.21359;0;T;True;1
1621215523000;14091673;1.21356;1.21362;1.21359;1;T;True;1
1621215524000;14091676;1.21355;1.21361;1.21358;2;T;True;1
1621215525000;14091678;1.21356;1.21362;1.21359;1;T;True;1
1621215526000;14091679;1.21356;1.21362;1.21359;0;T;True;1
1621215527000;14091680;1.21356;1.21362;1.21359;0;T;True;1
1621215528000;14091681;1.21356;1.21362;1.21359;0;T;True;1
1621215529000;14091684;1.21356;1.21362;1.21359;2;T;True;1
1621215530000;14091685;1.21356;1.21362;1.21359;0;T;True;1
1621215531000;14091686;1.21356;1.21362;1.21359;0;T;True;1
1621215532000;14091687;1.21356;1.21362;1.21359;0;T;True;1
1621215533000;14091689;1.21355;1.21361;1.21358;1;T;True;1
1621215534000;14091690;1.21355;1.21361;1.21358;0;T;True;1
1621215535000;14091698;1.21355;1.21361;1.21358;7;T;True;1
1621215536000;14091699;1.21355;1.21361;1.21358;0;T;True;1
1621215537000;14091700;1.21355;1.21361;1.21358;0;T;True;1
1621215538000;14091701;1.21355;1.21361;1.21358;0;T;True;1
1621215539000;14091704;1.21355;1.21361;1.21358;2;T;True;1
1621215540000;14091705;1.21355;1.21361;1.21358;0;T;True;1
1621215541000;14091710;1.21355;1.21361;1.21358;4;T;True;1
1621215542000;14091713;1.21355;1.21361;1.21358;2;T;True;1
1621215543000;14091715;1.21355;1.21361;1.21358;1;T;True;1
1621215544000;14091716;1.21355;1.21361;1.21358;0;T;True;1
1621215545000;14091720;1.21355;1.21361;1.21358;3;T;True;1
1621215546000;14091724;1.21355;1.21361;1.21358;3;T;True;1
1621215547000;14091732;1.21356;1.21362;1.21359;7;T;True;1
1621215548000;14091734;1.21355;1.21361;1.21358;1;T;True;1
1621215549000;14091735;1.21355;1.21361;1.21358;0;T;True;1
1621215550000;14091736;1.21355;1.21361;1.21358;0;T;True;1
1621215551000;14091737;1.21355;1.21361;1.21358;0;T;True;1
1621215552000;14091738;1.21355;1.21361;1.21358;0;T;True;1
1621215553000;14091739;1.21355;1.21361;1.21358;0;T;True;1
1621215554000;14091740;1.21355;1.21361;1.21358;0;T;True;1
1621215555000;14091741;1.21355;1.21361;1.21358;0;T;True;1
1621215556000;14091744;1.21354;1.2136;1.21357;2;T;True;1
1621215557000;14091750;1.21349;1.21355;1.21352;5;T;True;1
1621215558000;14091751;1.21349;1.21355;1.21352;0;T;True;1
1621215559000;14091752;1.21349;1.21355;1.21352;0;T;True;1
1621215560000;14091754;1.21348;1.21354;1.21351;1;T;True;1
1621215561000;14091756;1.21348;1.21354;1.21351;1;T;True;1
1621215562000;14091757;1.21348;1.21354;1.21351;0;T;True;1
1621215563000;14091758;1.21348;1.21354;1.21351;0;T;True;1
1621215564000;14091759;1.21348;1.21354;1.21351;0;T;True;1
1621215565000;14091762;1.2135;1.21356;1.21353;2;T;True;1
1621215566000;14091767;1.2135;1.21356;1.21353;4;T;True;1
1621215567000;14091768;1.2135;1.21356;1.21353;0;T;True;1
1621215568000;14091779;1.21356;1.21362;1.21359;10;T;True;1
1621215569000;14091781;1.21355;1.21361;1.21358;1;T;True;1
1621215570000;14091784;1.21355;1.21361;1.21358;2;T;True;1
1621215571000;14091787;1.21355;1.21361;1.21358;2;T;True;1
1621215572000;14091788;1.21355;1.21361;1.21358;0;T;True;1
1621215573000;14091789;1.21355;1.21361;1.21358;0;T;True;1
1621215574000;14091791;1.21356;1.21362;1.21359;1;T;True;1
1621215575000;14091792;1.21356;1.21362;1.21359;0;T;True;1
1621215576000;14091793;1.21356;1.21362;1.21359;0;T;True;1
1621215577000;14091794;1.21356;1.21362;1.21359;0;T;True;1
1621215578000;14091798;1.21355;1.21361;1.21358;3;T;True;1
1621215579000;14091802;1.21356;1.21362;1.21359;3;T;True;1
1621215580000;14091803;1.21356;1.21362;1.21359;0;T;True;1
1621215581000;14091805;1.21355;1.21361;1.21358;1;T;True;1
1621215582000;14091810;1.21355;1.21361;1.21358;4;T;True;1
1621215583000;14091811;1.21355;1.21361;1.21358;0;T;True;1
1621215584000;14091817;1.21358;1.21364;1.21361;5;T;True;1
1621215585000;14091818;1.21358;1.21364;1.21361;0;T;True;1
1621215586000;14091823;1.21358;1.21364;1.21361;4;T;True;1
1621215587000;14091824;1.21358;1.21364;1.21361;0;T;True;1
1621215588000;14091828;1.21358;1.21364;1.21361;3;T;True;1
1621215589000;14091829;1.21358;1.21364;1.21361;0;T;True;1
1621215590000;14091832;1.21358;1.21364;1.21361;2;T;True;1
1621215591000;14091837;1.21358;1.21364;1.21361;4;T;True;1
1621215592000;14091839;1.21358;1.21364;1.21361;1;T;True;1
1621215593000;14091845;1.21357;1.21363;1.2136;5;T;True;1
1621215594000;14091850;1.21357;1.21363;1.2136;4;T;True;1
1621215595000;14091855;1.21357;1.21363;1.2136;4;T;True;1
1621215596000;14091859;1.21358;1.21364;1.21361;3;T;True;1
1621215597000;14091860;1.21358;1.21364;1.21361;0;T;True;1
1621215598000;14091861;1.21358;1.21364;1.21361;0;T;True;1
1621215599000;14091862;1.21358;1.21364;1.21361;0;T;True;1
1621215600000;14091863;1.21358;1.21364;1.21361;0;T;True;1
1621215601000;14091869;1.21356;1.21362;1.21359;5;T;True;1
1621215602000;14091872;1.21358;1.21364;1.21361;2;T;True;1
1621215603000;14091875;1.21358;1.21364;1.21361;2;T;True;1
1621215604000;14091878;1.2136;1.21366;1.21363;2;T;True;1
1621215605000;14091879;1.2136;1.21366;1.21363;0;T;True;1
1621215606000;14091880;1.2136;1.21366;1.21363;0;T;True;1
1621215607000;14091882;1.2136;1.21366;1.21363;1;T;True;1
1621215608000;14091884;1.21358;1.21364;1.21361;1;T;True;1
1621215609000;14091887;1.21358;1.21364;1.21361;2;T;True;1
1621215610000;14091891;1.2136;1.21366;1.21363;3;T;True;1
1621215611000;14091892;1.2136;1.21366;1.21363;0;T;True;1
1621215612000;14091893;1.2136;1.21366;1.21363;0;T;True;1
1621215613000;14091896;1.2136;1.21366;1.21363;2;T;True;1
1621215614000;14091898;1.2136;1.21366;1.21363;1;T;True;1
1621215615000;14091899;1.2136;1.21366;1.21363;0;T;True;1
1621215616000;14091902;1.2136;1.21366;1.21363;2;T;True;1
1621215617000;14091905;1.2136;1.21366;1.21363;2;T;True;1
1621215618000;14091906;1.2136;1.21366;1.21363;0;T;True;1
1621215619000;14091910;1.2136;1.21366;1.21363;3;T;True;1
1621215620000;14091914;1.2136;1.21366;1.21363;3;T;True;1
1621215621000;14091916;1.2136;1.21366;1.21363;1;T;True;1
1621215622000;14091919;1.2136;1.21366;1.21363;2;T;True;1
1621215623000;14091921;1.2136;1.21366;1.21363;1;T;True;1
1621215624000;14091923;1.2136;1.21366;1.21363;1;T;True;1
1621215625000;14091924;1.2136;1.21366;1.21363;0;T;True;1
1621215626000;14091925;1.2136;1.21366;1.21363;0;T;True;1
1621215627000;14091926;1.2136;1.21366;1.21363;0;T;True;1
1621215628000;14091927;1.2136;1.21366;1.21363;0;T;True;1
1621215629000;14091930;1.2136;1.21366;1.21363;2;T;True;1
1621215630000;14091931;1.2136;1.21366;1.21363;0;T;True;1
1621215631000;14091932;1.2136;1.21366;1.21363;0;T;True;1
1621215632000;14091938;1.21363;1.21369;1.21366;5;T;True;1
1621215633000;14091942;1.21364;1.2137;1.21367;3;T;True;1
1621215634000;14091943;1.21364;1.2137;1.21367;0;T;True;1
1621215635000;14091944;1.21364;1.2137;1.21367;0;T;True;1
1621215636000;14091945;1.21364;1.2137;1.21367;0;T;True;1
1621215637000;14091946;1.21364;1.2137;1.21367;0;T;True;1
1621215638000;14091948;1.21364;1.2137;1.21367;1;T;True;1
1621215639000;14091951;1.21363;1.21369;1.21366;2;T;True;1
1621215640000;14091953;1.21363;1.21369;1.21366;1;T;True;1
1621215641000;14091954;1.21363;1.21369;1.21366;0;T;True;1
1621215642000;14091955;1.21363;1.21369;1.21366;0;T;True;1
1621215643000;14091956;1.21363;1.21369;1.21366;0;T;True;1
1621215644000;14091957;1.21363;1.21369;1.21366;0;T;True;1
1621215645000;14091959;1.21362;1.21368;1.21365;1;T;True;1
1621215646000;14091960;1.21362;1.21368;1.21365;0;T;True;1
1621215647000;14091962;1.21363;1.21369;1.21366;1;T;True;1
1621215648000;14091963;1.21363;1.21369;1.21366;0;T;True;1
1621215649000;14091965;1.21362;1.21368;1.21365;1;T;True;1
1621215650000;14091966;1.21362;1.21368;1.21365;0;T;True;1
1621215651000;14091967;1.21362;1.21368;1.21365;0;T;True;1
1621215652000;14091970;1.21362;1.21368;1.21365;2;T;True;1
1621215653000;14091971;1.21362;1.21368;1.21365;0;T;True;1
1621215654000;14091972;1.21362;1.21368;1.21365;0;T;True;1
1621215655000;14091973;1.21362;1.21368;1.21365;0;T;True;1
1621215656000;14091981;1.21358;1.21364;1.21361;7;T;True;1
1621215657000;14091982;1.21358;1.21364;1.21361;0;T;True;1
1621215658000;14091983;1.21358;1.21364;1.21361;0;T;True;1
1621215659000;14091984;1.21358;1.21364;1.21361;0;T;True;1
1621215660000;14091989;1.21358;1.21364;1.21361;4;T;True;1
1621215661000;14091991;1.21358;1.21364;1.21361;1;T;True;1
1621215662000;14091992;1.21358;1.21364;1.21361;0;T;True;1
1621215663000;14091993;1.21358;1.21364;1.21361;0;T;True;1
1621215664000;14091994;1.21358;1.21364;1.21361;0;T;True;1
1621215665000;14091996;1.21358;1.21364;1.21361;1;T;True;1
1621215666000;14091997;1.21358;1.21364;1.21361;0;T;True;1
1621215667000;14091998;1.21358;1.21364;1.21361;0;T;True;1
1621215668000;14092001;1.21358;1.21364;1.21361;2;T;True;1
1621215669000;14092002;1.21358;1.21364;1.21361;0;T;True;1
1621215670000;14092004;1.21358;1.21364;1.21361;1;T;True;1
1621215671000;14092005;1.21358;1.21364;1.21361;0;T;True;1
1621215672000;14092006;1.21358;1.21364;1.21361;0;T;True;1
1621215673000;14092007;1.21358;1.21364;1.21361;0;T;True;1
1621215674000;14092008;1.21358;1.21364;1.21361;0;T;True;1
1621215675000;14092009;1.21358;1.21364;1.21361;0;T;True;1
1621215676000;14092012;1.21358;1.21364;1.21361;2;T;True;1
1621215677000;14092013;1.21358;1.21364;1.21361;0;T;True;1
1621215678000;14092014;1.21358;1.21364;1.21361;0;T;True;1
1621215679000;14092015;1.21358;1.21364;1.21361;0;T;True;1
1621215680000;14092016;1.21358;1.21364;1.21361;0;T;True;1
1621215681000;14092017;1.21358;1.21364;1.21361;0;T;True;1
1621215682000;14092018;1.21358;1.21364;1.21361;0;T;True;1
1621215683000;14092019;1.21358;1.21364;1.21361;0;T;True;1
1621215684000;14092020;1.21358;1.21364;1.21361;0;T;True;1
1621215685000;14092021;1.21358;1.21364;1.21361;0;T;True;1
1621215686000;14092022;1.21358;1.21364;1.21361;0;T;True;1
1621215687000;14092023;1.21358;1.21364;1.21361;0;T;True;1
1621215688000;14092024;1.21358;1.21364;1.21361;0;T;True;1
1621215689000;14092025;1.21358;1.21364;1.21361;0;T;True;1
1621215690000;14092027;1.21358;1.21364;1.21361;1;T;True;1
1621215691000;14092030;1.21358;1.21364;1.21361;2;T;True;1
1621215692000;14092032;1.21358;1.21364;1.21361;1;T;True;1
1621215693000;14092033;1.21358;1.21364;1.21361;0;T;True;1
1621215694000;14092035;1.21358;1.21364;1.21361;1;T;True;1
1621215695000;14092038;1.21358;1.21364;1.21361;2;T;True;1
1621215696000;14092040;1.21358;1.21364;1.21361;1;T;True;1
1621215697000;14092042;1.21358;1.21364;1.21361;1;T;True;1
1621215698000;14092043;1.21358;1.21364;1.21361;0;T;True;1
1621215699000;14092044;1.21358;1.21364;1.21361;0;T;True;1
1621215700000;14092052;1.21352;1.21358;1.21355;7;T;True;1
1621215701000;14092053;1.21352;1.21358;1.21355;0;T;True;1
1621215702000;14092054;1.21352;1.21358;1.21355;0;T;True;1
1621215703000;14092055;1.21352;1.21358;1.21355;0;T;True;1
1621215704000;14092056;1.21352;1.21358;1.21355;0;T;True;1
1621215705000;14092057;1.21352;1.21358;1.21355;0;T;True;1
1621215706000;14092058;1.21352;1.21358;1.21355;0;T;True;1
1621215707000;14092059;1.21352;1.21358;1.21355;0;T;True;1
1621215708000;14092060;1.21352;1.21358;1.21355;0;T;True;1
1621215709000;14092061;1.21352;1.21358;1.21355;0;T;True;1
1621215710000;14092062;1.21352;1.21358;1.21355;0;T;True;1
1621215711000;14092063;1.21352;1.21358;1.21355;0;T;True;1
1621215712000;14092064;1.21352;1.21358;1.21355;0;T;True;1
1621215713000;14092066;1.21352;1.21358;1.21355;1;T;True;1
1621215714000;14092067;1.21352;1.21358;1.21355;0;T;True;1
1621215715000;14092069;1.21352;1.21358;1.21355;1;T;True;1
1621215716000;14092070;1.21352;1.21358;1.21355;0;T;True;1
1621215717000;14092074;1.2135;1.21356;1.21353;3;T;True;1
1621215718000;14092079;1.21349;1.21355;1.21352;4;T;True;1
1621215719000;14092084;1.2135;1.21356;1.21353;4;T;True;1
1621215720000;14092085;1.2135;1.21356;1.21353;0;T;True;1
1621215721000;14092088;1.2135;1.21356;1.21353;2;T;True;1
1621215722000;14092089;1.2135;1.21356;1.21353;0;T;True;1
1621215723000;14092090;1.2135;1.21356;1.21353;0;T;True;1
1621215724000;14092091;1.2135;1.21356;1.21353;0;T;True;1
1621215725000;14092092;1.2135;1.21356;1.21353;0;T;True;1
1621215726000;14092104;1.2135;1.21356;1.21353;11;T;True;1
1621215727000;14092105;1.2135;1.21356;1.21353;0;T;True;1
1621215728000;14092108;1.21351;1.21357;1.21354;2;T;True;1
1621215729000;14092113;1.21352;1.21358;1.21355;4;T;True;1
1621215730000;14092122;1.2135;1.21356;1.21353;8;T;True;1
1621215731000;14092126;1.2135;1.21356;1.21353;3;T;True;1
1621215732000;14092134;1.21349;1.21355;1.21352;7;T;True;1
1621215733000;14092139;1.21349;1.21355;1.21352;4;T;True;1
1621215734000;14092140;1.21349;1.21355;1.21352;0;T;True;1
1621215735000;14092141;1.21349;1.21355;1.21352;0;T;True;1
1621215736000;14092143;1.21348;1.21354;1.21351;1;T;True;1
1621215737000;14092144;1.21348;1.21354;1.21351;0;T;True;1
1621215738000;14092146;1.21348;1.21354;1.21351;1;T;True;1
1621215739000;14092149;1.21348;1.21354;1.21351;2;T;True;1
1621215740000;14092150;1.21348;1.21354;1.21351;0;T;True;1
1621215741000;14092155;1.21348;1.21354;1.21351;4;T;True;1
1621215742000;14092157;1.21348;1.21354;1.21351;1;T;True;1
1621215743000;14092163;1.21348;1.21354;1.21351;5;T;True;1
1621215744000;14092170;1.21348;1.21354;1.21351;6;T;True;1
1621215745000;14092172;1.21348;1.21354;1.21351;1;T;True;1
1621215746000;14092173;1.21348;1.21354;1.21351;0;T;True;1
1621215747000;14092174;1.21348;1.21354;1.21351;0;T;True;1
1621215748000;14092177;1.21348;1.21354;1.21351;2;T;True;1
1621215749000;14092178;1.21348;1.21354;1.21351;0;T;True;1
1621215750000;14092180;1.21348;1.21354;1.21351;1;T;True;1
1621215751000;14092181;1.21348;1.21354;1.21351;0;T;True;1
1621215752000;14092183;1.21348;1.21354;1.21351;1;T;True;1
1621215753000;14092188;1.21348;1.21354;1.21351;4;T;True;1
1621215754000;14092197;1.21348;1.21354;1.21351;8;T;True;1
1621215755000;14092204;1.21347;1.21353;1.2135;6;T;True;1
1621215756000;14092205;1.21347;1.21353;1.2135;0;T;True;1
1621215757000;14092206;1.21347;1.21353;1.2135;0;T;True;1
1621215758000;14092207;1.21347;1.21353;1.2135;0;T;True;1
1621215759000;14092208;1.21347;1.21353;1.2135;0;T;True;1
1621215760000;14092209;1.21347;1.21353;1.2135;0;T;True;1
1621215761000;14092210;1.21347;1.21353;1.2135;0;T;True;1
1621215762000;14092213;1.21347;1.21353;1.2135;2;T;True;1
1621215763000;14092225;1.21342;1.21348;1.21345;11;T;True;1
1621215764000;14092228;1.21342;1.21348;1.21345;2;T;True;1
1621215765000;14092230;1.21342;1.21348;1.21345;1;T;True;1
1621215766000;14092231;1.21342;1.21348;1.21345;0;T;True;1
1621215767000;14092233;1.21342;1.21348;1.21345;1;T;True;1
1621215768000;14092240;1.2134;1.21346;1.21343;6;T;True;1
1621215769000;14092241;1.2134;1.21346;1.21343;0;T;True;1
1621215770000;14092242;1.2134;1.21346;1.21343;0;T;True;1
1621215771000;14092243;1.2134;1.21346;1.21343;0;T;True;1
1621215772000;14092245;1.2134;1.21346;1.21343;1;T;True;1
1621215773000;14092246;1.2134;1.21346;1.21343;0;T;True;1
1621215774000;14092247;1.2134;1.21346;1.21343;0;T;True;1
1621215775000;14092248;1.2134;1.21346;1.21343;0;T;True;1
1621215776000;14092249;1.2134;1.21346;1.21343;0;T;True;1
1621215777000;14092251;1.21341;1.21347;1.21344;1;T;True;1
1621215778000;14092252;1.21341;1.21347;1.21344;0;T;True;1
1621215779000;14092253;1.21341;1.21347;1.21344;0;T;True;1
1621215780000;14092254;1.21341;1.21347;1.21344;0;T;True;1
1621215781000;14092256;1.21341;1.21347;1.21344;1;T;True;1
1621215782000;14092257;1.21341;1.21347;1.21344;0;T;True;1
1621215783000;14092258;1.21341;1.21347;1.21344;0;T;True;1
1621215784000;14092264;1.21344;1.2135;1.21347;5;T;True;1
1621215785000;14092265;1.21344;1.2135;1.21347;0;T;True;1
1621215786000;14092268;1.21344;1.2135;1.21347;2;T;True;1
1621215787000;14092270;1.21344;1.2135;1.21347;1;T;True;1
1621215788000;14092271;1.21344;1.2135;1.21347;0;T;True;1
1621215789000;14092274;1.21344;1.2135;1.21347;2;T;True;1
1621215790000;14092275;1.21344;1.2135;1.21347;0;T;True;1
1621215791000;14092281;1.21345;1.21351;1.21348;5;T;True;1
1621215792000;14092285;1.21346;1.21352;1.21349;3;T;True;1
1621215793000;14092287;1.21346;1.21352;1.21349;1;T;True;1
1621215794000;14092288;1.21346;1.21352;1.21349;0;T;True;1
1621215795000;14092289;1.21346;1.21352;1.21349;0;T;True;1
1621215796000;14092290;1.21346;1.21352;1.21349;0;T;True;1
1621215797000;14092291;1.21346;1.21352;1.21349;0;T;True;1
1621215798000;14092295;1.21346;1.21352;1.21349;3;T;True;1
1621215799000;14092296;1.21346;1.21352;1.21349;0;T;True;1
1621215800000;14092297;1.21346;1.21352;1.21349;0;T;True;1
1621215801000;14092298;1.21346;1.21352;1.21349;0;T;True;1
1621215802000;14092299;1.21346;1.21352;1.21349;0;T;True;1
1621215803000;14092301;1.21345;1.21351;1.21348;1;T;True;1
1621215804000;14092302;1.21345;1.21351;1.21348;0;T;True;1
1621215805000;14092305;1.21345;1.21351;1.21348;2;T;True;1
1621215806000;14092306;1.21345;1.21351;1.21348;0;T;True;1
1621215807000;14092307;1.21345;1.21351;1.21348;0;T;True;1
1621215808000;14092308;1.21345;1.21351;1.21348;0;T;True;1
1621215809000;14092309;1.21345;1.21351;1.21348;0;T;True;1
1621215810000;14092312;1.21344;1.2135;1.21347;2;T;True;1
1621215811000;14092315;1.21344;1.2135;1.21347;2;T;True;1
1621215812000;14092316;1.21344;1.2135;1.21347;0;T;True;1
1621215813000;14092317;1.21344;1.2135;1.21347;0;T;True;1
1621215814000;14092318;1.21344;1.2135;1.21347;0;T;True;1
1621215815000;14092320;1.21344;1.2135;1.21347;1;T;True;1
1621215816000;14092321;1.21344;1.2135;1.21347;0;T;True;1
1621215817000;14092322;1.21344;1.2135;1.21347;0;T;True;1
1621215818000;14092323;1.21344;1.2135;1.21347;0;T;True;1
1621215819000;14092324;1.21344;1.2135;1.21347;0;T;True;1
1621215820000;14092329;1.21346;1.21352;1.21349;4;T;True;1
1621215821000;14092330;1.21346;1.21352;1.21349;0;T;True;1
1621215822000;14092331;1.21346;1.21352;1.21349;0;T;True;1
1621215823000;14092332;1.21346;1.21352;1.21349;0;T;True;1
1621215824000;14092333;1.21346;1.21352;1.21349;0;T;True;1
1621215825000;14092334;1.21346;1.21352;1.21349;0;T;True;1
1621215826000;14092336;1.21346;1.21352;1.21349;1;T;True;1
1621215827000;14092337;1.21346;1.21352;1.21349;0;T;True;1
1621215828000;14092338;1.21346;1.21352;1.21349;0;T;True;1
1621215829000;14092339;1.21346;1.21352;1.21349;0;T;True;1
1621215830000;14092345;1.21343;1.21349;1.21346;5;T;True;1
1621215831000;14092348;1.21342;1.21348;1.21345;2;T;True;1
1621215832000;14092349;1.21342;1.21348;1.21345;0;T;True;1
1621215833000;14092354;1.21343;1.21349;1.21346;4;T;True;1
1621215834000;14092356;1.21343;1.21349;1.21346;1;T;True;1
1621215835000;14092357;1.21343;1.21349;1.21346;0;T;True;1
1621215836000;14092358;1.21343;1.21349;1.21346;0;T;True;1
1621215837000;14092359;1.21343;1.21349;1.21346;0;T;True;1
1621215838000;14092360;1.21343;1.21349;1.21346;0;T;True;1
1621215839000;14092361;1.21343;1.21349;1.21346;0;T;True;1
1621215840000;14092362;1.21343;1.21349;1.21346;0;T;True;1
1621215841000;14092363;1.21343;1.21349;1.21346;0;T;True;1
1621215842000;14092364;1.21343;1.21349;1.21346;0;T;True;1
1621215843000;14092366;1.21344;1.2135;1.21347;1;T;True;1
1621215844000;14092367;1.21344;1.2135;1.21347;0;T;True;1
1621215845000;14092368;1.21344;1.2135;1.21347;0;T;True;1
1621215846000;14092369;1.21344;1.2135;1.21347;0;T;True;1
1621215847000;14092370;1.21344;1.2135;1.21347;0;T;True;1
1621215848000;14092372;1.21344;1.2135;1.21347;1;T;True;1
1621215849000;14092374;1.21344;1.2135;1.21347;1;T;True;1
1621215850000;14092375;1.21344;1.2135;1.21347;0;T;True;1
1621215851000;14092376;1.21344;1.2135;1.21347;0;T;True;1
1621215852000;14092377;1.21344;1.2135;1.21347;0;T;True;1
1621215853000;14092380;1.21344;1.2135;1.21347;2;T;True;1
1621215854000;14092382;1.21344;1.2135;1.21347;1;T;True;1
1621215855000;14092383;1.21344;1.2135;1.21347;0;T;True;1
1621215856000;14092387;1.21342;1.21348;1.21345;3;T;True;1
1621215857000;14092388;1.21342;1.21348;1.21345;0;T;True;1
1621215858000;14092389;1.21342;1.21348;1.21345;0;T;True;1
1621215859000;14092390;1.21342;1.21348;1.21345;0;T;True;1
1621215860000;14092391;1.21342;1.21348;1.21345;0;T;True;1
1621215861000;14092392;1.21342;1.21348;1.21345;0;T;True;1
1621215862000;14092393;1.21342;1.21348;1.21345;0;T;True;1
1621215863000;14092394;1.21342;1.21348;1.21345;0;T;True;1
1621215864000;14092398;1.21342;1.21348;1.21345;3;T;True;1
1621215865000;14092404;1.21343;1.21349;1.21346;5;T;True;1
1621215866000;14092406;1.21342;1.21348;1.21345;1;T;True;1
1621215867000;14092409;1.21343;1.21349;1.21346;2;T;True;1
1621215868000;14092410;1.21343;1.21349;1.21346;0;T;True;1
1621215869000;14092411;1.21343;1.21349;1.21346;0;T;True;1
1621215870000;14092412;1.21343;1.21349;1.21346;0;T;True;1
1621215871000;14092414;1.21342;1.21348;1.21345;1;T;True;1
1621215872000;14092415;1.21342;1.21348;1.21345;0;T;True;1
1621215873000;14092416;1.21342;1.21348;1.21345;0;T;True;1
1621215874000;14092417;1.21342;1.21348;1.21345;0;T;True;1
1621215875000;14092418;1.21342;1.21348;1.21345;0;T;True;1
1621215876000;14092419;1.21342;1.21348;1.21345;0;T;True;1
1621215877000;14092420;1.21342;1.21348;1.21345;0;T;True;1
1621215878000;14092421;1.21342;1.21348;1.21345;0;T;True;1
1621215879000;14092422;1.21342;1.21348;1.21345;0;T;True;1
1621215880000;14092423;1.21342;1.21348;1.21345;0;T;True;1
1621215881000;14092424;1.21342;1.21348;1.21345;0;T;True;1
1621215882000;14092425;1.21342;1.21348;1.21345;0;T;True;1
1621215883000;14092431;1.21341;1.21347;1.21344;5;T;True;1
1621215884000;14092432;1.21341;1.21347;1.21344;0;T;True;1
1621215885000;14092435;1.21342;1.21348;1.21345;2;T;True;1
1621215886000;14092438;1.21342;1.21348;1.21345;2;T;True;1
1621215887000;14092440;1.21342;1.21348;1.21345;1;T;True;1
1621215888000;14092443;1.21342;1.21348;1.21345;2;T;True;1
1621215889000;14092445;1.21342;1.21348;1.21345;1;T;True;1
1621215890000;14092446;1.21342;1.21348;1.21345;0;T;True;1
1621215891000;14092447;1.21342;1.21348;1.21345;0;T;True;1
1621215892000;14092448;1.21342;1.21348;1.21345;0;T;True;1
1621215893000;14092455;1.21342;1.21348;1.21345;6;T;True;1
1621215894000;14092457;1.21342;1.21348;1.21345;1;T;True;1
1621215895000;14092461;1.21342;1.21348;1.21345;3;T;True;1
1621215896000;14092462;1.21342;1.21348;1.21345;0;T;True;1
1621215897000;14092463;1.21342;1.21348;1.21345;0;T;True;1
1621215898000;14092464;1.21342;1.21348;1.21345;0;T;True;1
1621215899000;14092465;1.21342;1.21348;1.21345;0;T;True;1
1621215900000;14092468;1.21342;1.21348;1.21345;2;T;True;1
1621215901000;14092479;1.21342;1.21348;1.21345;10;T;True;1
1621215902000;14092488;1.21342;1.21348;1.21345;8;T;True;1
1621215903000;14092490;1.21342;1.21348;1.21345;1;T;True;1
1621215904000;14092492;1.21342;1.21348;1.21345;1;T;True;1
1621215905000;14092494;1.21343;1.21349;1.21346;1;T;True;1
1621215906000;14092502;1.21344;1.2135;1.21347;7;T;True;1
1621215907000;14092504;1.21344;1.2135;1.21347;1;T;True;1
1621215908000;14092506;1.21343;1.21349;1.21346;1;T;True;1
1621215909000;14092507;1.21343;1.21349;1.21346;0;T;True;1
1621215910000;14092508;1.21343;1.21349;1.21346;0;T;True;1
1621215911000;14092509;1.21343;1.21349;1.21346;0;T;True;1
1621215912000;14092510;1.21343;1.21349;1.21346;0;T;True;1
1621215913000;14092511;1.21343;1.21349;1.21346;0;T;True;1
1621215914000;14092512;1.21343;1.21349;1.21346;0;T;True;1
1621215915000;14092513;1.21343;1.21349;1.21346;0;T;True;1
1621215916000;14092514;1.21343;1.21349;1.21346;0;T;True;1
1621215917000;14092515;1.21343;1.21349;1.21346;0;T;True;1
1621215918000;14092516;1.21343;1.21349;1.21346;0;T;True;1
1621215919000;14092518;1.21344;1.2135;1.21347;1;T;True;1
1621215920000;14092522;1.21343;1.21349;1.21346;3;T;True;1
1621215921000;14092523;1.21343;1.21349;1.21346;0;T;True;1
1621215922000;14092525;1.21342;1.21348;1.21345;1;T;True;1
1621215923000;14092530;1.2134;1.21346;1.21343;4;T;True;1
1621215924000;14092531;1.2134;1.21346;1.21343;0;T;True;1
1621215925000;14092532;1.2134;1.21346;1.21343;0;T;True;1
1621215926000;14092533;1.2134;1.21346;1.21343;0;T;True;1
1621215927000;14092534;1.2134;1.21346;1.21343;0;T;True;1
1621215928000;14092539;1.21344;1.2135;1.21347;4;T;True;1
1621215929000;14092545;1.21348;1.21354;1.21351;5;T;True;1
1621215930000;14092546;1.21348;1.21354;1.21351;0;T;True;1
1621215931000;14092548;1.21348;1.21354;1.21351;1;T;True;1
1621215932000;14092549;1.21348;1.21354;1.21351;0;T;True;1
1621215933000;14092553;1.21348;1.21354;1.21351;3;T;True;1
1621215934000;14092555;1.21348;1.21354;1.21351;1;T;True;1
1621215935000;14092556;1.21348;1.21354;1.21351;0;T;True;1
1621215936000;14092557;1.21348;1.21354;1.21351;0;T;True;1
1621215937000;14092558;1.21348;1.21354;1.21351;0;T;True;1
1621215938000;14092561;1.2135;1.21356;1.21353;2;T;True;1
1621215939000;14092563;1.21351;1.21357;1.21354;1;T;True;1
1621215940000;14092565;1.21352;1.21358;1.21355;1;T;True;1
1621215941000;14092566;1.21352;1.21358;1.21355;0;T;True;1
1621215942000;14092567;1.21352;1.21358;1.21355;0;T;True;1
1621215943000;14092568;1.21352;1.21358;1.21355;0;T;True;1
1621215944000;14092569;1.21352;1.21358;1.21355;0;T;True;1
1621215945000;14092570;1.21352;1.21358;1.21355;0;T;True;1
1621215946000;14092571;1.21352;1.21358;1.21355;0;T;True;1
1621215947000;14092572;1.21352;1.21358;1.21355;0;T;True;1
1621215948000;14092574;1.21351;1.21357;1.21354;1;T;True;1
1621215949000;14092575;1.21351;1.21357;1.21354;0;T;True;1
1621215950000;14092576;1.21351;1.21357;1.21354;0;T;True;1
1621215951000;14092577;1.21351;1.21357;1.21354;0;T;True;1
1621215952000;14092579;1.2135;1.21356;1.21353;1;T;True;1
1621215953000;14092580;1.2135;1.21356;1.21353;0;T;True;1
1621215954000;14092582;1.2135;1.21356;1.21353;1;T;True;1
1621215955000;14092586;1.21351;1.21357;1.21354;3;T;True;1
1621215956000;14092587;1.21351;1.21357;1.21354;0;T;True;1
1621215957000;14092590;1.21353;1.21359;1.21356;2;T;True;1
1621215958000;14092594;1.21352;1.21358;1.21355;3;T;True;1
1621215959000;14092596;1.21354;1.2136;1.21357;1;T;True;1
1621215960000;14092597;1.21354;1.2136;1.21357;0;T;True;1
1621215961000;14092598;1.21354;1.2136;1.21357;0;T;True;1
1621215962000;14092600;1.21353;1.21359;1.21356;1;T;True;1
1621215963000;14092602;1.21352;1.21358;1.21355;1;T;True;1
1621215964000;14092605;1.21353;1.21359;1.21356;2;T;True;1
1621215965000;14092607;1.21354;1.2136;1.21357;1;T;True;1
1621215966000;14092608;1.21354;1.2136;1.21357;0;T;True;1
1621215967000;14092609;1.21354;1.2136;1.21357;0;T;True;1
1621215968000;14092611;1.21354;1.2136;1.21357;1;T;True;1
1621215969000;14092612;1.21354;1.2136;1.21357;0;T;True;1
1621215970000;14092613;1.21354;1.2136;1.21357;0;T;True;1
1621215971000;14092614;1.21354;1.2136;1.21357;0;T;True;1
1621215972000;14092615;1.21354;1.2136;1.21357;0;T;True;1
1621215973000;14092616;1.21354;1.2136;1.21357;0;T;True;1
1621215974000;14092617;1.21354;1.2136;1.21357;0;T;True;1
1621215975000;14092618;1.21354;1.2136;1.21357;0;T;True;1
1621215976000;14092619;1.21354;1.2136;1.21357;0;T;True;1
1621215977000;14092620;1.21354;1.2136;1.21357;0;T;True;1
1621215978000;14092621;1.21354;1.2136;1.21357;0;T;True;1
1621215979000;14092622;1.21354;1.2136;1.21357;0;T;True;1
1621215980000;14092623;1.21354;1.2136;1.21357;0;T;True;1
1621215981000;14092624;1.21354;1.2136;1.21357;0;T;True;1
1621215982000;14092625;1.21354;1.2136;1.21357;0;T;True;1
1621215983000;14092626;1.21354;1.2136;1.21357;0;T;True;1
1621215984000;14092627;1.21354;1.2136;1.21357;0;T;True;1
1621215985000;14092628;1.21354;1.2136;1.21357;0;T;True;1
1621215986000;14092629;1.21354;1.2136;1.21357;0;T;True;1
1621215987000;14092632;1.21356;1.21362;1.21359;2;T;True;1
1621215988000;14092634;1.21358;1.21364;1.21361;1;T;True;1
1621215989000;14092636;1.21358;1.21364;1.21361;1;T;True;1
1621215990000;14092637;1.21358;1.21364;1.21361;0;T;True;1
1621215991000;14092638;1.21358;1.21364;1.21361;0;T;True;1
1621215992000;14092639;1.21358;1.21364;1.21361;0;T;True;1
1621215993000;14092640;1.21358;1.21364;1.21361;0;T;True;1
1621215994000;14092641;1.21358;1.21364;1.21361;0;T;True;1
1621215995000;14092642;1.21358;1.21364;1.21361;0;T;True;1
1621215996000;14092643;1.21358;1.21364;1.21361;0;T;True;1
1621215997000;14092645;1.21358;1.21364;1.21361;1;T;True;1
1621215998000;14092646;1.21358;1.21364;1.21361;0;T;True;1
1621215999000;14092647;1.21358;1.21364;1.21361;0;T;True;1
1621216000000;14092648;1.21358;1.21364;1.21361;0;T;True;1
1621216001000;14092649;1.21358;1.21364;1.21361;0;T;True;1
1621216002000;14092650;1.21358;1.21364;1.21361;0;T;True;1
1621216003000;14092651;1.21358;1.21364;1.21361;0;T;True;1
1621216004000;14092652;1.21358;1.21364;1.21361;0;T;True;1
1621216005000;14092653;1.21358;1.21364;1.21361;0;T;True;1
1621216006000;14092654;1.21358;1.21364;1.21361;0;T;True;1
1621216007000;14092655;1.21358;1.21364;1.21361;0;T;True;1
1621216008000;14092656;1.21358;1.21364;1.21361;0;T;True;1
1621216009000;14092657;1.21358;1.21364;1.21361;0;T;True;1
1621216010000;14092658;1.21358;1.21364;1.21361;0;T;True;1
1621216011000;14092659;1.21358;1.21364;1.21361;0;T;True;1
1621216012000;14092660;1.21358;1.21364;1.21361;0;T;True;1
1621216013000;14092661;1.21358;1.21364;1.21361;0;T;True;1
1621216014000;14092662;1.21358;1.21364;1.21361;0;T;True;1
1621216015000;14092663;1.21358;1.21364;1.21361;0;T;True;1
1621216016000;14092664;1.21358;1.21364;1.21361;0;T;True;1
1621216017000;14092665;1.21358;1.21364;1.21361;0;T;True;1
1621216018000;14092666;1.21358;1.21364;1.21361;0;T;True;1
1621216019000;14092667;1.21358;1.21364;1.21361;0;T;True;1
1621216020000;14092668;1.21358;1.21364;1.21361;0;T;True;1
1621216021000;14092669;1.21358;1.21364;1.21361;0;T;True;1
1621216022000;14092670;1.21358;1.21364;1.21361;0;T;True;1
1621216023000;14092671;1.21358;1.21364;1.21361;0;T;True;1
1621216024000;14092672;1.21358;1.21364;1.21361;0;T;True;1
1621216025000;14092673;1.21358;1.21364;1.21361;0;T;True;1
1621216026000;14092674;1.21358;1.21364;1.21361;0;T;True;1
1621216027000;14092675;1.21358;1.21364;1.21361;0;T;True;1
1621216028000;14092676;1.21358;1.21364;1.21361;0;T;True;1
1621216029000;14092677;1.21358;1.21364;1.21361;0;T;True;1
1621216030000;14092682;1.21354;1.2136;1.21357;4;T;True;1
1621216031000;14092684;1.21354;1.2136;1.21357;1;T;True;1
1621216032000;14092685;1.21354;1.2136;1.21357;0;T;True;1
1621216033000;14092686;1.21354;1.2136;1.21357;0;T;True;1
1621216034000;14092688;1.21354;1.2136;1.21357;1;T;True;1
1621216035000;14092691;1.21358;1.21364;1.21361;2;T;True;1
1621216036000;14092694;1.21358;1.21364;1.21361;2;T;True;1
1621216037000;14092699;1.2136;1.21366;1.21363;4;T;True;1
1621216038000;14092701;1.2136;1.21366;1.21363;1;T;True;1
1621216039000;14092702;1.2136;1.21366;1.21363;0;T;True;1
1621216040000;14092703;1.2136;1.21366;1.21363;0;T;True;1
1621216041000;14092705;1.21359;1.21365;1.21362;1;T;True;1
1621216042000;14092706;1.21359;1.21365;1.21362;0;T;True;1
1621216043000;14092707;1.21359;1.21365;1.21362;0;T;True;1
1621216044000;14092710;1.2136;1.21366;1.21363;2;T;True;1
1621216045000;14092714;1.2136;1.21366;1.21363;3;T;True;1
1621216046000;14092717;1.21358;1.21364;1.21361;2;T;True;1
1621216047000;14092718;1.21358;1.21364;1.21361;0;T;True;1
1621216048000;14092719;1.21358;1.21364;1.21361;0;T;True;1
1621216049000;14092720;1.21358;1.21364;1.21361;0;T;True;1
1621216050000;14092722;1.21359;1.21365;1.21362;1;T;True;1
1621216051000;14092723;1.21359;1.21365;1.21362;0;T;True;1
1621216052000;14092724;1.21359;1.21365;1.21362;0;T;True;1
1621216053000;14092725;1.21359;1.21365;1.21362;0;T;True;1
1621216054000;14092730;1.21358;1.21364;1.21361;4;T;True;1
1621216055000;14092731;1.21358;1.21364;1.21361;0;T;True;1
1621216056000;14092733;1.21356;1.21362;1.21359;1;T;True;1
1621216057000;14092740;1.21357;1.21363;1.2136;6;T;True;1
1621216058000;14092742;1.21357;1.21363;1.2136;1;T;True;1
1621216059000;14092743;1.21357;1.21363;1.2136;0;T;True;1
1621216060000;14092746;1.21357;1.21363;1.2136;2;T;True;1
1621216061000;14092747;1.21357;1.21363;1.2136;0;T;True;1
1621216062000;14092750;1.21356;1.21362;1.21359;2;T;True;1
1621216063000;14092752;1.21356;1.21362;1.21359;1;T;True;1
1621216064000;14092753;1.21356;1.21362;1.21359;0;T;True;1
1621216065000;14092758;1.21354;1.2136;1.21357;4;T;True;1
1621216066000;14092759;1.21354;1.2136;1.21357;0;T;True;1
1621216067000;14092763;1.21355;1.21361;1.21358;3;T;True;1
1621216068000;14092764;1.21355;1.21361;1.21358;0;T;True;1
1621216069000;14092765;1.21355;1.21361;1.21358;0;T;True;1
1621216070000;14092766;1.21355;1.21361;1.21358;0;T;True;1
1621216071000;14092771;1.21354;1.2136;1.21357;4;T;True;1
1621216072000;14092773;1.21354;1.2136;1.21357;1;T;True;1
1621216073000;14092774;1.21354;1.2136;1.21357;0;T;True;1
1621216074000;14092775;1.21354;1.2136;1.21357;0;T;True;1
1621216075000;14092777;1.21354;1.2136;1.21357;1;T;True;1
1621216076000;14092779;1.21354;1.2136;1.21357;1;T;True;1
1621216077000;14092781;1.21354;1.2136;1.21357;1;T;True;1
1621216078000;14092782;1.21354;1.2136;1.21357;0;T;True;1
1621216079000;14092785;1.21354;1.2136;1.21357;2;T;True;1
1621216080000;14092788;1.21354;1.2136;1.21357;2;T;True;1
1621216081000;14092789;1.21354;1.2136;1.21357;0;T;True;1
1621216082000;14092790;1.21354;1.2136;1.21357;0;T;True;1
1621216083000;14092793;1.21355;1.21361;1.21358;2;T;True;1
1621216084000;14092795;1.21355;1.21361;1.21358;1;T;True;1
1621216085000;14092796;1.21355;1.21361;1.21358;0;T;True;1
1621216086000;14092798;1.21354;1.2136;1.21357;1;T;True;1
1621216087000;14092803;1.21354;1.2136;1.21357;4;T;True;1
1621216088000;14092805;1.21354;1.2136;1.21357;1;T;True;1
1621216089000;14092806;1.21354;1.2136;1.21357;0;T;True;1
1621216090000;14092807;1.21354;1.2136;1.21357;0;T;True;1
1621216091000;14092808;1.21354;1.2136;1.21357;0;T;True;1
1621216092000;14092814;1.21354;1.2136;1.21357;5;T;True;1
1621216093000;14092815;1.21354;1.2136;1.21357;0;T;True;1
1621216094000;14092817;1.21354;1.2136;1.21357;1;T;True;1
1621216095000;14092818;1.21354;1.2136;1.21357;0;T;True;1
1621216096000;14092819;1.21354;1.2136;1.21357;0;T;True;1
1621216097000;14092822;1.21354;1.2136;1.21357;2;T;True;1
1621216098000;14092823;1.21354;1.2136;1.21357;0;T;True;1
1621216099000;14092824;1.21354;1.2136;1.21357;0;T;True;1
1621216100000;14092825;1.21354;1.2136;1.21357;0;T;True;1
1621216101000;14092826;1.21354;1.2136;1.21357;0;T;True;1
1621216102000;14092827;1.21354;1.2136;1.21357;0;T;True;1
1621216103000;14092830;1.21354;1.2136;1.21357;2;T;True;1
1621216104000;14092831;1.21354;1.2136;1.21357;0;T;True;1
1621216105000;14092832;1.21354;1.2136;1.21357;0;T;True;1
1621216106000;14092834;1.21354;1.2136;1.21357;1;T;True;1
1621216107000;14092836;1.21353;1.21359;1.21356;1;T;True;1
1621216108000;14092838;1.21353;1.21359;1.21356;1;T;True;1
1621216109000;14092840;1.21353;1.21359;1.21356;1;T;True;1
1621216110000;14092841;1.21353;1.21359;1.21356;0;T;True;1
1621216111000;14092850;1.21348;1.21354;1.21351;8;T;True;1
1621216112000;14092852;1.21349;1.21355;1.21352;1;T;True;1
1621216113000;14092853;1.21349;1.21355;1.21352;0;T;True;1
1621216114000;14092855;1.21348;1.21354;1.21351;1;T;True;1
1621216115000;14092857;1.21348;1.21354;1.21351;1;T;True;1
1621216116000;14092858;1.21348;1.21354;1.21351;0;T;True;1
1621216117000;14092863;1.21348;1.21354;1.21351;4;T;True;1
1621216118000;14092865;1.21348;1.21354;1.21351;1;T;True;1
1621216119000;14092869;1.21349;1.21355;1.21352;3;T;True;1
1621216120000;14092870;1.21349;1.21355;1.21352;0;T;True;1
1621216121000;14092871;1.21349;1.21355;1.21352;0;T;True;1
1621216122000;14092874;1.21349;1.21355;1.21352;2;T;True;1
1621216123000;14092875;1.21349;1.21355;1.21352;0;T;True;1
1621216124000;14092879;1.21349;1.21355;1.21352;3;T;True;1
1621216125000;14092880;1.21349;1.21355;1.21352;0;T;True;1
1621216126000;14092881;1.21349;1.21355;1.21352;0;T;True;1
1621216127000;14092882;1.21349;1.21355;1.21352;0;T;True;1
1621216128000;14092888;1.2135;1.21356;1.21353;5;T;True;1
1621216129000;14092890;1.2135;1.21356;1.21353;1;T;True;1
1621216130000;14092893;1.2135;1.21356;1.21353;2;T;True;1
1621216131000;14092895;1.2135;1.21356;1.21353;1;T;True;1
1621216132000;14092898;1.2135;1.21356;1.21353;2;T;True;1
1621216133000;14092908;1.21352;1.21358;1.21355;9;T;True;1
1621216134000;14092911;1.21351;1.21357;1.21354;2;T;True;1
1621216135000;14092912;1.21351;1.21357;1.21354;0;T;True;1
1621216136000;14092915;1.21351;1.21357;1.21354;2;T;True;1
1621216137000;14092916;1.21351;1.21357;1.21354;0;T;True;1
1621216138000;14092917;1.21351;1.21357;1.21354;0;T;True;1
1621216139000;14092918;1.21351;1.21357;1.21354;0;T;True;1
1621216140000;14092919;1.21351;1.21357;1.21354;0;T;True;1
1621216141000;14092920;1.21351;1.21357;1.21354;0;T;True;1
1621216142000;14092925;1.21352;1.21358;1.21355;4;T;True;1
1621216143000;14092926;1.21352;1.21358;1.21355;0;T;True;1
1621216144000;14092927;1.21352;1.21358;1.21355;0;T;True;1
1621216145000;14092928;1.21352;1.21358;1.21355;0;T;True;1
1621216146000;14092929;1.21352;1.21358;1.21355;0;T;True;1
1621216147000;14092930;1.21352;1.21358;1.21355;0;T;True;1
1621216148000;14092931;1.21352;1.21358;1.21355;0;T;True;1
1621216149000;14092938;1.21349;1.21355;1.21352;6;T;True;1
1621216150000;14092939;1.21349;1.21355;1.21352;0;T;True;1
1621216151000;14092941;1.21349;1.21355;1.21352;1;T;True;1
1621216152000;14092943;1.21349;1.21355;1.21352;1;T;True;1
1621216153000;14092945;1.21349;1.21355;1.21352;1;T;True;1
1621216154000;14092948;1.21349;1.21355;1.21352;2;T;True;1
1621216155000;14092950;1.21349;1.21355;1.21352;1;T;True;1
1621216156000;14092955;1.21348;1.21354;1.21351;4;T;True;1
1621216157000;14092956;1.21348;1.21354;1.21351;0;T;True;1
1621216158000;14092957;1.21348;1.21354;1.21351;0;T;True;1
1621216159000;14092959;1.21348;1.21354;1.21351;1;T;True;1
1621216160000;14092960;1.21348;1.21354;1.21351;0;T;True;1
1621216161000;14092961;1.21348;1.21354;1.21351;0;T;True;1
1621216162000;14092969;1.21344;1.2135;1.21347;7;T;True;1
1621216163000;14092972;1.21344;1.2135;1.21347;2;T;True;1
1621216164000;14092973;1.21344;1.2135;1.21347;0;T;True;1
1621216165000;14092974;1.21344;1.2135;1.21347;0;T;True;1
1621216166000;14092975;1.21344;1.2135;1.21347;0;T;True;1
1621216167000;14092976;1.21344;1.2135;1.21347;0;T;True;1
1621216168000;14092977;1.21344;1.2135;1.21347;0;T;True;1
1621216169000;14092978;1.21344;1.2135;1.21347;0;T;True;1
1621216170000;14092979;1.21344;1.2135;1.21347;0;T;True;1
1621216171000;14092980;1.21344;1.2135;1.21347;0;T;True;1
1621216172000;14092982;1.21344;1.2135;1.21347;1;T;True;1
1621216173000;14092983;1.21344;1.2135;1.21347;0;T;True;1
1621216174000;14092984;1.21344;1.2135;1.21347;0;T;True;1
1621216175000;14092985;1.21344;1.2135;1.21347;0;T;True;1
1621216176000;14092986;1.21344;1.2135;1.21347;0;T;True;1
1621216177000;14092987;1.21344;1.2135;1.21347;0;T;True;1
1621216178000;14092993;1.21348;1.21354;1.21351;5;T;True;1
1621216179000;14092995;1.21348;1.21354;1.21351;1;T;True;1
1621216180000;14093003;1.21346;1.21352;1.21349;7;T;True;1
1621216181000;14093010;1.21348;1.21354;1.21351;6;T;True;1
1621216182000;14093011;1.21348;1.21354;1.21351;0;T;True;1
1621216183000;14093012;1.21348;1.21354;1.21351;0;T;True;1
1621216184000;14093014;1.21347;1.21353;1.2135;1;T;True;1
1621216185000;14093015;1.21347;1.21353;1.2135;0;T;True;1
1621216186000;14093020;1.21348;1.21354;1.21351;4;T;True;1
1621216187000;14093026;1.21346;1.21352;1.21349;5;T;True;1
1621216188000;14093029;1.21344;1.2135;1.21347;2;T;True;1
1621216189000;14093030;1.21344;1.2135;1.21347;0;T;True;1
1621216190000;14093031;1.21344;1.2135;1.21347;0;T;True;1
1621216191000;14093032;1.21344;1.2135;1.21347;0;T;True;1
1621216192000;14093033;1.21344;1.2135;1.21347;0;T;True;1
1621216193000;14093034;1.21344;1.2135;1.21347;0;T;True;1
1621216194000;14093036;1.21344;1.2135;1.21347;1;T;True;1
1621216195000;14093037;1.21344;1.2135;1.21347;0;T;True;1
1621216196000;14093038;1.21344;1.2135;1.21347;0;T;True;1
1621216197000;14093039;1.21344;1.2135;1.21347;0;T;True;1
1621216198000;14093042;1.21344;1.2135;1.21347;2;T;True;1
1621216199000;14093043;1.21344;1.2135;1.21347;0;T;True;1
1621216200000;14093044;1.21344;1.2135;1.21347;0;T;True;1
1621216201000;14093046;1.21344;1.2135;1.21347;1;T;True;1
1621216202000;14093049;1.21344;1.2135;1.21347;2;T;True;1
1621216203000;14093051;1.21344;1.2135;1.21347;1;T;True;1
1621216204000;14093055;1.21343;1.21349;1.21346;3;T;True;1
1621216205000;14093060;1.21344;1.2135;1.21347;4;T;True;1
1621216206000;14093067;1.21346;1.21352;1.21349;6;T;True;1
1621216207000;14093072;1.21347;1.21353;1.2135;4;T;True;1
1621216208000;14093078;1.21347;1.21353;1.2135;5;T;True;1
1621216209000;14093079;1.21347;1.21353;1.2135;0;T;True;1
1621216210000;14093080;1.21347;1.21353;1.2135;0;T;True;1
1621216211000;14093082;1.21346;1.21352;1.21349;1;T;True;1
1621216212000;14093083;1.21346;1.21352;1.21349;0;T;True;1
1621216213000;14093084;1.21346;1.21352;1.21349;0;T;True;1
1621216214000;14093085;1.21346;1.21352;1.21349;0;T;True;1
1621216215000;14093086;1.21346;1.21352;1.21349;0;T;True;1
1621216216000;14093088;1.21346;1.21352;1.21349;1;T;True;1
1621216217000;14093094;1.2135;1.21356;1.21353;5;T;True;1
1621216218000;14093095;1.2135;1.21356;1.21353;0;T;True;1
1621216219000;14093096;1.2135;1.21356;1.21353;0;T;True;1
1621216220000;14093097;1.2135;1.21356;1.21353;0;T;True;1
1621216221000;14093098;1.2135;1.21356;1.21353;0;T;True;1
1621216222000;14093099;1.2135;1.21356;1.21353;0;T;True;1
1621216223000;14093100;1.2135;1.21356;1.21353;0;T;True;1
1621216224000;14093109;1.21349;1.21355;1.21352;8;T;True;1
1621216225000;14093117;1.21346;1.21352;1.21349;7;T;True;1
1621216226000;14093123;1.21344;1.2135;1.21347;5;T;True;1
1621216227000;14093131;1.21342;1.21348;1.21345;7;T;True;1
1621216228000;14093133;1.21342;1.21348;1.21345;1;T;True;1
1621216229000;14093136;1.21342;1.21348;1.21345;2;T;True;1
1621216230000;14093138;1.21342;1.21348;1.21345;1;T;True;1
1621216231000;14093141;1.21342;1.21348;1.21345;2;T;True;1
1621216232000;14093142;1.21342;1.21348;1.21345;0;T;True;1
1621216233000;14093143;1.21342;1.21348;1.21345;0;T;True;1
1621216234000;14093144;1.21342;1.21348;1.21345;0;T;True;1
1621216235000;14093145;1.21342;1.21348;1.21345;0;T;True;1
1621216236000;14093147;1.21342;1.21348;1.21345;1;T;True;1
1621216237000;14093149;1.21342;1.21348;1.21345;1;T;True;1
1621216238000;14093151;1.21342;1.21348;1.21345;1;T;True;1
1621216239000;14093152;1.21342;1.21348;1.21345;0;T;True;1
1621216240000;14093153;1.21342;1.21348;1.21345;0;T;True;1
1621216241000;14093155;1.21342;1.21348;1.21345;1;T;True;1
1621216242000;14093159;1.21338;1.21344;1.21341;3;T;True;1
1621216243000;14093160;1.21338;1.21344;1.21341;0;T;True;1
1621216244000;14093161;1.21338;1.21344;1.21341;0;T;True;1
1621216245000;14093162;1.21338;1.21344;1.21341;0;T;True;1
1621216246000;14093163;1.21338;1.21344;1.21341;0;T;True;1
1621216247000;14093164;1.21338;1.21344;1.21341;0;T;True;1
1621216248000;14093165;1.21338;1.21344;1.21341;0;T;True;1
1621216249000;14093166;1.21338;1.21344;1.21341;0;T;True;1
1621216250000;14093167;1.21338;1.21344;1.21341;0;T;True;1
1621216251000;14093168;1.21338;1.21344;1.21341;0;T;True;1
1621216252000;14093169;1.21338;1.21344;1.21341;0;T;True;1
1621216253000;14093170;1.21338;1.21344;1.21341;0;T;True;1
1621216254000;14093171;1.21338;1.21344;1.21341;0;T;True;1
1621216255000;14093172;1.21338;1.21344;1.21341;0;T;True;1
1621216256000;14093173;1.21338;1.21344;1.21341;0;T;True;1
1621216257000;14093174;1.21338;1.21344;1.21341;0;T;True;1
1621216258000;14093175;1.21338;1.21344;1.21341;0;T;True;1
1621216259000;14093176;1.21338;1.21344;1.21341;0;T;True;1
1621216260000;14093180;1.21335;1.21341;1.21338;3;T;True;1
1621216261000;14093182;1.21334;1.2134;1.21337;1;T;True;1
1621216262000;14093186;1.21334;1.2134;1.21337;3;T;True;1
1621216263000;14093188;1.21334;1.2134;1.21337;1;T;True;1
1621216264000;14093191;1.21336;1.21342;1.21339;2;T;True;1
1621216265000;14093192;1.21336;1.21342;1.21339;0;T;True;1
1621216266000;14093193;1.21336;1.21342;1.21339;0;T;True;1
1621216267000;14093194;1.21336;1.21342;1.21339;0;T;True;1
1621216268000;14093195;1.21336;1.21342;1.21339;0;T;True;1
1621216269000;14093196;1.21336;1.21342;1.21339;0;T;True;1
1621216270000;14093197;1.21336;1.21342;1.21339;0;T;True;1
1621216271000;14093199;1.21336;1.21342;1.21339;1;T;True;1
1621216272000;14093200;1.21336;1.21342;1.21339;0;T;True;1
1621216273000;14093201;1.21336;1.21342;1.21339;0;T;True;1
1621216274000;14093202;1.21336;1.21342;1.21339;0;T;True;1
1621216275000;14093203;1.21336;1.21342;1.21339;0;T;True;1
1621216276000;14093204;1.21336;1.21342;1.21339;0;T;True;1
1621216277000;14093205;1.21336;1.21342;1.21339;0;T;True;1
1621216278000;14093207;1.21335;1.21341;1.21338;1;T;True;1
1621216279000;14093208;1.21335;1.21341;1.21338;0;T;True;1
1621216280000;14093209;1.21335;1.21341;1.21338;0;T;True;1
1621216281000;14093210;1.21335;1.21341;1.21338;0;T;True;1
1621216282000;14093211;1.21335;1.21341;1.21338;0;T;True;1
1621216283000;14093212;1.21335;1.21341;1.21338;0;T;True;1
1621216284000;14093213;1.21335;1.21341;1.21338;0;T;True;1
1621216285000;14093214;1.21335;1.21341;1.21338;0;T;True;1
1621216286000;14093215;1.21335;1.21341;1.21338;0;T;True;1
1621216287000;14093216;1.21335;1.21341;1.21338;0;T;True;1
1621216288000;14093217;1.21335;1.21341;1.21338;0;T;True;1
1621216289000;14093218;1.21335;1.21341;1.21338;0;T;True;1
1621216290000;14093219;1.21335;1.21341;1.21338;0;T;True;1
1621216291000;14093220;1.21335;1.21341;1.21338;0;T;True;1
1621216292000;14093221;1.21335;1.21341;1.21338;0;T;True;1
1621216293000;14093227;1.21332;1.21338;1.21335;5;T;True;1
1621216294000;14093228;1.21332;1.21338;1.21335;0;T;True;1
1621216295000;14093229;1.21332;1.21338;1.21335;0;T;True;1
1621216296000;14093232;1.21332;1.21338;1.21335;2;T;True;1
1621216297000;14093236;1.2133;1.21336;1.21333;3;T;True;1
1621216298000;14093239;1.21332;1.21338;1.21335;2;T;True;1
1621216299000;14093241;1.21331;1.21337;1.21334;1;T;True;1
1621216300000;14093245;1.21328;1.21334;1.21331;3;T;True;1
1621216301000;14093246;1.21328;1.21334;1.21331;0;T;True;1
1621216302000;14093247;1.21328;1.21334;1.21331;0;T;True;1
1621216303000;14093248;1.21328;1.21334;1.21331;0;T;True;1
1621216304000;14093249;1.21328;1.21334;1.21331;0;T;True;1
1621216305000;14093254;1.21328;1.21334;1.21331;4;T;True;1
1621216306000;14093257;1.2133;1.21336;1.21333;2;T;True;1
1621216307000;14093260;1.2133;1.21336;1.21333;2;T;True;1
1621216308000;14093261;1.2133;1.21336;1.21333;0;T;True;1
1621216309000;14093262;1.2133;1.21336;1.21333;0;T;True;1
1621216310000;14093264;1.21329;1.21335;1.21332;1;T;True;1
1621216311000;14093265;1.21329;1.21335;1.21332;0;T;True;1
1621216312000;14093270;1.21328;1.21334;1.21331;4;T;True;1
1621216313000;14093273;1.21328;1.21334;1.21331;2;T;True;1
1621216314000;14093276;1.21328;1.21334;1.21331;2;T;True;1
1621216315000;14093277;1.21328;1.21334;1.21331;0;T;True;1
1621216316000;14093278;1.21328;1.21334;1.21331;0;T;True;1
1621216317000;14093279;1.21328;1.21334;1.21331;0;T;True;1
1621216318000;14093280;1.21328;1.21334;1.21331;0;T;True;1
1621216319000;14093281;1.21328;1.21334;1.21331;0;T;True;1
1621216320000;14093282;1.21328;1.21334;1.21331;0;T;True;1
1621216321000;14093283;1.21328;1.21334;1.21331;0;T;True;1
1621216322000;14093284;1.21328;1.21334;1.21331;0;T;True;1
1621216323000;14093285;1.21328;1.21334;1.21331;0;T;True;1
1621216324000;14093286;1.21328;1.21334;1.21331;0;T;True;1
1621216325000;14093287;1.21328;1.21334;1.21331;0;T;True;1
1621216326000;14093288;1.21328;1.21334;1.21331;0;T;True;1
1621216327000;14093289;1.21328;1.21334;1.21331;0;T;True;1
1621216328000;14093290;1.21328;1.21334;1.21331;0;T;True;1
1621216329000;14093291;1.21328;1.21334;1.21331;0;T;True;1
1621216330000;14093292;1.21328;1.21334;1.21331;0;T;True;1
1621216331000;14093293;1.21328;1.21334;1.21331;0;T;True;1
1621216332000;14093294;1.21328;1.21334;1.21331;0;T;True;1
1621216333000;14093295;1.21328;1.21334;1.21331;0;T;True;1
1621216334000;14093296;1.21328;1.21334;1.21331;0;T;True;1
1621216335000;14093297;1.21328;1.21334;1.21331;0;T;True;1
1621216336000;14093298;1.21328;1.21334;1.21331;0;T;True;1
1621216337000;14093299;1.21328;1.21334;1.21331;0;T;True;1
1621216338000;14093300;1.21328;1.21334;1.21331;0;T;True;1
1621216339000;14093301;1.21328;1.21334;1.21331;0;T;True;1
1621216340000;14093302;1.21328;1.21334;1.21331;0;T;True;1
1621216341000;14093307;1.21329;1.21335;1.21332;4;T;True;1
1621216342000;14093311;1.2133;1.21336;1.21333;3;T;True;1
1621216343000;14093312;1.2133;1.21336;1.21333;0;T;True;1
1621216344000;14093313;1.2133;1.21336;1.21333;0;T;True;1
1621216345000;14093315;1.2133;1.21336;1.21333;1;T;True;1
1621216346000;14093317;1.2133;1.21336;1.21333;1;T;True;1
1621216347000;14093318;1.2133;1.21336;1.21333;0;T;True;1
1621216348000;14093324;1.2133;1.21336;1.21333;5;T;True;1
1621216349000;14093326;1.2133;1.21336;1.21333;1;T;True;1
1621216350000;14093330;1.2133;1.21336;1.21333;3;T;True;1
1621216351000;14093335;1.2133;1.21336;1.21333;4;T;True;1
1621216352000;14093336;1.2133;1.21336;1.21333;0;T;True;1
1621216353000;14093337;1.2133;1.21336;1.21333;0;T;True;1
1621216354000;14093338;1.2133;1.21336;1.21333;0;T;True;1
1621216355000;14093339;1.2133;1.21336;1.21333;0;T;True;1
1621216356000;14093340;1.2133;1.21336;1.21333;0;T;True;1
1621216357000;14093341;1.2133;1.21336;1.21333;0;T;True;1
1621216358000;14093342;1.2133;1.21336;1.21333;0;T;True;1
1621216359000;14093343;1.2133;1.21336;1.21333;0;T;True;1
1621216360000;14093344;1.2133;1.21336;1.21333;0;T;True;1
1621216361000;14093345;1.2133;1.21336;1.21333;0;T;True;1
1621216362000;14093348;1.21328;1.21334;1.21331;2;T;True;1
1621216363000;14093351;1.21328;1.21334;1.21331;2;T;True;1
1621216364000;14093358;1.21328;1.21334;1.21331;6;T;True;1
1621216365000;14093364;1.21329;1.21335;1.21332;5;T;True;1
1621216366000;14093368;1.21328;1.21334;1.21331;3;T;True;1
1621216367000;14093369;1.21328;1.21334;1.21331;0;T;True;1
1621216368000;14093370;1.21328;1.21334;1.21331;0;T;True;1
1621216369000;14093371;1.21328;1.21334;1.21331;0;T;True;1
1621216370000;14093378;1.21328;1.21334;1.21331;6;T;True;1
1621216371000;14093379;1.21328;1.21334;1.21331;0;T;True;1
1621216372000;14093385;1.2133;1.21336;1.21333;5;T;True;1
1621216373000;14093387;1.21329;1.21335;1.21332;1;T;True;1
1621216374000;14093390;1.21329;1.21335;1.21332;2;T;True;1
1621216375000;14093395;1.21329;1.21335;1.21332;4;T;True;1
1621216376000;14093399;1.21328;1.21334;1.21331;3;T;True;1
1621216377000;14093400;1.21328;1.21334;1.21331;0;T;True;1
1621216378000;14093404;1.21329;1.21335;1.21332;3;T;True;1
1621216379000;14093406;1.2133;1.21336;1.21333;1;T;True;1
1621216380000;14093410;1.2133;1.21336;1.21333;3;T;True;1
1621216381000;14093412;1.21332;1.21338;1.21335;1;T;True;1
1621216382000;14093414;1.21332;1.21338;1.21335;1;T;True;1
1621216383000;14093415;1.21332;1.21338;1.21335;0;T;True;1
1621216384000;14093416;1.21332;1.21338;1.21335;0;T;True;1
1621216385000;14093417;1.21332;1.21338;1.21335;0;T;True;1
1621216386000;14093418;1.21332;1.21338;1.21335;0;T;True;1
1621216387000;14093419;1.21332;1.21338;1.21335;0;T;True;1
1621216388000;14093420;1.21332;1.21338;1.21335;0;T;True;1
1621216389000;14093427;1.2133;1.21336;1.21333;6;T;True;1
1621216390000;14093432;1.2133;1.21336;1.21333;4;T;True;1
1621216391000;14093437;1.2133;1.21336;1.21333;4;T;True;1
1621216392000;14093441;1.21331;1.21337;1.21334;3;T;True;1
1621216393000;14093443;1.21332;1.21338;1.21335;1;T;True;1
1621216394000;14093444;1.21332;1.21338;1.21335;0;T;True;1
1621216395000;14093445;1.21332;1.21338;1.21335;0;T;True;1
1621216396000;14093447;1.21332;1.21338;1.21335;1;T;True;1
1621216397000;14093448;1.21332;1.21338;1.21335;0;T;True;1
1621216398000;14093449;1.21332;1.21338;1.21335;0;T;True;1
1621216399000;14093452;1.21332;1.21338;1.21335;2;T;True;1
1621216400000;14093453;1.21332;1.21338;1.21335;0;T;True;1
1621216401000;14093454;1.21332;1.21338;1.21335;0;T;True;1
1621216402000;14093458;1.21332;1.21338;1.21335;3;T;True;1
1621216403000;14093460;1.21332;1.21338;1.21335;1;T;True;1
1621216404000;14093461;1.21332;1.21338;1.21335;0;T;True;1
1621216405000;14093462;1.21332;1.21338;1.21335;0;T;True;1
1621216406000;14093463;1.21332;1.21338;1.21335;0;T;True;1
1621216407000;14093464;1.21332;1.21338;1.21335;0;T;True;1
1621216408000;14093465;1.21332;1.21338;1.21335;0;T;True;1
1621216409000;14093468;1.21331;1.21337;1.21334;2;T;True;1
1621216410000;14093470;1.21331;1.21337;1.21334;1;T;True;1
1621216411000;14093474;1.21332;1.21338;1.21335;3;T;True;1
1621216412000;14093475;1.21332;1.21338;1.21335;0;T;True;1
1621216413000;14093488;1.21332;1.21338;1.21335;12;T;True;1
1621216414000;14093489;1.21332;1.21338;1.21335;0;T;True;1
1621216415000;14093499;1.21332;1.21338;1.21335;9;T;True;1
1621216416000;14093501;1.21332;1.21338;1.21335;1;T;True;1
1621216417000;14093503;1.21332;1.21338;1.21335;1;T;True;1
1621216418000;14093504;1.21332;1.21338;1.21335;0;T;True;1
1621216419000;14093505;1.21332;1.21338;1.21335;0;T;True;1
1621216420000;14093506;1.21332;1.21338;1.21335;0;T;True;1
1621216421000;14093507;1.21332;1.21338;1.21335;0;T;True;1
1621216422000;14093508;1.21332;1.21338;1.21335;0;T;True;1
1621216423000;14093509;1.21332;1.21338;1.21335;0;T;True;1
1621216424000;14093510;1.21332;1.21338;1.21335;0;T;True;1
1621216425000;14093511;1.21332;1.21338;1.21335;0;T;True;1
1621216426000;14093512;1.21332;1.21338;1.21335;0;T;True;1
1621216427000;14093513;1.21332;1.21338;1.21335;0;T;True;1
1621216428000;14093515;1.21331;1.21337;1.21334;1;T;True;1
1621216429000;14093516;1.21331;1.21337;1.21334;0;T;True;1
1621216430000;14093517;1.21331;1.21337;1.21334;0;T;True;1
1621216431000;14093520;1.2133;1.21336;1.21333;2;T;True;1
1621216432000;14093523;1.2133;1.21336;1.21333;2;T;True;1
1621216433000;14093524;1.2133;1.21336;1.21333;0;T;True;1
1621216434000;14093525;1.2133;1.21336;1.21333;0;T;True;1
1621216435000;14093526;1.2133;1.21336;1.21333;0;T;True;1
1621216436000;14093527;1.2133;1.21336;1.21333;0;T;True;1
1621216437000;14093528;1.2133;1.21336;1.21333;0;T;True;1
1621216438000;14093529;1.2133;1.21336;1.21333;0;T;True;1
1621216439000;14093533;1.21331;1.21337;1.21334;3;T;True;1
1621216440000;14093537;1.2133;1.21336;1.21333;3;T;True;1
1621216441000;14093539;1.2133;1.21336;1.21333;1;T;True;1
1621216442000;14093540;1.2133;1.21336;1.21333;0;T;True;1
1621216443000;14093541;1.2133;1.21336;1.21333;0;T;True;1
1621216444000;14093542;1.2133;1.21336;1.21333;0;T;True;1
1621216445000;14093545;1.2133;1.21336;1.21333;2;T;True;1
1621216446000;14093549;1.21331;1.21337;1.21334;3;T;True;1
1621216447000;14093551;1.21331;1.21337;1.21334;1;T;True;1
1621216448000;14093553;1.21331;1.21337;1.21334;1;T;True;1
1621216449000;14093554;1.21331;1.21337;1.21334;0;T;True;1
1621216450000;14093562;1.2133;1.21336;1.21333;7;T;True;1
1621216451000;14093563;1.2133;1.21336;1.21333;0;T;True;1
1621216452000;14093564;1.2133;1.21336;1.21333;0;T;True;1
1621216453000;14093566;1.21331;1.21337;1.21334;1;T;True;1
1621216454000;14093569;1.21331;1.21337;1.21334;2;T;True;1
1621216455000;14093572;1.21331;1.21337;1.21334;2;T;True;1
1621216456000;14093574;1.21332;1.21338;1.21335;1;T;True;1
1621216457000;14093577;1.21331;1.21337;1.21334;2;T;True;1
1621216458000;14093580;1.21331;1.21337;1.21334;2;T;True;1
1621216459000;14093582;1.21331;1.21337;1.21334;1;T;True;1
1621216460000;14093585;1.21331;1.21337;1.21334;2;T;True;1
1621216461000;14093587;1.21331;1.21337;1.21334;1;T;True;1
1621216462000;14093588;1.21331;1.21337;1.21334;0;T;True;1
1621216463000;14093589;1.21331;1.21337;1.21334;0;T;True;1
1621216464000;14093595;1.2133;1.21336;1.21333;5;T;True;1
1621216465000;14093596;1.2133;1.21336;1.21333;0;T;True;1
1621216466000;14093597;1.2133;1.21336;1.21333;0;T;True;1
1621216467000;14093598;1.2133;1.21336;1.21333;0;T;True;1
1621216468000;14093599;1.2133;1.21336;1.21333;0;T;True;1
1621216469000;14093600;1.2133;1.21336;1.21333;0;T;True;1
1621216470000;14093601;1.2133;1.21336;1.21333;0;T;True;1
1621216471000;14093602;1.2133;1.21336;1.21333;0;T;True;1
1621216472000;14093603;1.2133;1.21336;1.21333;0;T;True;1
1621216473000;14093604;1.2133;1.21336;1.21333;0;T;True;1
1621216474000;14093605;1.2133;1.21336;1.21333;0;T;True;1
1621216475000;14093609;1.21329;1.21335;1.21332;3;T;True;1
1621216476000;14093615;1.2133;1.21336;1.21333;5;T;True;1
1621216477000;14093616;1.2133;1.21336;1.21333;0;T;True;1
1621216478000;14093617;1.2133;1.21336;1.21333;0;T;True;1
1621216479000;14093619;1.21329;1.21335;1.21332;1;T;True;1
1621216480000;14093620;1.21329;1.21335;1.21332;0;T;True;1
1621216481000;14093621;1.21329;1.21335;1.21332;0;T;True;1
1621216482000;14093622;1.21329;1.21335;1.21332;0;T;True;1
1621216483000;14093623;1.21329;1.21335;1.21332;0;T;True;1
1621216484000;14093624;1.21329;1.21335;1.21332;0;T;True;1
1621216485000;14093627;1.21328;1.21334;1.21331;2;T;True;1
1621216486000;14093629;1.21328;1.21334;1.21331;1;T;True;1
1621216487000;14093631;1.21328;1.21334;1.21331;1;T;True;1
1621216488000;14093632;1.21328;1.21334;1.21331;0;T;True;1
1621216489000;14093633;1.21328;1.21334;1.21331;0;T;True;1
1621216490000;14093641;1.21328;1.21334;1.21331;7;T;True;1
1621216491000;14093643;1.21329;1.21335;1.21332;1;T;True;1
1621216492000;14093646;1.2133;1.21336;1.21333;2;T;True;1
1621216493000;14093647;1.2133;1.21336;1.21333;0;T;True;1
1621216494000;14093656;1.21329;1.21335;1.21332;8;T;True;1
1621216495000;14093666;1.21329;1.21335;1.21332;9;T;True;1
1621216496000;14093667;1.21329;1.21335;1.21332;0;T;True;1
1621216497000;14093670;1.21329;1.21335;1.21332;2;T;True;1
1621216498000;14093672;1.21329;1.21335;1.21332;1;T;True;1
1621216499000;14093688;1.21329;1.21335;1.21332;15;T;True;1
1621216500000;14093690;1.21329;1.21335;1.21332;1;T;True;1
1621216501000;14093691;1.21329;1.21335;1.21332;0;T;True;1
1621216502000;14093693;1.21329;1.21335;1.21332;1;T;True;1
1621216503000;14093694;1.21329;1.21335;1.21332;0;T;True;1
1621216504000;14093697;1.21328;1.21334;1.21331;2;T;True;1
1621216505000;14093698;1.21328;1.21334;1.21331;0;T;True;1
1621216506000;14093702;1.21328;1.21334;1.21331;3;T;True;1
1621216507000;14093705;1.2133;1.21336;1.21333;2;T;True;1
1621216508000;14093708;1.2133;1.21336;1.21333;2;T;True;1
1621216509000;14093710;1.21329;1.21335;1.21332;1;T;True;1
1621216510000;14093712;1.21329;1.21335;1.21332;1;T;True;1
1621216511000;14093716;1.21329;1.21335;1.21332;3;T;True;1
1621216512000;14093717;1.21329;1.21335;1.21332;0;T;True;1
1621216513000;14093718;1.21329;1.21335;1.21332;0;T;True;1
1621216514000;14093719;1.21329;1.21335;1.21332;0;T;True;1
1621216515000;14093722;1.21329;1.21335;1.21332;2;T;True;1
1621216516000;14093724;1.21329;1.21335;1.21332;1;T;True;1
1621216517000;14093726;1.21329;1.21335;1.21332;1;T;True;1
1621216518000;14093727;1.21329;1.21335;1.21332;0;T;True;1
1621216519000;14093729;1.21329;1.21335;1.21332;1;T;True;1
1621216520000;14093730;1.21329;1.21335;1.21332;0;T;True;1
1621216521000;14093731;1.21329;1.21335;1.21332;0;T;True;1
1621216522000;14093732;1.21329;1.21335;1.21332;0;T;True;1
1621216523000;14093733;1.21329;1.21335;1.21332;0;T;True;1
1621216524000;14093735;1.21329;1.21335;1.21332;1;T;True;1
1621216525000;14093737;1.21329;1.21335;1.21332;1;T;True;1
1621216526000;14093739;1.21329;1.21335;1.21332;1;T;True;1
1621216527000;14093741;1.21328;1.21334;1.21331;1;T;True;1
1621216528000;14093742;1.21328;1.21334;1.21331;0;T;True;1
1621216529000;14093743;1.21328;1.21334;1.21331;0;T;True;1
1621216530000;14093744;1.21328;1.21334;1.21331;0;T;True;1
1621216531000;14093745;1.21328;1.21334;1.21331;0;T;True;1
1621216532000;14093746;1.21328;1.21334;1.21331;0;T;True;1
1621216533000;14093747;1.21328;1.21334;1.21331;0;T;True;1
1621216534000;14093748;1.21328;1.21334;1.21331;0;T;True;1
1621216535000;14093749;1.21328;1.21334;1.21331;0;T;True;1
1621216536000;14093751;1.21328;1.21334;1.21331;1;T;True;1
1621216537000;14093759;1.21329;1.21335;1.21332;7;T;True;1
1621216538000;14093761;1.21328;1.21334;1.21331;1;T;True;1
1621216539000;14093764;1.21328;1.21334;1.21331;2;T;True;1
1621216540000;14093765;1.21328;1.21334;1.21331;0;T;True;1
1621216541000;14093770;1.2133;1.21336;1.21333;4;T;True;1
1621216542000;14093773;1.2133;1.21336;1.21333;2;T;True;1
1621216543000;14093774;1.2133;1.21336;1.21333;0;T;True;1
1621216544000;14093775;1.2133;1.21336;1.21333;0;T;True;1
1621216545000;14093776;1.2133;1.21336;1.21333;0;T;True;1
1621216546000;14093777;1.2133;1.21336;1.21333;0;T;True;1
1621216547000;14093778;1.2133;1.21336;1.21333;0;T;True;1
1621216548000;14093783;1.21328;1.21334;1.21331;4;T;True;1
1621216549000;14093786;1.21328;1.21334;1.21331;2;T;True;1
1621216550000;14093795;1.21324;1.2133;1.21327;8;T;True;1
1621216551000;14093798;1.21324;1.2133;1.21327;2;T;True;1
1621216552000;14093806;1.21329;1.21335;1.21332;7;T;True;1
1621216553000;14093813;1.21324;1.2133;1.21327;6;T;True;1
1621216554000;14093814;1.21324;1.2133;1.21327;0;T;True;1
1621216555000;14093817;1.21324;1.2133;1.21327;2;T;True;1
1621216556000;14093821;1.21325;1.21331;1.21328;3;T;True;1
1621216557000;14093822;1.21325;1.21331;1.21328;0;T;True;1
1621216558000;14093825;1.21326;1.21332;1.21329;2;T;True;1
1621216559000;14093827;1.21326;1.21332;1.21329;1;T;True;1
1621216560000;14093830;1.21324;1.2133;1.21327;2;T;True;1
1621216561000;14093833;1.21326;1.21332;1.21329;2;T;True;1
1621216562000;14093834;1.21326;1.21332;1.21329;0;T;True;1
1621216563000;14093835;1.21326;1.21332;1.21329;0;T;True;1
1621216564000;14093836;1.21326;1.21332;1.21329;0;T;True;1
1621216565000;14093837;1.21326;1.21332;1.21329;0;T;True;1
1621216566000;14093838;1.21326;1.21332;1.21329;0;T;True;1
1621216567000;14093840;1.21326;1.21332;1.21329;1;T;True;1
1621216568000;14093841;1.21326;1.21332;1.21329;0;T;True;1
1621216569000;14093844;1.21326;1.21332;1.21329;2;T;True;1
1621216570000;14093845;1.21326;1.21332;1.21329;0;T;True;1
1621216571000;14093847;1.21327;1.21333;1.2133;1;T;True;1
1621216572000;14093851;1.21326;1.21332;1.21329;3;T;True;1
1621216573000;14093852;1.21326;1.21332;1.21329;0;T;True;1
1621216574000;14093853;1.21326;1.21332;1.21329;0;T;True;1
1621216575000;14093854;1.21326;1.21332;1.21329;0;T;True;1
1621216576000;14093855;1.21326;1.21332;1.21329;0;T;True;1
1621216577000;14093856;1.21326;1.21332;1.21329;0;T;True;1
1621216578000;14093857;1.21326;1.21332;1.21329;0;T;True;1
1621216579000;14093858;1.21326;1.21332;1.21329;0;T;True;1
1621216580000;14093859;1.21326;1.21332;1.21329;0;T;True;1
1621216581000;14093860;1.21326;1.21332;1.21329;0;T;True;1
1621216582000;14093861;1.21326;1.21332;1.21329;0;T;True;1
1621216583000;14093863;1.21326;1.21332;1.21329;1;T;True;1
1621216584000;14093865;1.21326;1.21332;1.21329;1;T;True;1
1621216585000;14093869;1.21326;1.21332;1.21329;3;T;True;1
1621216586000;14093870;1.21326;1.21332;1.21329;0;T;True;1
1621216587000;14093871;1.21326;1.21332;1.21329;0;T;True;1
1621216588000;14093872;1.21326;1.21332;1.21329;0;T;True;1
1621216589000;14093873;1.21326;1.21332;1.21329;0;T;True;1
1621216590000;14093874;1.21326;1.21332;1.21329;0;T;True;1
1621216591000;14093878;1.21325;1.21331;1.21328;3;T;True;1
1621216592000;14093881;1.21324;1.2133;1.21327;2;T;True;1
1621216593000;14093882;1.21324;1.2133;1.21327;0;T;True;1
1621216594000;14093884;1.21324;1.2133;1.21327;1;T;True;1
1621216595000;14093886;1.21324;1.2133;1.21327;1;T;True;1
1621216596000;14093887;1.21324;1.2133;1.21327;0;T;True;1
1621216597000;14093888;1.21324;1.2133;1.21327;0;T;True;1
1621216598000;14093890;1.21324;1.2133;1.21327;1;T;True;1
1621216599000;14093891;1.21324;1.2133;1.21327;0;T;True;1
1621216600000;14093892;1.21324;1.2133;1.21327;0;T;True;1
1621216601000;14093893;1.21324;1.2133;1.21327;0;T;True;1
1621216602000;14093898;1.21326;1.21332;1.21329;4;T;True;1
1621216603000;14093899;1.21326;1.21332;1.21329;0;T;True;1
1621216604000;14093900;1.21326;1.21332;1.21329;0;T;True;1
1621216605000;14093905;1.21324;1.2133;1.21327;4;T;True;1
1621216606000;14093906;1.21324;1.2133;1.21327;0;T;True;1
1621216607000;14093908;1.21325;1.21331;1.21328;1;T;True;1
1621216608000;14093909;1.21325;1.21331;1.21328;0;T;True;1
1621216609000;14093910;1.21325;1.21331;1.21328;0;T;True;1
1621216610000;14093911;1.21325;1.21331;1.21328;0;T;True;1
1621216611000;14093912;1.21325;1.21331;1.21328;0;T;True;1
1621216612000;14093913;1.21325;1.21331;1.21328;0;T;True;1
1621216613000;14093914;1.21325;1.21331;1.21328;0;T;True;1
1621216614000;14093915;1.21325;1.21331;1.21328;0;T;True;1
1621216615000;14093921;1.21324;1.2133;1.21327;5;T;True;1
1621216616000;14093924;1.21323;1.21329;1.21326;2;T;True;1
1621216617000;14093929;1.21326;1.21332;1.21329;4;T;True;1
1621216618000;14093931;1.21326;1.21332;1.21329;1;T;True;1
1621216619000;14093932;1.21326;1.21332;1.21329;0;T;True;1
1621216620000;14093933;1.21326;1.21332;1.21329;0;T;True;1
1621216621000;14093934;1.21326;1.21332;1.21329;0;T;True;1
1621216622000;14093935;1.21326;1.21332;1.21329;0;T;True;1
1621216623000;14093936;1.21326;1.21332;1.21329;0;T;True;1
1621216624000;14093937;1.21326;1.21332;1.21329;0;T;True;1
1621216625000;14093938;1.21326;1.21332;1.21329;0;T;True;1
1621216626000;14093939;1.21326;1.21332;1.21329;0;T;True;1
1621216627000;14093940;1.21326;1.21332;1.21329;0;T;True;1
1621216628000;14093941;1.21326;1.21332;1.21329;0;T;True;1
1621216629000;14093942;1.21326;1.21332;1.21329;0;T;True;1
1621216630000;14093943;1.21326;1.21332;1.21329;0;T;True;1
1621216631000;14093947;1.21324;1.2133;1.21327;3;T;True;1
1621216632000;14093948;1.21324;1.2133;1.21327;0;T;True;1
1621216633000;14093949;1.21324;1.2133;1.21327;0;T;True;1
1621216634000;14093950;1.21324;1.2133;1.21327;0;T;True;1
1621216635000;14093951;1.21324;1.2133;1.21327;0;T;True;1
1621216636000;14093954;1.21323;1.21329;1.21326;2;T;True;1
1621216637000;14093955;1.21323;1.21329;1.21326;0;T;True;1
1621216638000;14093956;1.21323;1.21329;1.21326;0;T;True;1
1621216639000;14093958;1.21323;1.21329;1.21326;1;T;True;1
1621216640000;14093959;1.21323;1.21329;1.21326;0;T;True;1
1621216641000;14093960;1.21323;1.21329;1.21326;0;T;True;1
1621216642000;14093962;1.21323;1.21329;1.21326;1;T;True;1
1621216643000;14093964;1.21323;1.21329;1.21326;1;T;True;1
1621216644000;14093965;1.21323;1.21329;1.21326;0;T;True;1
1621216645000;14093966;1.21323;1.21329;1.21326;0;T;True;1
1621216646000;14093967;1.21323;1.21329;1.21326;0;T;True;1
1621216647000;14093969;1.21323;1.21329;1.21326;1;T;True;1
1621216648000;14093970;1.21323;1.21329;1.21326;0;T;True;1
1621216649000;14093971;1.21323;1.21329;1.21326;0;T;True;1
1621216650000;14093972;1.21323;1.21329;1.21326;0;T;True;1
1621216651000;14093974;1.21323;1.21329;1.21326;1;T;True;1
1621216652000;14093975;1.21323;1.21329;1.21326;0;T;True;1
1621216653000;14093976;1.21323;1.21329;1.21326;0;T;True;1
1621216654000;14093977;1.21323;1.21329;1.21326;0;T;True;1
1621216655000;14093978;1.21323;1.21329;1.21326;0;T;True;1
1621216656000;14093979;1.21323;1.21329;1.21326;0;T;True;1
1621216657000;14093980;1.21323;1.21329;1.21326;0;T;True;1
1621216658000;14093983;1.21323;1.21329;1.21326;2;T;True;1
1621216659000;14093984;1.21323;1.21329;1.21326;0;T;True;1
1621216660000;14093985;1.21323;1.21329;1.21326;0;T;True;1
1621216661000;14093991;1.21326;1.21332;1.21329;5;T;True;1
1621216662000;14093992;1.21326;1.21332;1.21329;0;T;True;1
