ts;n;bid;ask;value;volume;phase;round;active_id
1621258062000;14192484;1.21462;1.21468;1.21465;6;T;True;1
1621258063000;14192489;1.21462;1.21468;1.21465;4;T;True;1
1621258064000;14192490;1.21462;1.21468;1.21465;0;T;True;1
1621258065000;14192492;1.21462;1.21468;1.21465;1;T;True;1
1621258066000;14192497;1.21462;1.21468;1.21465;4;T;True;1
1621258067000;14192498;1.21462;1.21468;1.21465;0;T;True;1
1621258068000;14192505;1.21462;1.21468;1.21465;6;T;True;1
1621258069000;14192513;1.21464;1.2147;1.21467;7;T;True;1
1621258070000;14192516;1.21463;1.21469;1.21466;2;T;True;1
1621258071000;14192519;1.21463;1.21469;1.21466;2;T;True;1
1621258072000;14192520;1.21463;1.21469;1.21466;0;T;True;1
1621258073000;14192521;1.21463;1.21469;1.21466;0;T;True;1
1621258074000;14192522;1.21463;1.21469;1.21466;0;T;True;1
1621258075000;14192523;1.21463;1.21469;1.21466;0;T;True;1
1621258076000;14192524;1.21463;1.21469;1.21466;0;T;True;1
1621258077000;14192526;1.21462;1.21468;1.21465;1;T;True;1
1621258078000;14192527;1.21462;1.21468;1.21465;0;T;True;1
1621258079000;14192531;1.2146;1.21466;1.21463;3;T;True;1
1621258080000;14192533;1.2146;1.21466;1.21463;1;T;True;1
1621258081000;14192540;1.21463;1.21469;1.21466;6;T;True;1
1621258082000;14192548;1.21467;1.21473;1.2147;7;T;True;1
1621258083000;14192549;1.21467;1.21473;1.2147;0;T;True;1
1621258084000;14192554;1.21472;1.21478;1.21475;4;T;True;1
1621258085000;14192559;1.21474;1.2148;1.21477;4;T;True;1
1621258086000;14192561;1.21474;1.2148;1.21477;1;T;True;1
1621258087000;14192563;1.21472;1.21478;1.21475;1;T;True;1
1621258088000;14192565;1.21472;1.21478;1.21475;1;T;True;1
1621258089000;14192566;1.21472;1.21478;1.21475;0;T;True;1
1621258090000;14192569;1.21473;1.21479;1.21476;2;T;True;1
1621258091000;14192572;1.21472;1.21478;1.21475;2;T;True;1
1621258092000;14192586;1.21474;1.2148;1.21477;13;T;True;1
1621258093000;14192588;1.21474;1.2148;1.21477;1;T;True;1
1621258094000;14192590;1.21475;1.21481;1.21478;1;T;True;1
1621258095000;14192593;1.21476;1.21482;1.21479;2;T;True;1
1621258096000;14192600;1.21481;1.21487;1.21484;6;T;True;1
1621258097000;14192601;1.21481;1.21487;1.21484;0;T;True;1
1621258098000;14192602;1.21481;1.21487;1.21484;0;T;True;1
1621258099000;14192604;1.2148;1.21486;1.21483;1;T;True;1
1621258100000;14192605;1.2148;1.21486;1.21483;0;T;True;1
1621258101000;14192608;1.21478;1.21484;1.21481;2;T;True;1
1621258102000;14192610;1.21477;1.21483;1.2148;1;T;True;1
1621258103000;14192612;1.21476;1.21482;1.21479;1;T;True;1
1621258104000;14192614;1.21477;1.21483;1.2148;1;T;True;1
1621258105000;14192620;1.21474;1.2148;1.21477;5;T;True;1
1621258106000;14192626;1.21475;1.21481;1.21478;5;T;True;1
1621258107000;14192633;1.21477;1.21483;1.2148;6;T;True;1
1621258108000;14192638;1.21476;1.21482;1.21479;4;T;True;1
1621258109000;14192649;1.21471;1.21477;1.21474;10;T;True;1
1621258110000;14192651;1.2147;1.21476;1.21473;1;T;True;1
1621258111000;14192652;1.2147;1.21476;1.21473;0;T;True;1
1621258112000;14192654;1.2147;1.21476;1.21473;1;T;True;1
1621258113000;14192658;1.21472;1.21478;1.21475;3;T;True;1
1621258114000;14192659;1.21472;1.21478;1.21475;0;T;True;1
1621258115000;14192660;1.21472;1.21478;1.21475;0;T;True;1
1621258116000;14192666;1.21472;1.21478;1.21475;5;T;True;1
1621258117000;14192668;1.21472;1.21478;1.21475;1;T;True;1
1621258118000;14192669;1.21472;1.21478;1.21475;0;T;True;1
1621258119000;14192670;1.21472;1.21478;1.21475;0;T;True;1
1621258120000;14192671;1.21472;1.21478;1.21475;0;T;True;1
1621258121000;14192672;1.21472;1.21478;1.21475;0;T;True;1
1621258122000;14192673;1.21472;1.21478;1.21475;0;T;True;1
1621258123000;14192674;1.21472;1.21478;1.21475;0;T;True;1
1621258124000;14192680;1.21468;1.21474;1.21471;5;T;True;1
1621258125000;14192682;1.2147;1.21476;1.21473;1;T;True;1
1621258126000;14192684;1.2147;1.21476;1.21473;1;T;True;1
1621258127000;14192685;1.2147;1.21476;1.21473;0;T;True;1
1621258128000;14192687;1.2147;1.21476;1.21473;1;T;True;1
1621258129000;14192688;1.2147;1.21476;1.21473;0;T;True;1
1621258130000;14192689;1.2147;1.21476;1.21473;0;T;True;1
1621258131000;14192695;1.21468;1.21474;1.21471;5;T;True;1
1621258132000;14192700;1.21466;1.21472;1.21469;4;T;True;1
1621258133000;14192701;1.21466;1.21472;1.21469;0;T;True;1
1621258134000;14192702;1.21466;1.21472;1.21469;0;T;True;1
1621258135000;14192703;1.21466;1.21472;1.21469;0;T;True;1
1621258136000;14192704;1.21466;1.21472;1.21469;0;T;True;1
1621258137000;14192709;1.21464;1.2147;1.21467;4;T;True;1
1621258138000;14192711;1.21464;1.2147;1.21467;1;T;True;1
1621258139000;14192713;1.21464;1.2147;1.21467;1;T;True;1
1621258140000;14192714;1.21464;1.2147;1.21467;0;T;True;1
1621258141000;14192717;1.21464;1.2147;1.21467;2;T;True;1
1621258142000;14192718;1.21464;1.2147;1.21467;0;T;True;1
1621258143000;14192719;1.21464;1.2147;1.21467;0;T;True;1
1621258144000;14192720;1.21464;1.2147;1.21467;0;T;True;1
1621258145000;14192721;1.21464;1.2147;1.21467;0;T;True;1
1621258146000;14192732;1.21468;1.21474;1.21471;10;T;True;1
1621258147000;14192741;1.2147;1.21476;1.21473;8;T;True;1
1621258148000;14192742;1.2147;1.21476;1.21473;0;T;True;1
1621258149000;14192743;1.2147;1.21476;1.21473;0;T;True;1
1621258150000;14192746;1.2147;1.21476;1.21473;2;T;True;1
1621258151000;14192747;1.2147;1.21476;1.21473;0;T;True;1
1621258152000;14192754;1.21468;1.21474;1.21471;6;T;True;1
1621258153000;14192757;1.21468;1.21474;1.21471;2;T;True;1
1621258154000;14192758;1.21468;1.21474;1.21471;0;T;True;1
1621258155000;14192759;1.21468;1.21474;1.21471;0;T;True;1
1621258156000;14192760;1.21468;1.21474;1.21471;0;T;True;1
1621258157000;14192762;1.21467;1.21473;1.2147;1;T;True;1
1621258158000;14192765;1.21466;1.21472;1.21469;2;T;True;1
1621258159000;14192766;1.21466;1.21472;1.21469;0;T;True;1
1621258160000;14192767;1.21466;1.21472;1.21469;0;T;True;1
1621258161000;14192770;1.21466;1.21472;1.21469;2;T;True;1
1621258162000;14192771;1.21466;1.21472;1.21469;0;T;True;1
1621258163000;14192777;1.2147;1.21476;1.21473;5;T;True;1
1621258164000;14192779;1.2147;1.21476;1.21473;1;T;True;1
1621258165000;14192787;1.21465;1.21471;1.21468;7;T;True;1
1621258166000;14192789;1.21465;1.21471;1.21468;1;T;True;1
1621258167000;14192792;1.21464;1.2147;1.21467;2;T;True;1
1621258168000;14192794;1.21464;1.2147;1.21467;1;T;True;1
1621258169000;14192796;1.21464;1.2147;1.21467;1;T;True;1
1621258170000;14192798;1.21464;1.2147;1.21467;1;T;True;1
1621258171000;14192807;1.2146;1.21466;1.21463;8;T;True;1
1621258172000;14192812;1.2146;1.21466;1.21463;4;T;True;1
1621258173000;14192813;1.2146;1.21466;1.21463;0;T;True;1
1621258174000;14192814;1.2146;1.21466;1.21463;0;T;True;1
1621258175000;14192818;1.2146;1.21466;1.21463;3;T;True;1
1621258176000;14192820;1.2146;1.21466;1.21463;1;T;True;1
1621258177000;14192821;1.2146;1.21466;1.21463;0;T;True;1
1621258178000;14192822;1.2146;1.21466;1.21463;0;T;True;1
1621258179000;14192823;1.2146;1.21466;1.21463;0;T;True;1
1621258180000;14192824;1.2146;1.21466;1.21463;0;T;True;1
1621258181000;14192825;1.2146;1.21466;1.21463;0;T;True;1
1621258182000;14192826;1.2146;1.21466;1.21463;0;T;True;1
1621258183000;14192828;1.2146;1.21466;1.21463;1;T;True;1
1621258184000;14192829;1.2146;1.21466;1.21463;0;T;True;1
1621258185000;14192830;1.2146;1.21466;1.21463;0;T;True;1
1621258186000;14192833;1.2146;1.21466;1.21463;2;T;True;1
1621258187000;14192834;1.2146;1.21466;1.21463;0;T;True;1
1621258188000;14192835;1.2146;1.21466;1.21463;0;T;True;1
1621258189000;14192836;1.2146;1.21466;1.21463;0;T;True;1
1621258190000;14192837;1.2146;1.21466;1.21463;0;T;True;1
1621258191000;14192838;1.2146;1.21466;1.21463;0;T;True;1
1621258192000;14192843;1.21461;1.21467;1.21464;4;T;True;1
1621258193000;14192847;1.21461;1.21467;1.21464;3;T;True;1
1621258194000;14192849;1.2146;1.21466;1.21463;1;T;True;1
1621258195000;14192852;1.2146;1.21466;1.21463;2;T;True;1
1621258196000;14192853;1.2146;1.21466;1.21463;0;T;True;1
1621258197000;14192855;1.2146;1.21466;1.21463;1;T;True;1
1621258198000;14192856;1.2146;1.21466;1.21463;0;T;True;1
1621258199000;14192857;1.2146;1.21466;1.21463;0;T;True;1
1621258200000;14192859;1.2146;1.21466;1.21463;1;T;True;1
1621258201000;14192868;1.21466;1.21472;1.21469;8;T;True;1
1621258202000;14192880;1.21466;1.21472;1.21469;11;T;True;1
1621258203000;14192893;1.21472;1.21478;1.21475;12;T;True;1
1621258204000;14192901;1.21474;1.2148;1.21477;7;T;True;1
1621258205000;14192905;1.21472;1.21478;1.21475;3;T;True;1
1621258206000;14192916;1.21468;1.21474;1.21471;10;T;True;1
1621258207000;14192923;1.2147;1.21476;1.21473;6;T;True;1
1621258208000;14192926;1.2147;1.21476;1.21473;2;T;True;1
1621258209000;14192927;1.2147;1.21476;1.21473;0;T;True;1
1621258210000;14192931;1.2147;1.21476;1.21473;3;T;True;1
1621258211000;14192935;1.21469;1.21475;1.21472;3;T;True;1
1621258212000;14192936;1.21469;1.21475;1.21472;0;T;True;1
1621258213000;14192941;1.21466;1.21472;1.21469;4;T;True;1
1621258214000;14192947;1.2147;1.21476;1.21473;5;T;True;1
1621258215000;14192955;1.21474;1.2148;1.21477;7;T;True;1
1621258216000;14192957;1.21474;1.2148;1.21477;1;T;True;1
1621258217000;14192962;1.2147;1.21476;1.21473;4;T;True;1
1621258218000;14192967;1.2147;1.21476;1.21473;4;T;True;1
1621258219000;14192973;1.21472;1.21478;1.21475;5;T;True;1
1621258220000;14192975;1.21472;1.21478;1.21475;1;T;True;1
1621258221000;14192983;1.21475;1.21481;1.21478;7;T;True;1
1621258222000;14192993;1.21481;1.21487;1.21484;9;T;True;1
1621258223000;14193005;1.21486;1.21492;1.21489;11;T;True;1
1621258224000;14193007;1.21484;1.2149;1.21487;1;T;True;1
1621258225000;14193008;1.21484;1.2149;1.21487;0;T;True;1
1621258226000;14193009;1.21484;1.2149;1.21487;0;T;True;1
1621258227000;14193014;1.21481;1.21487;1.21484;4;T;True;1
1621258228000;14193018;1.21484;1.2149;1.21487;3;T;True;1
1621258229000;14193025;1.21485;1.21491;1.21488;6;T;True;1
1621258230000;14193026;1.21485;1.21491;1.21488;0;T;True;1
1621258231000;14193027;1.21485;1.21491;1.21488;0;T;True;1
1621258232000;14193030;1.21486;1.21492;1.21489;2;T;True;1
1621258233000;14193031;1.21486;1.21492;1.21489;0;T;True;1
1621258234000;14193035;1.21485;1.21491;1.21488;3;T;True;1
1621258235000;14193037;1.21485;1.21491;1.21488;1;T;True;1
1621258236000;14193039;1.21485;1.21491;1.21488;1;T;True;1
1621258237000;14193046;1.21482;1.21488;1.21485;6;T;True;1
1621258238000;14193051;1.2148;1.21486;1.21483;4;T;True;1
1621258239000;14193059;1.21484;1.2149;1.21487;7;T;True;1
1621258240000;14193064;1.21481;1.21487;1.21484;4;T;True;1
1621258241000;14193069;1.21483;1.21489;1.21486;4;T;True;1
1621258242000;14193077;1.21482;1.21488;1.21485;7;T;True;1
1621258243000;14193079;1.21482;1.21488;1.21485;1;T;True;1
1621258244000;14193081;1.21481;1.21487;1.21484;1;T;True;1
1621258245000;14193084;1.2148;1.21486;1.21483;2;T;True;1
1621258246000;14193087;1.21481;1.21487;1.21484;2;T;True;1
1621258247000;14193088;1.21481;1.21487;1.21484;0;T;True;1
1621258248000;14193091;1.21482;1.21488;1.21485;2;T;True;1
1621258249000;14193099;1.21485;1.21491;1.21488;7;T;True;1
1621258250000;14193113;1.21488;1.21494;1.21491;13;T;True;1
1621258251000;14193123;1.21489;1.21495;1.21492;9;T;True;1
1621258252000;14193125;1.2149;1.21496;1.21493;1;T;True;1
1621258253000;14193126;1.2149;1.21496;1.21493;0;T;True;1
1621258254000;14193134;1.21488;1.21494;1.21491;7;T;True;1
1621258255000;14193140;1.2149;1.21496;1.21493;5;T;True;1
1621258256000;14193143;1.2149;1.21496;1.21493;2;T;True;1
1621258257000;14193145;1.21489;1.21495;1.21492;1;T;True;1
1621258258000;14193146;1.21489;1.21495;1.21492;0;T;True;1
1621258259000;14193147;1.21489;1.21495;1.21492;0;T;True;1
1621258260000;14193152;1.21488;1.21494;1.21491;4;T;True;1
1621258261000;14193159;1.21486;1.21492;1.21489;6;T;True;1
1621258262000;14193161;1.21486;1.21492;1.21489;1;T;True;1
1621258263000;14193162;1.21486;1.21492;1.21489;0;T;True;1
1621258264000;14193169;1.21488;1.21494;1.21491;6;T;True;1
1621258265000;14193177;1.21488;1.21494;1.21491;7;T;True;1
1621258266000;14193183;1.2149;1.21496;1.21493;5;T;True;1
1621258267000;14193186;1.2149;1.21496;1.21493;2;T;True;1
1621258268000;14193190;1.2149;1.21496;1.21493;3;T;True;1
1621258269000;14193191;1.2149;1.21496;1.21493;0;T;True;1
1621258270000;14193194;1.2149;1.21496;1.21493;2;T;True;1
1621258271000;14193197;1.2149;1.21496;1.21493;2;T;True;1
1621258272000;14193201;1.21491;1.21497;1.21494;3;T;True;1
1621258273000;14193203;1.2149;1.21496;1.21493;1;T;True;1
1621258274000;14193215;1.21488;1.21494;1.21491;11;T;True;1
1621258275000;14193222;1.21482;1.21488;1.21485;6;T;True;1
1621258276000;14193225;1.21482;1.21488;1.21485;2;T;True;1
1621258277000;14193229;1.2148;1.21486;1.21483;3;T;True;1
1621258278000;14193232;1.2148;1.21486;1.21483;2;T;True;1
1621258279000;14193234;1.21479;1.21485;1.21482;1;T;True;1
1621258280000;14193239;1.21476;1.21482;1.21479;4;T;True;1
1621258281000;14193243;1.21475;1.21481;1.21478;3;T;True;1
1621258282000;14193247;1.21476;1.21482;1.21479;3;T;True;1
1621258283000;14193248;1.21476;1.21482;1.21479;0;T;True;1
1621258284000;14193252;1.21479;1.21485;1.21482;3;T;True;1
1621258285000;14193258;1.2148;1.21486;1.21483;5;T;True;1
1621258286000;14193262;1.2148;1.21486;1.21483;3;T;True;1
1621258287000;14193263;1.2148;1.21486;1.21483;0;T;True;1
1621258288000;14193265;1.21481;1.21487;1.21484;1;T;True;1
1621258289000;14193268;1.21481;1.21487;1.21484;2;T;True;1
1621258290000;14193270;1.21482;1.21488;1.21485;1;T;True;1
1621258291000;14193271;1.21482;1.21488;1.21485;0;T;True;1
1621258292000;14193279;1.21479;1.21485;1.21482;7;T;True;1
1621258293000;14193282;1.2148;1.21486;1.21483;2;T;True;1
1621258294000;14193287;1.21478;1.21484;1.21481;4;T;True;1
1621258295000;14193294;1.21479;1.21485;1.21482;6;T;True;1
1621258296000;14193296;1.21478;1.21484;1.21481;1;T;True;1
1621258297000;14193297;1.21478;1.21484;1.21481;0;T;True;1
1621258298000;14193301;1.21478;1.21484;1.21481;3;T;True;1
1621258299000;14193304;1.21479;1.21485;1.21482;2;T;True;1
1621258300000;14193310;1.21478;1.21484;1.21481;5;T;True;1
1621258301000;14193316;1.21478;1.21484;1.21481;5;T;True;1
1621258302000;14193319;1.2148;1.21486;1.21483;2;T;True;1
1621258303000;14193320;1.2148;1.21486;1.21483;0;T;True;1
1621258304000;14193321;1.2148;1.21486;1.21483;0;T;True;1
1621258305000;14193331;1.21481;1.21487;1.21484;9;T;True;1
1621258306000;14193333;1.2148;1.21486;1.21483;1;T;True;1
1621258307000;14193339;1.2148;1.21486;1.21483;5;T;True;1
1621258308000;14193344;1.2148;1.21486;1.21483;4;T;True;1
1621258309000;14193347;1.2148;1.21486;1.21483;2;T;True;1
1621258310000;14193348;1.2148;1.21486;1.21483;0;T;True;1
1621258311000;14193349;1.2148;1.21486;1.21483;0;T;True;1
1621258312000;14193356;1.21478;1.21484;1.21481;6;T;True;1
1621258313000;14193358;1.21478;1.21484;1.21481;1;T;True;1
1621258314000;14193367;1.2148;1.21486;1.21483;8;T;True;1
1621258315000;14193371;1.2148;1.21486;1.21483;3;T;True;1
1621258316000;14193374;1.2148;1.21486;1.21483;2;T;True;1
1621258317000;14193375;1.2148;1.21486;1.21483;0;T;True;1
1621258318000;14193379;1.2148;1.21486;1.21483;3;T;True;1
1621258319000;14193386;1.2148;1.21486;1.21483;6;T;True;1
1621258320000;14193390;1.2148;1.21486;1.21483;3;T;True;1
1621258321000;14193397;1.2148;1.21486;1.21483;6;T;True;1
1621258322000;14193399;1.2148;1.21486;1.21483;1;T;True;1
1621258323000;14193402;1.2148;1.21486;1.21483;2;T;True;1
1621258324000;14193412;1.21476;1.21482;1.21479;9;T;True;1
1621258325000;14193423;1.21475;1.21481;1.21478;10;T;True;1
1621258326000;14193429;1.21476;1.21482;1.21479;5;T;True;1
1621258327000;14193431;1.21476;1.21482;1.21479;1;T;True;1
1621258328000;14193441;1.2148;1.21486;1.21483;9;T;True;1
1621258329000;14193448;1.2148;1.21486;1.21483;6;T;True;1
1621258330000;14193454;1.21478;1.21484;1.21481;5;T;True;1
1621258331000;14193460;1.21479;1.21485;1.21482;5;T;True;1
1621258332000;14193463;1.2148;1.21486;1.21483;2;T;True;1
1621258333000;14193466;1.2148;1.21486;1.21483;2;T;True;1
1621258334000;14193467;1.2148;1.21486;1.21483;0;T;True;1
1621258335000;14193468;1.2148;1.21486;1.21483;0;T;True;1
1621258336000;14193469;1.2148;1.21486;1.21483;0;T;True;1
1621258337000;14193470;1.2148;1.21486;1.21483;0;T;True;1
1621258338000;14193472;1.2148;1.21486;1.21483;1;T;True;1
1621258339000;14193477;1.2148;1.21486;1.21483;4;T;True;1
1621258340000;14193478;1.2148;1.21486;1.21483;0;T;True;1
1621258341000;14193485;1.21482;1.21488;1.21485;6;T;True;1
1621258342000;14193489;1.21482;1.21488;1.21485;3;T;True;1
1621258343000;14193494;1.2148;1.21486;1.21483;4;T;True;1
1621258344000;14193495;1.2148;1.21486;1.21483;0;T;True;1
1621258345000;14193497;1.2148;1.21486;1.21483;1;T;True;1
1621258346000;14193498;1.2148;1.21486;1.21483;0;T;True;1
1621258347000;14193499;1.2148;1.21486;1.21483;0;T;True;1
1621258348000;14193505;1.21477;1.21483;1.2148;5;T;True;1
1621258349000;14193508;1.21476;1.21482;1.21479;2;T;True;1
1621258350000;14193511;1.21476;1.21482;1.21479;2;T;True;1
1621258351000;14193517;1.21474;1.2148;1.21477;5;T;True;1
1621258352000;14193518;1.21474;1.2148;1.21477;0;T;True;1
1621258353000;14193522;1.21472;1.21478;1.21475;3;T;True;1
1621258354000;14193524;1.21472;1.21478;1.21475;1;T;True;1
1621258355000;14193533;1.21476;1.21482;1.21479;8;T;True;1
1621258356000;14193538;1.21476;1.21482;1.21479;4;T;True;1
1621258357000;14193544;1.21474;1.2148;1.21477;5;T;True;1
1621258358000;14193546;1.21474;1.2148;1.21477;1;T;True;1
1621258359000;14193554;1.21476;1.21482;1.21479;7;T;True;1
1621258360000;14193560;1.21476;1.21482;1.21479;5;T;True;1
1621258361000;14193568;1.21477;1.21483;1.2148;7;T;True;1
1621258362000;14193572;1.21478;1.21484;1.21481;3;T;True;1
1621258363000;14193573;1.21478;1.21484;1.21481;0;T;True;1
1621258364000;14193578;1.2148;1.21486;1.21483;4;T;True;1
1621258365000;14193581;1.2148;1.21486;1.21483;2;T;True;1
1621258366000;14193582;1.2148;1.21486;1.21483;0;T;True;1
1621258367000;14193586;1.2148;1.21486;1.21483;3;T;True;1
1621258368000;14193589;1.21481;1.21487;1.21484;2;T;True;1
1621258369000;14193596;1.21482;1.21488;1.21485;6;T;True;1
1621258370000;14193600;1.21484;1.2149;1.21487;3;T;True;1
1621258371000;14193604;1.21483;1.21489;1.21486;3;T;True;1
1621258372000;14193606;1.21484;1.2149;1.21487;1;T;True;1
1621258373000;14193607;1.21484;1.2149;1.21487;0;T;True;1
1621258374000;14193610;1.21484;1.2149;1.21487;2;T;True;1
1621258375000;14193613;1.21484;1.2149;1.21487;2;T;True;1
1621258376000;14193615;1.21483;1.21489;1.21486;1;T;True;1
1621258377000;14193619;1.2148;1.21486;1.21483;3;T;True;1
1621258378000;14193623;1.21478;1.21484;1.21481;3;T;True;1
1621258379000;14193626;1.2148;1.21486;1.21483;2;T;True;1
1621258380000;14193628;1.2148;1.21486;1.21483;1;T;True;1
1621258381000;14193630;1.2148;1.21486;1.21483;1;T;True;1
1621258382000;14193631;1.2148;1.21486;1.21483;0;T;True;1
1621258383000;14193632;1.2148;1.21486;1.21483;0;T;True;1
1621258384000;14193633;1.2148;1.21486;1.21483;0;T;True;1
1621258385000;14193634;1.2148;1.21486;1.21483;0;T;True;1
1621258386000;14193639;1.21477;1.21483;1.2148;4;T;True;1
1621258387000;14193643;1.21476;1.21482;1.21479;3;T;True;1
1621258388000;14193648;1.21472;1.21478;1.21475;4;T;True;1
1621258389000;14193651;1.2147;1.21476;1.21473;2;T;True;1
1621258390000;14193654;1.2147;1.21476;1.21473;2;T;True;1
1621258391000;14193660;1.21469;1.21475;1.21472;5;T;True;1
1621258392000;14193668;1.21468;1.21474;1.21471;7;T;True;1
1621258393000;14193676;1.2147;1.21476;1.21473;7;T;True;1
1621258394000;14193679;1.2147;1.21476;1.21473;2;T;True;1
1621258395000;14193681;1.2147;1.21476;1.21473;1;T;True;1
1621258396000;14193682;1.2147;1.21476;1.21473;0;T;True;1
1621258397000;14193683;1.2147;1.21476;1.21473;0;T;True;1
1621258398000;14193685;1.2147;1.21476;1.21473;1;T;True;1
1621258399000;14193686;1.2147;1.21476;1.21473;0;T;True;1
1621258400000;14193689;1.21468;1.21474;1.21471;2;T;True;1
1621258401000;14193695;1.2147;1.21476;1.21473;5;T;True;1
1621258402000;14193699;1.2147;1.21476;1.21473;3;T;True;1
1621258403000;14193700;1.2147;1.21476;1.21473;0;T;True;1
1621258404000;14193704;1.21468;1.21474;1.21471;3;T;True;1
1621258405000;14193710;1.21468;1.21474;1.21471;5;T;True;1
1621258406000;14193714;1.21466;1.21472;1.21469;3;T;True;1
1621258407000;14193715;1.21466;1.21472;1.21469;0;T;True;1
1621258408000;14193719;1.21465;1.21471;1.21468;3;T;True;1
1621258409000;14193722;1.21464;1.2147;1.21467;2;T;True;1
1621258410000;14193727;1.21465;1.21471;1.21468;4;T;True;1
1621258411000;14193734;1.21463;1.21469;1.21466;6;T;True;1
1621258412000;14193738;1.2146;1.21466;1.21463;3;T;True;1
1621258413000;14193741;1.2146;1.21466;1.21463;2;T;True;1
1621258414000;14193743;1.21459;1.21465;1.21462;1;T;True;1
1621258415000;14193744;1.21459;1.21465;1.21462;0;T;True;1
1621258416000;14193752;1.21461;1.21467;1.21464;7;T;True;1
1621258417000;14193756;1.21459;1.21465;1.21462;3;T;True;1
1621258418000;14193759;1.21459;1.21465;1.21462;2;T;True;1
1621258419000;14193760;1.21459;1.21465;1.21462;0;T;True;1
1621258420000;14193762;1.21459;1.21465;1.21462;1;T;True;1
1621258421000;14193763;1.21459;1.21465;1.21462;0;T;True;1
1621258422000;14193765;1.21459;1.21465;1.21462;1;T;True;1
1621258423000;14193775;1.21461;1.21467;1.21464;9;T;True;1
1621258424000;14193786;1.21464;1.2147;1.21467;10;T;True;1
1621258425000;14193790;1.21465;1.21471;1.21468;3;T;True;1
1621258426000;14193791;1.21465;1.21471;1.21468;0;T;True;1
1621258427000;14193792;1.21465;1.21471;1.21468;0;T;True;1
1621258428000;14193798;1.21465;1.21471;1.21468;5;T;True;1
1621258429000;14193800;1.21465;1.21471;1.21468;1;T;True;1
1621258430000;14193804;1.21465;1.21471;1.21468;3;T;True;1
1621258431000;14193810;1.21466;1.21472;1.21469;5;T;True;1
1621258432000;14193811;1.21466;1.21472;1.21469;0;T;True;1
1621258433000;14193814;1.21466;1.21472;1.21469;2;T;True;1
1621258434000;14193815;1.21466;1.21472;1.21469;0;T;True;1
1621258435000;14193817;1.21466;1.21472;1.21469;1;T;True;1
1621258436000;14193825;1.21466;1.21472;1.21469;7;T;True;1
1621258437000;14193826;1.21466;1.21472;1.21469;0;T;True;1
1621258438000;14193837;1.21467;1.21473;1.2147;10;T;True;1
1621258439000;14193841;1.21465;1.21471;1.21468;3;T;True;1
1621258440000;14193843;1.21464;1.2147;1.21467;1;T;True;1
1621258441000;14193845;1.21464;1.2147;1.21467;1;T;True;1
1621258442000;14193850;1.21464;1.2147;1.21467;4;T;True;1
1621258443000;14193854;1.21464;1.2147;1.21467;3;T;True;1
1621258444000;14193856;1.21464;1.2147;1.21467;1;T;True;1
1621258445000;14193859;1.21464;1.2147;1.21467;2;T;True;1
1621258446000;14193862;1.21464;1.2147;1.21467;2;T;True;1
1621258447000;14193864;1.21464;1.2147;1.21467;1;T;True;1
1621258448000;14193869;1.21464;1.2147;1.21467;4;T;True;1
1621258449000;14193872;1.2146;1.21466;1.21463;2;T;True;1
1621258450000;14193876;1.2146;1.21466;1.21463;3;T;True;1
1621258451000;14193879;1.2146;1.21466;1.21463;2;T;True;1
1621258452000;14193880;1.2146;1.21466;1.21463;0;T;True;1
1621258453000;14193882;1.2146;1.21466;1.21463;1;T;True;1
1621258454000;14193883;1.2146;1.21466;1.21463;0;T;True;1
1621258455000;14193885;1.21459;1.21465;1.21462;1;T;True;1
1621258456000;14193893;1.21454;1.2146;1.21457;7;T;True;1
1621258457000;14193898;1.21458;1.21464;1.21461;4;T;True;1
1621258458000;14193903;1.21458;1.21464;1.21461;4;T;True;1
1621258459000;14193913;1.21456;1.21462;1.21459;9;T;True;1
1621258460000;14193916;1.21456;1.21462;1.21459;2;T;True;1
1621258461000;14193921;1.21456;1.21462;1.21459;4;T;True;1
1621258462000;14193930;1.21454;1.2146;1.21457;8;T;True;1
1621258463000;14193931;1.21454;1.2146;1.21457;0;T;True;1
1621258464000;14193942;1.21458;1.21464;1.21461;10;T;True;1
1621258465000;14193947;1.2146;1.21466;1.21463;4;T;True;1
1621258466000;14193954;1.21464;1.2147;1.21467;6;T;True;1
1621258467000;14193956;1.21464;1.2147;1.21467;1;T;True;1
1621258468000;14193958;1.21464;1.2147;1.21467;1;T;True;1
1621258469000;14193961;1.21464;1.2147;1.21467;2;T;True;1
1621258470000;14193963;1.21464;1.2147;1.21467;1;T;True;1
1621258471000;14193970;1.21464;1.2147;1.21467;6;T;True;1
1621258472000;14193971;1.21464;1.2147;1.21467;0;T;True;1
1621258473000;14193980;1.21467;1.21473;1.2147;8;T;True;1
1621258474000;14193984;1.21466;1.21472;1.21469;3;T;True;1
1621258475000;14193987;1.21465;1.21471;1.21468;2;T;True;1
1621258476000;14193991;1.21466;1.21472;1.21469;3;T;True;1
1621258477000;14194002;1.21467;1.21473;1.2147;10;T;True;1
1621258478000;14194004;1.21466;1.21472;1.21469;1;T;True;1
1621258479000;14194014;1.21466;1.21472;1.21469;9;T;True;1
1621258480000;14194019;1.21465;1.21471;1.21468;4;T;True;1
1621258481000;14194028;1.2146;1.21466;1.21463;8;T;True;1
1621258482000;14194033;1.2146;1.21466;1.21463;4;T;True;1
1621258483000;14194035;1.2146;1.21466;1.21463;1;T;True;1
1621258484000;14194038;1.21459;1.21465;1.21462;2;T;True;1
1621258485000;14194039;1.21459;1.21465;1.21462;0;T;True;1
1621258486000;14194040;1.21459;1.21465;1.21462;0;T;True;1
1621258487000;14194044;1.2146;1.21466;1.21463;3;T;True;1
1621258488000;14194047;1.2146;1.21466;1.21463;2;T;True;1
1621258489000;14194052;1.2146;1.21466;1.21463;4;T;True;1
1621258490000;14194061;1.21464;1.2147;1.21467;8;T;True;1
1621258491000;14194063;1.21465;1.21471;1.21468;1;T;True;1
1621258492000;14194065;1.21465;1.21471;1.21468;1;T;True;1
1621258493000;14194070;1.21465;1.21471;1.21468;4;T;True;1
1621258494000;14194079;1.21464;1.2147;1.21467;8;T;True;1
1621258495000;14194091;1.21464;1.2147;1.21467;11;T;True;1
1621258496000;14194102;1.21468;1.21474;1.21471;10;T;True;1
1621258497000;14194112;1.21465;1.21471;1.21468;9;T;True;1
1621258498000;14194119;1.21466;1.21472;1.21469;6;T;True;1
1621258499000;14194124;1.21465;1.21471;1.21468;4;T;True;1
1621258500000;14194132;1.21468;1.21474;1.21471;7;T;True;1
1621258501000;14194145;1.21472;1.21478;1.21475;12;T;True;1
1621258502000;14194158;1.21476;1.21482;1.21479;12;T;True;1
1621258503000;14194161;1.21477;1.21483;1.2148;2;T;True;1
1621258504000;14194162;1.21477;1.21483;1.2148;0;T;True;1
1621258505000;14194168;1.21478;1.21484;1.21481;5;T;True;1
1621258506000;14194172;1.21476;1.21482;1.21479;3;T;True;1
1621258507000;14194179;1.2148;1.21486;1.21483;6;T;True;1
1621258508000;14194181;1.2148;1.21486;1.21483;1;T;True;1
1621258509000;14194190;1.2148;1.21486;1.21483;8;T;True;1
1621258510000;14194192;1.21479;1.21485;1.21482;1;T;True;1
1621258511000;14194193;1.21479;1.21485;1.21482;0;T;True;1
1621258512000;14194195;1.21479;1.21485;1.21482;1;T;True;1
1621258513000;14194196;1.21479;1.21485;1.21482;0;T;True;1
1621258514000;14194201;1.21474;1.2148;1.21477;4;T;True;1
1621258515000;14194202;1.21474;1.2148;1.21477;0;T;True;1
1621258516000;14194208;1.21471;1.21477;1.21474;5;T;True;1
1621258517000;14194212;1.2147;1.21476;1.21473;3;T;True;1
1621258518000;14194219;1.21474;1.2148;1.21477;6;T;True;1
1621258519000;14194225;1.21471;1.21477;1.21474;5;T;True;1
1621258520000;14194228;1.21471;1.21477;1.21474;2;T;True;1
1621258521000;14194237;1.21473;1.21479;1.21476;8;T;True;1
1621258522000;14194242;1.21471;1.21477;1.21474;4;T;True;1
1621258523000;14194243;1.21471;1.21477;1.21474;0;T;True;1
1621258524000;14194247;1.21473;1.21479;1.21476;3;T;True;1
1621258525000;14194248;1.21473;1.21479;1.21476;0;T;True;1
1621258526000;14194250;1.21473;1.21479;1.21476;1;T;True;1
1621258527000;14194259;1.2148;1.21486;1.21483;8;T;True;1
1621258528000;14194261;1.21479;1.21485;1.21482;1;T;True;1
1621258529000;14194267;1.21481;1.21487;1.21484;5;T;True;1
1621258530000;14194268;1.21481;1.21487;1.21484;0;T;True;1
1621258531000;14194271;1.2148;1.21486;1.21483;2;T;True;1
1621258532000;14194278;1.21479;1.21485;1.21482;6;T;True;1
1621258533000;14194280;1.21479;1.21485;1.21482;1;T;True;1
1621258534000;14194283;1.21477;1.21483;1.2148;2;T;True;1
1621258535000;14194291;1.21476;1.21482;1.21479;7;T;True;1
1621258536000;14194297;1.21473;1.21479;1.21476;5;T;True;1
1621258537000;14194302;1.21472;1.21478;1.21475;4;T;True;1
1621258538000;14194303;1.21472;1.21478;1.21475;0;T;True;1
1621258539000;14194306;1.21472;1.21478;1.21475;2;T;True;1
1621258540000;14194309;1.21473;1.21479;1.21476;2;T;True;1
1621258541000;14194317;1.21478;1.21484;1.21481;7;T;True;1
1621258542000;14194323;1.21478;1.21484;1.21481;5;T;True;1
1621258543000;14194332;1.21475;1.21481;1.21478;8;T;True;1
1621258544000;14194339;1.21472;1.21478;1.21475;6;T;True;1
1621258545000;14194340;1.21472;1.21478;1.21475;0;T;True;1
1621258546000;14194341;1.21472;1.21478;1.21475;0;T;True;1
1621258547000;14194346;1.21473;1.21479;1.21476;4;T;True;1
1621258548000;14194349;1.21474;1.2148;1.21477;2;T;True;1
1621258549000;14194352;1.21474;1.2148;1.21477;2;T;True;1
1621258550000;14194353;1.21474;1.2148;1.21477;0;T;True;1
1621258551000;14194355;1.21474;1.2148;1.21477;1;T;True;1
1621258552000;14194359;1.21474;1.2148;1.21477;3;T;True;1
1621258553000;14194360;1.21474;1.2148;1.21477;0;T;True;1
1621258554000;14194368;1.21472;1.21478;1.21475;7;T;True;1
1621258555000;14194370;1.21471;1.21477;1.21474;1;T;True;1
1621258556000;14194377;1.21469;1.21475;1.21472;6;T;True;1
1621258557000;14194381;1.21472;1.21478;1.21475;3;T;True;1
1621258558000;14194382;1.21472;1.21478;1.21475;0;T;True;1
1621258559000;14194388;1.2147;1.21476;1.21473;5;T;True;1
1621258560000;14194394;1.21468;1.21474;1.21471;5;T;True;1
1621258561000;14194395;1.21468;1.21474;1.21471;0;T;True;1
1621258562000;14194401;1.21466;1.21472;1.21469;5;T;True;1
1621258563000;14194406;1.21469;1.21475;1.21472;4;T;True;1
1621258564000;14194416;1.2147;1.21476;1.21473;9;T;True;1
1621258565000;14194424;1.21473;1.21479;1.21476;7;T;True;1
1621258566000;14194429;1.21474;1.2148;1.21477;4;T;True;1
1621258567000;14194432;1.21474;1.2148;1.21477;2;T;True;1
1621258568000;14194437;1.21473;1.21479;1.21476;4;T;True;1
1621258569000;14194438;1.21473;1.21479;1.21476;0;T;True;1
1621258570000;14194444;1.21474;1.2148;1.21477;5;T;True;1
1621258571000;14194448;1.21474;1.2148;1.21477;3;T;True;1
1621258572000;14194452;1.21474;1.2148;1.21477;3;T;True;1
1621258573000;14194459;1.21478;1.21484;1.21481;6;T;True;1
1621258574000;14194462;1.21478;1.21484;1.21481;2;T;True;1
1621258575000;14194468;1.2148;1.21486;1.21483;5;T;True;1
1621258576000;14194473;1.21476;1.21482;1.21479;4;T;True;1
1621258577000;14194474;1.21476;1.21482;1.21479;0;T;True;1
1621258578000;14194477;1.21475;1.21481;1.21478;2;T;True;1
1621258579000;14194479;1.21471;1.21477;1.21474;1;T;True;1
1621258580000;14194490;1.21466;1.21472;1.21469;10;T;True;1
1621258581000;14194491;1.21466;1.21472;1.21469;0;T;True;1
1621258582000;14194494;1.21464;1.2147;1.21467;2;T;True;1
1621258583000;14194497;1.21464;1.2147;1.21467;2;T;True;1
1621258584000;14194498;1.21464;1.2147;1.21467;0;T;True;1
1621258585000;14194500;1.21464;1.2147;1.21467;1;T;True;1
1621258586000;14194504;1.21466;1.21472;1.21469;3;T;True;1
1621258587000;14194509;1.2147;1.21476;1.21473;4;T;True;1
1621258588000;14194510;1.2147;1.21476;1.21473;0;T;True;1
1621258589000;14194511;1.2147;1.21476;1.21473;0;T;True;1
1621258590000;14194512;1.2147;1.21476;1.21473;0;T;True;1
1621258591000;14194513;1.2147;1.21476;1.21473;0;T;True;1
1621258592000;14194516;1.21469;1.21475;1.21472;2;T;True;1
1621258593000;14194518;1.21468;1.21474;1.21471;1;T;True;1
1621258594000;14194519;1.21468;1.21474;1.21471;0;T;True;1
1621258595000;14194520;1.21468;1.21474;1.21471;0;T;True;1
1621258596000;14194524;1.21466;1.21472;1.21469;3;T;True;1
1621258597000;14194529;1.21469;1.21475;1.21472;4;T;True;1
1621258598000;14194530;1.21469;1.21475;1.21472;0;T;True;1
1621258599000;14194531;1.21469;1.21475;1.21472;0;T;True;1
1621258600000;14194533;1.2147;1.21476;1.21473;1;T;True;1
1621258601000;14194538;1.21471;1.21477;1.21474;4;T;True;1
1621258602000;14194543;1.21472;1.21478;1.21475;4;T;True;1
1621258603000;14194546;1.21472;1.21478;1.21475;2;T;True;1
1621258604000;14194549;1.21474;1.2148;1.21477;2;T;True;1
1621258605000;14194550;1.21474;1.2148;1.21477;0;T;True;1
1621258606000;14194551;1.21474;1.2148;1.21477;0;T;True;1
1621258607000;14194553;1.21474;1.2148;1.21477;1;T;True;1
1621258608000;14194555;1.21473;1.21479;1.21476;1;T;True;1
1621258609000;14194556;1.21473;1.21479;1.21476;0;T;True;1
1621258610000;14194558;1.21472;1.21478;1.21475;1;T;True;1
1621258611000;14194559;1.21472;1.21478;1.21475;0;T;True;1
1621258612000;14194561;1.21474;1.2148;1.21477;1;T;True;1
1621258613000;14194568;1.2147;1.21476;1.21473;6;T;True;1
1621258614000;14194575;1.21466;1.21472;1.21469;6;T;True;1
1621258615000;14194580;1.21468;1.21474;1.21471;4;T;True;1
1621258616000;14194581;1.21468;1.21474;1.21471;0;T;True;1
1621258617000;14194582;1.21468;1.21474;1.21471;0;T;True;1
1621258618000;14194585;1.21469;1.21475;1.21472;2;T;True;1
1621258619000;14194590;1.2147;1.21476;1.21473;4;T;True;1
1621258620000;14194593;1.2147;1.21476;1.21473;2;T;True;1
1621258621000;14194598;1.21469;1.21475;1.21472;4;T;True;1
1621258622000;14194599;1.21469;1.21475;1.21472;0;T;True;1
1621258623000;14194601;1.2147;1.21476;1.21473;1;T;True;1
1621258624000;14194605;1.21473;1.21479;1.21476;3;T;True;1
1621258625000;14194609;1.21474;1.2148;1.21477;3;T;True;1
1621258626000;14194611;1.21475;1.21481;1.21478;1;T;True;1
1621258627000;14194614;1.21475;1.21481;1.21478;2;T;True;1
1621258628000;14194615;1.21475;1.21481;1.21478;0;T;True;1
1621258629000;14194621;1.21478;1.21484;1.21481;5;T;True;1
1621258630000;14194622;1.21478;1.21484;1.21481;0;T;True;1
1621258631000;14194626;1.2148;1.21486;1.21483;3;T;True;1
1621258632000;14194631;1.21484;1.2149;1.21487;4;T;True;1
1621258633000;14194636;1.21482;1.21488;1.21485;4;T;True;1
1621258634000;14194640;1.21484;1.2149;1.21487;3;T;True;1
1621258635000;14194642;1.21483;1.21489;1.21486;1;T;True;1
1621258636000;14194645;1.21482;1.21488;1.21485;2;T;True;1
1621258637000;14194647;1.21482;1.21488;1.21485;1;T;True;1
1621258638000;14194649;1.21482;1.21488;1.21485;1;T;True;1
1621258639000;14194653;1.21486;1.21492;1.21489;3;T;True;1
1621258640000;14194656;1.21486;1.21492;1.21489;2;T;True;1
1621258641000;14194659;1.21487;1.21493;1.2149;2;T;True;1
1621258642000;14194662;1.21488;1.21494;1.21491;2;T;True;1
1621258643000;14194663;1.21488;1.21494;1.21491;0;T;True;1
1621258644000;14194667;1.21486;1.21492;1.21489;3;T;True;1
1621258645000;14194670;1.21483;1.21489;1.21486;2;T;True;1
1621258646000;14194673;1.21484;1.2149;1.21487;2;T;True;1
1621258647000;14194674;1.21484;1.2149;1.21487;0;T;True;1
1621258648000;14194677;1.21486;1.21492;1.21489;2;T;True;1
1621258649000;14194678;1.21486;1.21492;1.21489;0;T;True;1
1621258650000;14194681;1.21488;1.21494;1.21491;2;T;True;1
1621258651000;14194682;1.21488;1.21494;1.21491;0;T;True;1
1621258652000;14194683;1.21488;1.21494;1.21491;0;T;True;1
1621258653000;14194687;1.21492;1.21498;1.21495;3;T;True;1
1621258654000;14194692;1.21492;1.21498;1.21495;4;T;True;1
1621258655000;14194697;1.2149;1.21496;1.21493;4;T;True;1
1621258656000;14194698;1.2149;1.21496;1.21493;0;T;True;1
1621258657000;14194699;1.2149;1.21496;1.21493;0;T;True;1
1621258658000;14194702;1.21492;1.21498;1.21495;2;T;True;1
1621258659000;14194704;1.21492;1.21498;1.21495;1;T;True;1
1621258660000;14194708;1.21491;1.21497;1.21494;3;T;True;1
1621258661000;14194709;1.21491;1.21497;1.21494;0;T;True;1
1621258662000;14194712;1.2149;1.21496;1.21493;2;T;True;1
1621258663000;14194717;1.2149;1.21496;1.21493;4;T;True;1
1621258664000;14194721;1.21491;1.21497;1.21494;3;T;True;1
1621258665000;14194724;1.21492;1.21498;1.21495;2;T;True;1
1621258666000;14194729;1.2149;1.21496;1.21493;4;T;True;1
1621258667000;14194735;1.21486;1.21492;1.21489;5;T;True;1
1621258668000;14194746;1.2149;1.21496;1.21493;10;T;True;1
1621258669000;14194753;1.21492;1.21498;1.21495;6;T;True;1
1621258670000;14194754;1.21492;1.21498;1.21495;0;T;True;1
1621258671000;14194760;1.21492;1.21498;1.21495;5;T;True;1
1621258672000;14194768;1.21492;1.21498;1.21495;7;T;True;1
1621258673000;14194770;1.21492;1.21498;1.21495;1;T;True;1
1621258674000;14194779;1.21494;1.215;1.21497;8;T;True;1
1621258675000;14194782;1.21494;1.215;1.21497;2;T;True;1
1621258676000;14194783;1.21494;1.215;1.21497;0;T;True;1
1621258677000;14194785;1.21494;1.215;1.21497;1;T;True;1
1621258678000;14194790;1.21492;1.21498;1.21495;4;T;True;1
1621258679000;14194791;1.21492;1.21498;1.21495;0;T;True;1
1621258680000;14194794;1.2149;1.21496;1.21493;2;T;True;1
1621258681000;14194799;1.21491;1.21497;1.21494;4;T;True;1
1621258682000;14194803;1.21487;1.21493;1.2149;3;T;True;1
1621258683000;14194804;1.21487;1.21493;1.2149;0;T;True;1
1621258684000;14194805;1.21487;1.21493;1.2149;0;T;True;1
1621258685000;14194810;1.21489;1.21495;1.21492;4;T;True;1
1621258686000;14194815;1.21489;1.21495;1.21492;4;T;True;1
1621258687000;14194816;1.21489;1.21495;1.21492;0;T;True;1
1621258688000;14194823;1.21488;1.21494;1.21491;6;T;True;1
1621258689000;14194825;1.21488;1.21494;1.21491;1;T;True;1
1621258690000;14194828;1.21491;1.21497;1.21494;2;T;True;1
1621258691000;14194830;1.2149;1.21496;1.21493;1;T;True;1
1621258692000;14194831;1.2149;1.21496;1.21493;0;T;True;1
1621258693000;14194834;1.21491;1.21497;1.21494;2;T;True;1
1621258694000;14194837;1.2149;1.21496;1.21493;2;T;True;1
1621258695000;14194840;1.2149;1.21496;1.21493;2;T;True;1
1621258696000;14194845;1.21491;1.21497;1.21494;4;T;True;1
1621258697000;14194849;1.21492;1.21498;1.21495;3;T;True;1
1621258698000;14194850;1.21492;1.21498;1.21495;0;T;True;1
1621258699000;14194856;1.21495;1.21501;1.21498;5;T;True;1
1621258700000;14194858;1.21496;1.21502;1.21499;1;T;True;1
1621258701000;14194860;1.21495;1.21501;1.21498;1;T;True;1
1621258702000;14194862;1.21495;1.21501;1.21498;1;T;True;1
1621258703000;14194863;1.21495;1.21501;1.21498;0;T;True;1
1621258704000;14194864;1.21495;1.21501;1.21498;0;T;True;1
1621258705000;14194866;1.21495;1.21501;1.21498;1;T;True;1
1621258706000;14194871;1.2149;1.21496;1.21493;4;T;True;1
1621258707000;14194872;1.2149;1.21496;1.21493;0;T;True;1
1621258708000;14194873;1.2149;1.21496;1.21493;0;T;True;1
1621258709000;14194878;1.21487;1.21493;1.2149;4;T;True;1
1621258710000;14194879;1.21487;1.21493;1.2149;0;T;True;1
1621258711000;14194881;1.21487;1.21493;1.2149;1;T;True;1
1621258712000;14194882;1.21487;1.21493;1.2149;0;T;True;1
1621258713000;14194886;1.21486;1.21492;1.21489;3;T;True;1
1621258714000;14194888;1.21487;1.21493;1.2149;1;T;True;1
1621258715000;14194891;1.21486;1.21492;1.21489;2;T;True;1
1621258716000;14194901;1.21493;1.21499;1.21496;9;T;True;1
1621258717000;14194907;1.21494;1.215;1.21497;5;T;True;1
1621258718000;14194911;1.21494;1.215;1.21497;3;T;True;1
1621258719000;14194912;1.21494;1.215;1.21497;0;T;True;1
1621258720000;14194914;1.21495;1.21501;1.21498;1;T;True;1
1621258721000;14194918;1.21492;1.21498;1.21495;3;T;True;1
1621258722000;14194920;1.21491;1.21497;1.21494;1;T;True;1
1621258723000;14194933;1.21486;1.21492;1.21489;12;T;True;1
1621258724000;14194940;1.21483;1.21489;1.21486;6;T;True;1
1621258725000;14194943;1.21484;1.2149;1.21487;2;T;True;1
1621258726000;14194950;1.21489;1.21495;1.21492;6;T;True;1
1621258727000;14194952;1.2149;1.21496;1.21493;1;T;True;1
1621258728000;14194956;1.2149;1.21496;1.21493;3;T;True;1
1621258729000;14194960;1.21492;1.21498;1.21495;3;T;True;1
1621258730000;14194962;1.21492;1.21498;1.21495;1;T;True;1
1621258731000;14194963;1.21492;1.21498;1.21495;0;T;True;1
1621258732000;14194964;1.21492;1.21498;1.21495;0;T;True;1
1621258733000;14194965;1.21492;1.21498;1.21495;0;T;True;1
1621258734000;14194966;1.21492;1.21498;1.21495;0;T;True;1
1621258735000;14194967;1.21492;1.21498;1.21495;0;T;True;1
1621258736000;14194968;1.21492;1.21498;1.21495;0;T;True;1
1621258737000;14194970;1.21492;1.21498;1.21495;1;T;True;1
1621258738000;14194972;1.21492;1.21498;1.21495;1;T;True;1
1621258739000;14194978;1.2149;1.21496;1.21493;5;T;True;1
1621258740000;14194979;1.2149;1.21496;1.21493;0;T;True;1
1621258741000;14194980;1.2149;1.21496;1.21493;0;T;True;1
1621258742000;14194981;1.2149;1.21496;1.21493;0;T;True;1
1621258743000;14194982;1.2149;1.21496;1.21493;0;T;True;1
1621258744000;14194984;1.2149;1.21496;1.21493;1;T;True;1
1621258745000;14194986;1.2149;1.21496;1.21493;1;T;True;1
1621258746000;14194991;1.2149;1.21496;1.21493;4;T;True;1
1621258747000;14194997;1.21491;1.21497;1.21494;5;T;True;1
1621258748000;14195001;1.21491;1.21497;1.21494;3;T;True;1
1621258749000;14195003;1.21491;1.21497;1.21494;1;T;True;1
1621258750000;14195005;1.21492;1.21498;1.21495;1;T;True;1
1621258751000;14195011;1.2149;1.21496;1.21493;5;T;True;1
1621258752000;14195015;1.21488;1.21494;1.21491;3;T;True;1
1621258753000;14195022;1.21486;1.21492;1.21489;6;T;True;1
1621258754000;14195024;1.21486;1.21492;1.21489;1;T;True;1
1621258755000;14195029;1.21482;1.21488;1.21485;4;T;True;1
1621258756000;14195030;1.21482;1.21488;1.21485;0;T;True;1
1621258757000;14195032;1.21482;1.21488;1.21485;1;T;True;1
1621258758000;14195035;1.21481;1.21487;1.21484;2;T;True;1
1621258759000;14195037;1.21481;1.21487;1.21484;1;T;True;1
1621258760000;14195039;1.21481;1.21487;1.21484;1;T;True;1
1621258761000;14195048;1.21484;1.2149;1.21487;8;T;True;1
1621258762000;14195051;1.21484;1.2149;1.21487;2;T;True;1
1621258763000;14195055;1.21482;1.21488;1.21485;3;T;True;1
1621258764000;14195058;1.21482;1.21488;1.21485;2;T;True;1
1621258765000;14195061;1.21481;1.21487;1.21484;2;T;True;1
1621258766000;14195069;1.21477;1.21483;1.2148;7;T;True;1
1621258767000;14195071;1.21477;1.21483;1.2148;1;T;True;1
1621258768000;14195076;1.21476;1.21482;1.21479;4;T;True;1
1621258769000;14195078;1.21476;1.21482;1.21479;1;T;True;1
1621258770000;14195079;1.21476;1.21482;1.21479;0;T;True;1
1621258771000;14195080;1.21476;1.21482;1.21479;0;T;True;1
1621258772000;14195083;1.21477;1.21483;1.2148;2;T;True;1
1621258773000;14195084;1.21477;1.21483;1.2148;0;T;True;1
1621258774000;14195085;1.21477;1.21483;1.2148;0;T;True;1
1621258775000;14195087;1.21478;1.21484;1.21481;1;T;True;1
1621258776000;14195088;1.21478;1.21484;1.21481;0;T;True;1
1621258777000;14195093;1.21476;1.21482;1.21479;4;T;True;1
1621258778000;14195095;1.21475;1.21481;1.21478;1;T;True;1
1621258779000;14195097;1.21474;1.2148;1.21477;1;T;True;1
1621258780000;14195100;1.21476;1.21482;1.21479;2;T;True;1
1621258781000;14195101;1.21476;1.21482;1.21479;0;T;True;1
1621258782000;14195102;1.21476;1.21482;1.21479;0;T;True;1
1621258783000;14195104;1.21476;1.21482;1.21479;1;T;True;1
1621258784000;14195106;1.21476;1.21482;1.21479;1;T;True;1
1621258785000;14195112;1.21478;1.21484;1.21481;5;T;True;1
1621258786000;14195114;1.21478;1.21484;1.21481;1;T;True;1
1621258787000;14195115;1.21478;1.21484;1.21481;0;T;True;1
1621258788000;14195116;1.21478;1.21484;1.21481;0;T;True;1
1621258789000;14195117;1.21478;1.21484;1.21481;0;T;True;1
1621258790000;14195118;1.21478;1.21484;1.21481;0;T;True;1
1621258791000;14195122;1.21478;1.21484;1.21481;3;T;True;1
1621258792000;14195124;1.21478;1.21484;1.21481;1;T;True;1
1621258793000;14195125;1.21478;1.21484;1.21481;0;T;True;1
1621258794000;14195129;1.21478;1.21484;1.21481;3;T;True;1
1621258795000;14195139;1.2148;1.21486;1.21483;9;T;True;1
1621258796000;14195140;1.2148;1.21486;1.21483;0;T;True;1
1621258797000;14195141;1.2148;1.21486;1.21483;0;T;True;1
1621258798000;14195146;1.2148;1.21486;1.21483;4;T;True;1
1621258799000;14195148;1.2148;1.21486;1.21483;1;T;True;1
1621258800000;14195150;1.2148;1.21486;1.21483;1;T;True;1
1621258801000;14195161;1.2148;1.21486;1.21483;10;T;True;1
1621258802000;14195167;1.21478;1.21484;1.21481;5;T;True;1
1621258803000;14195170;1.2148;1.21486;1.21483;2;T;True;1
1621258804000;14195177;1.2148;1.21486;1.21483;6;T;True;1
1621258805000;14195178;1.2148;1.21486;1.21483;0;T;True;1
1621258806000;14195179;1.2148;1.21486;1.21483;0;T;True;1
1621258807000;14195180;1.2148;1.21486;1.21483;0;T;True;1
1621258808000;14195184;1.21484;1.2149;1.21487;3;T;True;1
1621258809000;14195186;1.21484;1.2149;1.21487;1;T;True;1
1621258810000;14195193;1.21487;1.21493;1.2149;6;T;True;1
1621258811000;14195201;1.21491;1.21497;1.21494;7;T;True;1
1621258812000;14195202;1.21491;1.21497;1.21494;0;T;True;1
1621258813000;14195203;1.21491;1.21497;1.21494;0;T;True;1
1621258814000;14195207;1.21492;1.21498;1.21495;3;T;True;1
1621258815000;14195213;1.21493;1.21499;1.21496;5;T;True;1
1621258816000;14195215;1.21494;1.215;1.21497;1;T;True;1
1621258817000;14195220;1.21494;1.215;1.21497;4;T;True;1
1621258818000;14195222;1.21494;1.215;1.21497;1;T;True;1
1621258819000;14195223;1.21494;1.215;1.21497;0;T;True;1
1621258820000;14195224;1.21494;1.215;1.21497;0;T;True;1
1621258821000;14195230;1.21494;1.215;1.21497;5;T;True;1
1621258822000;14195231;1.21494;1.215;1.21497;0;T;True;1
1621258823000;14195232;1.21494;1.215;1.21497;0;T;True;1
1621258824000;14195233;1.21494;1.215;1.21497;0;T;True;1
1621258825000;14195234;1.21494;1.215;1.21497;0;T;True;1
1621258826000;14195236;1.21494;1.215;1.21497;1;T;True;1
1621258827000;14195239;1.21494;1.215;1.21497;2;T;True;1
1621258828000;14195247;1.2149;1.21496;1.21493;7;T;True;1
1621258829000;14195253;1.21486;1.21492;1.21489;5;T;True;1
1621258830000;14195254;1.21486;1.21492;1.21489;0;T;True;1
1621258831000;14195260;1.21489;1.21495;1.21492;5;T;True;1
1621258832000;14195267;1.21492;1.21498;1.21495;6;T;True;1
1621258833000;14195269;1.21492;1.21498;1.21495;1;T;True;1
1621258834000;14195274;1.21488;1.21494;1.21491;4;T;True;1
1621258835000;14195282;1.21486;1.21492;1.21489;7;T;True;1
1621258836000;14195285;1.21486;1.21492;1.21489;2;T;True;1
1621258837000;14195287;1.21486;1.21492;1.21489;1;T;True;1
1621258838000;14195289;1.21486;1.21492;1.21489;1;T;True;1
1621258839000;14195307;1.21484;1.2149;1.21487;17;T;True;1
1621258840000;14195314;1.21481;1.21487;1.21484;6;T;True;1
1621258841000;14195321;1.21479;1.21485;1.21482;6;T;True;1
1621258842000;14195332;1.2148;1.21486;1.21483;10;T;True;1
1621258843000;14195344;1.2148;1.21486;1.21483;11;T;True;1
1621258844000;14195352;1.2148;1.21486;1.21483;7;T;True;1
1621258845000;14195355;1.2148;1.21486;1.21483;2;T;True;1
1621258846000;14195360;1.2148;1.21486;1.21483;4;T;True;1
1621258847000;14195364;1.2148;1.21486;1.21483;3;T;True;1
1621258848000;14195369;1.21477;1.21483;1.2148;4;T;True;1
1621258849000;14195376;1.21476;1.21482;1.21479;6;T;True;1
1621258850000;14195382;1.21474;1.2148;1.21477;5;T;True;1
1621258851000;14195389;1.21474;1.2148;1.21477;6;T;True;1
1621258852000;14195395;1.21474;1.2148;1.21477;5;T;True;1
1621258853000;14195397;1.21474;1.2148;1.21477;1;T;True;1
1621258854000;14195400;1.21476;1.21482;1.21479;2;T;True;1
1621258855000;14195402;1.21476;1.21482;1.21479;1;T;True;1
1621258856000;14195406;1.21476;1.21482;1.21479;3;T;True;1
1621258857000;14195412;1.21474;1.2148;1.21477;5;T;True;1
1621258858000;14195420;1.21472;1.21478;1.21475;7;T;True;1
1621258859000;14195422;1.21472;1.21478;1.21475;1;T;True;1
1621258860000;14195427;1.21474;1.2148;1.21477;4;T;True;1
1621258861000;14195432;1.21474;1.2148;1.21477;4;T;True;1
1621258862000;14195438;1.21474;1.2148;1.21477;5;T;True;1
1621258863000;14195445;1.21474;1.2148;1.21477;6;T;True;1
1621258864000;14195451;1.21474;1.2148;1.21477;5;T;True;1
1621258865000;14195457;1.21476;1.21482;1.21479;5;T;True;1
1621258866000;14195458;1.21476;1.21482;1.21479;0;T;True;1
1621258867000;14195460;1.21475;1.21481;1.21478;1;T;True;1
1621258868000;14195469;1.2148;1.21486;1.21483;8;T;True;1
1621258869000;14195472;1.2148;1.21486;1.21483;2;T;True;1
1621258870000;14195477;1.2148;1.21486;1.21483;4;T;True;1
1621258871000;14195483;1.21483;1.21489;1.21486;5;T;True;1
1621258872000;14195487;1.21482;1.21488;1.21485;3;T;True;1
1621258873000;14195491;1.21482;1.21488;1.21485;3;T;True;1
1621258874000;14195497;1.21485;1.21491;1.21488;5;T;True;1
1621258875000;14195503;1.21484;1.2149;1.21487;5;T;True;1
1621258876000;14195506;1.21483;1.21489;1.21486;2;T;True;1
1621258877000;14195510;1.21483;1.21489;1.21486;3;T;True;1
1621258878000;14195518;1.21478;1.21484;1.21481;7;T;True;1
1621258879000;14195523;1.21478;1.21484;1.21481;4;T;True;1
1621258880000;14195524;1.21478;1.21484;1.21481;0;T;True;1
1621258881000;14195526;1.21478;1.21484;1.21481;1;T;True;1
1621258882000;14195528;1.21478;1.21484;1.21481;1;T;True;1
1621258883000;14195529;1.21478;1.21484;1.21481;0;T;True;1
1621258884000;14195536;1.21475;1.21481;1.21478;6;T;True;1
1621258885000;14195543;1.21478;1.21484;1.21481;6;T;True;1
1621258886000;14195550;1.21478;1.21484;1.21481;6;T;True;1
1621258887000;14195551;1.21478;1.21484;1.21481;0;T;True;1
1621258888000;14195554;1.2148;1.21486;1.21483;2;T;True;1
1621258889000;14195556;1.2148;1.21486;1.21483;1;T;True;1
1621258890000;14195559;1.2148;1.21486;1.21483;2;T;True;1
1621258891000;14195563;1.2148;1.21486;1.21483;3;T;True;1
1621258892000;14195567;1.21476;1.21482;1.21479;3;T;True;1
1621258893000;14195568;1.21476;1.21482;1.21479;0;T;True;1
1621258894000;14195570;1.21476;1.21482;1.21479;1;T;True;1
1621258895000;14195574;1.21476;1.21482;1.21479;3;T;True;1
1621258896000;14195583;1.21472;1.21478;1.21475;8;T;True;1
1621258897000;14195588;1.21472;1.21478;1.21475;4;T;True;1
1621258898000;14195595;1.21472;1.21478;1.21475;6;T;True;1
1621258899000;14195609;1.21475;1.21481;1.21478;13;T;True;1
1621258900000;14195611;1.21476;1.21482;1.21479;1;T;True;1
1621258901000;14195613;1.21476;1.21482;1.21479;1;T;True;1
1621258902000;14195617;1.21476;1.21482;1.21479;3;T;True;1
1621258903000;14195619;1.21476;1.21482;1.21479;1;T;True;1
1621258904000;14195620;1.21476;1.21482;1.21479;0;T;True;1
1621258905000;14195621;1.21476;1.21482;1.21479;0;T;True;1
1621258906000;14195622;1.21476;1.21482;1.21479;0;T;True;1
1621258907000;14195623;1.21476;1.21482;1.21479;0;T;True;1
1621258908000;14195625;1.21476;1.21482;1.21479;1;T;True;1
1621258909000;14195628;1.21478;1.21484;1.21481;2;T;True;1
1621258910000;14195629;1.21478;1.21484;1.21481;0;T;True;1
1621258911000;14195631;1.21478;1.21484;1.21481;1;T;True;1
1621258912000;14195635;1.21478;1.21484;1.21481;3;T;True;1
1621258913000;14195639;1.21476;1.21482;1.21479;3;T;True;1
1621258914000;14195642;1.21475;1.21481;1.21478;2;T;True;1
1621258915000;14195647;1.21474;1.2148;1.21477;4;T;True;1
1621258916000;14195648;1.21474;1.2148;1.21477;0;T;True;1
1621258917000;14195651;1.21474;1.2148;1.21477;2;T;True;1
1621258918000;14195654;1.21474;1.2148;1.21477;2;T;True;1
1621258919000;14195658;1.21476;1.21482;1.21479;3;T;True;1
1621258920000;14195660;1.21476;1.21482;1.21479;1;T;True;1
1621258921000;14195663;1.21476;1.21482;1.21479;2;T;True;1
1621258922000;14195667;1.21476;1.21482;1.21479;3;T;True;1
1621258923000;14195675;1.21484;1.2149;1.21487;7;T;True;1
1621258924000;14195676;1.21484;1.2149;1.21487;0;T;True;1
1621258925000;14195677;1.21484;1.2149;1.21487;0;T;True;1
1621258926000;14195678;1.21484;1.2149;1.21487;0;T;True;1
1621258927000;14195679;1.21484;1.2149;1.21487;0;T;True;1
1621258928000;14195680;1.21484;1.2149;1.21487;0;T;True;1
1621258929000;14195681;1.21484;1.2149;1.21487;0;T;True;1
1621258930000;14195682;1.21484;1.2149;1.21487;0;T;True;1
1621258931000;14195683;1.21484;1.2149;1.21487;0;T;True;1
1621258932000;14195690;1.21482;1.21488;1.21485;6;T;True;1
1621258933000;14195693;1.2148;1.21486;1.21483;2;T;True;1
1621258934000;14195699;1.21482;1.21488;1.21485;5;T;True;1
1621258935000;14195704;1.21478;1.21484;1.21481;4;T;True;1
1621258936000;14195707;1.21477;1.21483;1.2148;2;T;True;1
1621258937000;14195709;1.21476;1.21482;1.21479;1;T;True;1
1621258938000;14195712;1.21476;1.21482;1.21479;2;T;True;1
1621258939000;14195721;1.21472;1.21478;1.21475;8;T;True;1
1621258940000;14195722;1.21472;1.21478;1.21475;0;T;True;1
1621258941000;14195723;1.21472;1.21478;1.21475;0;T;True;1
1621258942000;14195724;1.21472;1.21478;1.21475;0;T;True;1
1621258943000;14195725;1.21472;1.21478;1.21475;0;T;True;1
1621258944000;14195726;1.21472;1.21478;1.21475;0;T;True;1
1621258945000;14195727;1.21472;1.21478;1.21475;0;T;True;1
1621258946000;14195733;1.21476;1.21482;1.21479;5;T;True;1
1621258947000;14195734;1.21476;1.21482;1.21479;0;T;True;1
1621258948000;14195739;1.21474;1.2148;1.21477;4;T;True;1
1621258949000;14195740;1.21474;1.2148;1.21477;0;T;True;1
1621258950000;14195750;1.21468;1.21474;1.21471;9;T;True;1
1621258951000;14195754;1.21468;1.21474;1.21471;3;T;True;1
1621258952000;14195755;1.21468;1.21474;1.21471;0;T;True;1
1621258953000;14195760;1.2147;1.21476;1.21473;4;T;True;1
1621258954000;14195761;1.2147;1.21476;1.21473;0;T;True;1
1621258955000;14195763;1.2147;1.21476;1.21473;1;T;True;1
1621258956000;14195766;1.2147;1.21476;1.21473;2;T;True;1
1621258957000;14195769;1.21472;1.21478;1.21475;2;T;True;1
1621258958000;14195772;1.21471;1.21477;1.21474;2;T;True;1
1621258959000;14195775;1.21471;1.21477;1.21474;2;T;True;1
1621258960000;14195780;1.21474;1.2148;1.21477;4;T;True;1
1621258961000;14195784;1.2147;1.21476;1.21473;3;T;True;1
1621258962000;14195786;1.2147;1.21476;1.21473;1;T;True;1
1621258963000;14195789;1.21474;1.2148;1.21477;2;T;True;1
1621258964000;14195793;1.21471;1.21477;1.21474;3;T;True;1
1621258965000;14195796;1.21471;1.21477;1.21474;2;T;True;1
1621258966000;14195797;1.21471;1.21477;1.21474;0;T;True;1
1621258967000;14195800;1.21471;1.21477;1.21474;2;T;True;1
1621258968000;14195805;1.21474;1.2148;1.21477;4;T;True;1
1621258969000;14195806;1.21474;1.2148;1.21477;0;T;True;1
1621258970000;14195807;1.21474;1.2148;1.21477;0;T;True;1
1621258971000;14195814;1.21474;1.2148;1.21477;6;T;True;1
1621258972000;14195822;1.2148;1.21486;1.21483;7;T;True;1
1621258973000;14195826;1.21482;1.21488;1.21485;3;T;True;1
1621258974000;14195827;1.21482;1.21488;1.21485;0;T;True;1
1621258975000;14195830;1.21482;1.21488;1.21485;2;T;True;1
1621258976000;14195831;1.21482;1.21488;1.21485;0;T;True;1
1621258977000;14195835;1.21482;1.21488;1.21485;3;T;True;1
1621258978000;14195841;1.21483;1.21489;1.21486;5;T;True;1
1621258979000;14195843;1.21483;1.21489;1.21486;1;T;True;1
1621258980000;14195846;1.21482;1.21488;1.21485;2;T;True;1
1621258981000;14195848;1.21481;1.21487;1.21484;1;T;True;1
1621258982000;14195852;1.21482;1.21488;1.21485;3;T;True;1
1621258983000;14195854;1.21482;1.21488;1.21485;1;T;True;1
1621258984000;14195857;1.21481;1.21487;1.21484;2;T;True;1
1621258985000;14195860;1.21481;1.21487;1.21484;2;T;True;1
1621258986000;14195861;1.21481;1.21487;1.21484;0;T;True;1
1621258987000;14195864;1.21481;1.21487;1.21484;2;T;True;1
1621258988000;14195867;1.21482;1.21488;1.21485;2;T;True;1
1621258989000;14195868;1.21482;1.21488;1.21485;0;T;True;1
1621258990000;14195869;1.21482;1.21488;1.21485;0;T;True;1
1621258991000;14195872;1.21482;1.21488;1.21485;2;T;True;1
1621258992000;14195874;1.21482;1.21488;1.21485;1;T;True;1
1621258993000;14195880;1.21484;1.2149;1.21487;5;T;True;1
1621258994000;14195888;1.21481;1.21487;1.21484;7;T;True;1
1621258995000;14195892;1.21481;1.21487;1.21484;3;T;True;1
1621258996000;14195894;1.2148;1.21486;1.21483;1;T;True;1
1621258997000;14195896;1.21481;1.21487;1.21484;1;T;True;1
1621258998000;14195902;1.21478;1.21484;1.21481;5;T;True;1
1621258999000;14195905;1.21478;1.21484;1.21481;2;T;True;1
1621259000000;14195906;1.21478;1.21484;1.21481;0;T;True;1
1621259001000;14195909;1.21476;1.21482;1.21479;2;T;True;1
1621259002000;14195916;1.21478;1.21484;1.21481;6;T;True;1
1621259003000;14195917;1.21478;1.21484;1.21481;0;T;True;1
1621259004000;14195918;1.21478;1.21484;1.21481;0;T;True;1
1621259005000;14195924;1.21479;1.21485;1.21482;5;T;True;1
1621259006000;14195933;1.21476;1.21482;1.21479;8;T;True;1
1621259007000;14195934;1.21476;1.21482;1.21479;0;T;True;1
1621259008000;14195937;1.21477;1.21483;1.2148;2;T;True;1
1621259009000;14195938;1.21477;1.21483;1.2148;0;T;True;1
1621259010000;14195939;1.21477;1.21483;1.2148;0;T;True;1
1621259011000;14195943;1.21476;1.21482;1.21479;3;T;True;1
1621259012000;14195950;1.21472;1.21478;1.21475;6;T;True;1
1621259013000;14195953;1.21472;1.21478;1.21475;2;T;True;1
1621259014000;14195957;1.21471;1.21477;1.21474;3;T;True;1
1621259015000;14195959;1.2147;1.21476;1.21473;1;T;True;1
1621259016000;14195964;1.21472;1.21478;1.21475;4;T;True;1
1621259017000;14195965;1.21472;1.21478;1.21475;0;T;True;1
1621259018000;14195972;1.21472;1.21478;1.21475;6;T;True;1
1621259019000;14195976;1.2147;1.21476;1.21473;3;T;True;1
1621259020000;14195977;1.2147;1.21476;1.21473;0;T;True;1
1621259021000;14195978;1.2147;1.21476;1.21473;0;T;True;1
1621259022000;14195979;1.2147;1.21476;1.21473;0;T;True;1
1621259023000;14195985;1.21474;1.2148;1.21477;5;T;True;1
1621259024000;14195986;1.21474;1.2148;1.21477;0;T;True;1
1621259025000;14195988;1.21472;1.21478;1.21475;1;T;True;1
1621259026000;14195990;1.21472;1.21478;1.21475;1;T;True;1
1621259027000;14195992;1.21471;1.21477;1.21474;1;T;True;1
1621259028000;14195993;1.21471;1.21477;1.21474;0;T;True;1
1621259029000;14195996;1.2147;1.21476;1.21473;2;T;True;1
1621259030000;14196000;1.2147;1.21476;1.21473;3;T;True;1
1621259031000;14196006;1.21474;1.2148;1.21477;5;T;True;1
1621259032000;14196009;1.21472;1.21478;1.21475;2;T;True;1
1621259033000;14196013;1.21472;1.21478;1.21475;3;T;True;1
1621259034000;14196015;1.21472;1.21478;1.21475;1;T;True;1
1621259035000;14196019;1.21477;1.21483;1.2148;3;T;True;1
1621259036000;14196024;1.21479;1.21485;1.21482;4;T;True;1
1621259037000;14196026;1.2148;1.21486;1.21483;1;T;True;1
1621259038000;14196030;1.21478;1.21484;1.21481;3;T;True;1
1621259039000;14196031;1.21478;1.21484;1.21481;0;T;True;1
1621259040000;14196032;1.21478;1.21484;1.21481;0;T;True;1
1621259041000;14196035;1.21478;1.21484;1.21481;2;T;True;1
1621259042000;14196036;1.21478;1.21484;1.21481;0;T;True;1
1621259043000;14196038;1.21478;1.21484;1.21481;1;T;True;1
1621259044000;14196039;1.21478;1.21484;1.21481;0;T;True;1
1621259045000;14196044;1.21476;1.21482;1.21479;4;T;True;1
1621259046000;14196049;1.21478;1.21484;1.21481;4;T;True;1
1621259047000;14196055;1.2148;1.21486;1.21483;5;T;True;1
1621259048000;14196060;1.2148;1.21486;1.21483;4;T;True;1
1621259049000;14196072;1.21471;1.21477;1.21474;11;T;True;1
1621259050000;14196082;1.21472;1.21478;1.21475;9;T;True;1
1621259051000;14196086;1.21472;1.21478;1.21475;3;T;True;1
1621259052000;14196088;1.21471;1.21477;1.21474;1;T;True;1
1621259053000;14196095;1.21472;1.21478;1.21475;6;T;True;1
1621259054000;14196097;1.21473;1.21479;1.21476;1;T;True;1
1621259055000;14196103;1.2147;1.21476;1.21473;5;T;True;1
1621259056000;14196105;1.2147;1.21476;1.21473;1;T;True;1
1621259057000;14196108;1.2147;1.21476;1.21473;2;T;True;1
1621259058000;14196112;1.21468;1.21474;1.21471;3;T;True;1
1621259059000;14196115;1.21466;1.21472;1.21469;2;T;True;1
1621259060000;14196118;1.21466;1.21472;1.21469;2;T;True;1
1621259061000;14196119;1.21466;1.21472;1.21469;0;T;True;1
1621259062000;14196134;1.21459;1.21465;1.21462;14;T;True;1
1621259063000;14196143;1.2146;1.21466;1.21463;8;T;True;1
1621259064000;14196144;1.2146;1.21466;1.21463;0;T;True;1
1621259065000;14196150;1.2146;1.21466;1.21463;5;T;True;1
1621259066000;14196157;1.2146;1.21466;1.21463;6;T;True;1
1621259067000;14196166;1.21458;1.21464;1.21461;8;T;True;1
1621259068000;14196177;1.21458;1.21464;1.21461;10;T;True;1
1621259069000;14196188;1.21458;1.21464;1.21461;10;T;True;1
1621259070000;14196190;1.21458;1.21464;1.21461;1;T;True;1
1621259071000;14196197;1.21454;1.2146;1.21457;6;T;True;1
1621259072000;14196200;1.21454;1.2146;1.21457;2;T;True;1
1621259073000;14196201;1.21454;1.2146;1.21457;0;T;True;1
1621259074000;14196203;1.21454;1.2146;1.21457;1;T;True;1
1621259075000;14196208;1.21456;1.21462;1.21459;4;T;True;1
1621259076000;14196210;1.21455;1.21461;1.21458;1;T;True;1
1621259077000;14196211;1.21455;1.21461;1.21458;0;T;True;1
1621259078000;14196212;1.21455;1.21461;1.21458;0;T;True;1
1621259079000;14196213;1.21455;1.21461;1.21458;0;T;True;1
1621259080000;14196215;1.21454;1.2146;1.21457;1;T;True;1
1621259081000;14196216;1.21454;1.2146;1.21457;0;T;True;1
1621259082000;14196221;1.21455;1.21461;1.21458;4;T;True;1
1621259083000;14196224;1.21456;1.21462;1.21459;2;T;True;1
1621259084000;14196227;1.21459;1.21465;1.21462;2;T;True;1
1621259085000;14196228;1.21459;1.21465;1.21462;0;T;True;1
1621259086000;14196231;1.21456;1.21462;1.21459;2;T;True;1
1621259087000;14196233;1.21456;1.21462;1.21459;1;T;True;1
1621259088000;14196237;1.21456;1.21462;1.21459;3;T;True;1
1621259089000;14196247;1.21457;1.21463;1.2146;9;T;True;1
1621259090000;14196253;1.21459;1.21465;1.21462;5;T;True;1
1621259091000;14196258;1.21458;1.21464;1.21461;4;T;True;1
1621259092000;14196261;1.21458;1.21464;1.21461;2;T;True;1
1621259093000;14196270;1.21458;1.21464;1.21461;8;T;True;1
1621259094000;14196275;1.21458;1.21464;1.21461;4;T;True;1
1621259095000;14196278;1.21459;1.21465;1.21462;2;T;True;1
1621259096000;14196279;1.21459;1.21465;1.21462;0;T;True;1
1621259097000;14196298;1.21458;1.21464;1.21461;18;T;True;1
1621259098000;14196307;1.21458;1.21464;1.21461;8;T;True;1
1621259099000;14196311;1.21458;1.21464;1.21461;3;T;True;1
1621259100000;14196313;1.21458;1.21464;1.21461;1;T;True;1
1621259101000;14196316;1.21457;1.21463;1.2146;2;T;True;1
1621259102000;14196323;1.2146;1.21466;1.21463;6;T;True;1
1621259103000;14196329;1.2146;1.21466;1.21463;5;T;True;1
1621259104000;14196332;1.21458;1.21464;1.21461;2;T;True;1
1621259105000;14196339;1.21459;1.21465;1.21462;6;T;True;1
1621259106000;14196342;1.21459;1.21465;1.21462;2;T;True;1
1621259107000;14196344;1.2146;1.21466;1.21463;1;T;True;1
1621259108000;14196345;1.2146;1.21466;1.21463;0;T;True;1
1621259109000;14196348;1.2146;1.21466;1.21463;2;T;True;1
1621259110000;14196349;1.2146;1.21466;1.21463;0;T;True;1
1621259111000;14196350;1.2146;1.21466;1.21463;0;T;True;1
1621259112000;14196357;1.21454;1.2146;1.21457;6;T;True;1
1621259113000;14196358;1.21454;1.2146;1.21457;0;T;True;1
1621259114000;14196360;1.21454;1.2146;1.21457;1;T;True;1
1621259115000;14196361;1.21454;1.2146;1.21457;0;T;True;1
1621259116000;14196362;1.21454;1.2146;1.21457;0;T;True;1
1621259117000;14196367;1.21459;1.21465;1.21462;4;T;True;1
1621259118000;14196373;1.21459;1.21465;1.21462;5;T;True;1
1621259119000;14196376;1.21459;1.21465;1.21462;2;T;True;1
1621259120000;14196379;1.2146;1.21466;1.21463;2;T;True;1
1621259121000;14196383;1.2146;1.21466;1.21463;3;T;True;1
1621259122000;14196384;1.2146;1.21466;1.21463;0;T;True;1
1621259123000;14196385;1.2146;1.21466;1.21463;0;T;True;1
1621259124000;14196386;1.2146;1.21466;1.21463;0;T;True;1
1621259125000;14196387;1.2146;1.21466;1.21463;0;T;True;1
1621259126000;14196389;1.2146;1.21466;1.21463;1;T;True;1
1621259127000;14196391;1.2146;1.21466;1.21463;1;T;True;1
1621259128000;14196392;1.2146;1.21466;1.21463;0;T;True;1
1621259129000;14196399;1.21462;1.21468;1.21465;6;T;True;1
1621259130000;14196400;1.21462;1.21468;1.21465;0;T;True;1
1621259131000;14196408;1.21458;1.21464;1.21461;7;T;True;1
1621259132000;14196410;1.21457;1.21463;1.2146;1;T;True;1
1621259133000;14196416;1.2146;1.21466;1.21463;5;T;True;1
1621259134000;14196423;1.2146;1.21466;1.21463;6;T;True;1
1621259135000;14196424;1.2146;1.21466;1.21463;0;T;True;1
1621259136000;14196425;1.2146;1.21466;1.21463;0;T;True;1
1621259137000;14196426;1.2146;1.21466;1.21463;0;T;True;1
1621259138000;14196427;1.2146;1.21466;1.21463;0;T;True;1
1621259139000;14196428;1.2146;1.21466;1.21463;0;T;True;1
1621259140000;14196429;1.2146;1.21466;1.21463;0;T;True;1
1621259141000;14196431;1.2146;1.21466;1.21463;1;T;True;1
1621259142000;14196437;1.2146;1.21466;1.21463;5;T;True;1
1621259143000;14196439;1.2146;1.21466;1.21463;1;T;True;1
1621259144000;14196440;1.2146;1.21466;1.21463;0;T;True;1
1621259145000;14196445;1.21462;1.21468;1.21465;4;T;True;1
1621259146000;14196446;1.21462;1.21468;1.21465;0;T;True;1
1621259147000;14196447;1.21462;1.21468;1.21465;0;T;True;1
1621259148000;14196448;1.21462;1.21468;1.21465;0;T;True;1
1621259149000;14196449;1.21462;1.21468;1.21465;0;T;True;1
1621259150000;14196450;1.21462;1.21468;1.21465;0;T;True;1
1621259151000;14196460;1.21463;1.21469;1.21466;9;T;True;1
1621259152000;14196464;1.21465;1.21471;1.21468;3;T;True;1
1621259153000;14196468;1.21465;1.21471;1.21468;3;T;True;1
1621259154000;14196469;1.21465;1.21471;1.21468;0;T;True;1
1621259155000;14196475;1.21462;1.21468;1.21465;5;T;True;1
1621259156000;14196477;1.21462;1.21468;1.21465;1;T;True;1
1621259157000;14196483;1.21461;1.21467;1.21464;5;T;True;1
1621259158000;14196484;1.21461;1.21467;1.21464;0;T;True;1
1621259159000;14196485;1.21461;1.21467;1.21464;0;T;True;1
1621259160000;14196494;1.2146;1.21466;1.21463;8;T;True;1
1621259161000;14196497;1.21462;1.21468;1.21465;2;T;True;1
1621259162000;14196504;1.21464;1.2147;1.21467;6;T;True;1
1621259163000;14196505;1.21464;1.2147;1.21467;0;T;True;1
1621259164000;14196506;1.21464;1.2147;1.21467;0;T;True;1
1621259165000;14196507;1.21464;1.2147;1.21467;0;T;True;1
1621259166000;14196508;1.21464;1.2147;1.21467;0;T;True;1
1621259167000;14196510;1.21465;1.21471;1.21468;1;T;True;1
1621259168000;14196513;1.21465;1.21471;1.21468;2;T;True;1
1621259169000;14196514;1.21465;1.21471;1.21468;0;T;True;1
1621259170000;14196516;1.21464;1.2147;1.21467;1;T;True;1
1621259171000;14196517;1.21464;1.2147;1.21467;0;T;True;1
1621259172000;14196522;1.21466;1.21472;1.21469;4;T;True;1
1621259173000;14196528;1.21469;1.21475;1.21472;5;T;True;1
1621259174000;14196536;1.21473;1.21479;1.21476;7;T;True;1
1621259175000;14196546;1.21474;1.2148;1.21477;9;T;True;1
1621259176000;14196551;1.21474;1.2148;1.21477;4;T;True;1
1621259177000;14196558;1.21473;1.21479;1.21476;6;T;True;1
1621259178000;14196560;1.21473;1.21479;1.21476;1;T;True;1
1621259179000;14196563;1.21473;1.21479;1.21476;2;T;True;1
1621259180000;14196566;1.21472;1.21478;1.21475;2;T;True;1
1621259181000;14196570;1.21474;1.2148;1.21477;3;T;True;1
1621259182000;14196574;1.21474;1.2148;1.21477;3;T;True;1
1621259183000;14196584;1.21465;1.21471;1.21468;9;T;True;1
1621259184000;14196585;1.21465;1.21471;1.21468;0;T;True;1
1621259185000;14196586;1.21465;1.21471;1.21468;0;T;True;1
1621259186000;14196587;1.21465;1.21471;1.21468;0;T;True;1
1621259187000;14196588;1.21465;1.21471;1.21468;0;T;True;1
1621259188000;14196595;1.21469;1.21475;1.21472;6;T;True;1
1621259189000;14196596;1.21469;1.21475;1.21472;0;T;True;1
1621259190000;14196602;1.21472;1.21478;1.21475;5;T;True;1
1621259191000;14196605;1.21472;1.21478;1.21475;2;T;True;1
1621259192000;14196607;1.2147;1.21476;1.21473;1;T;True;1
1621259193000;14196609;1.2147;1.21476;1.21473;1;T;True;1
1621259194000;14196614;1.2147;1.21476;1.21473;4;T;True;1
1621259195000;14196615;1.2147;1.21476;1.21473;0;T;True;1
1621259196000;14196617;1.21471;1.21477;1.21474;1;T;True;1
1621259197000;14196618;1.21471;1.21477;1.21474;0;T;True;1
1621259198000;14196619;1.21471;1.21477;1.21474;0;T;True;1
1621259199000;14196620;1.21471;1.21477;1.21474;0;T;True;1
1621259200000;14196626;1.21474;1.2148;1.21477;5;T;True;1
1621259201000;14196630;1.21475;1.21481;1.21478;3;T;True;1
1621259202000;14196631;1.21475;1.21481;1.21478;0;T;True;1
1621259203000;14196636;1.21472;1.21478;1.21475;4;T;True;1
1621259204000;14196638;1.21473;1.21479;1.21476;1;T;True;1
1621259205000;14196639;1.21473;1.21479;1.21476;0;T;True;1
1621259206000;14196640;1.21473;1.21479;1.21476;0;T;True;1
1621259207000;14196641;1.21473;1.21479;1.21476;0;T;True;1
1621259208000;14196642;1.21473;1.21479;1.21476;0;T;True;1
1621259209000;14196643;1.21473;1.21479;1.21476;0;T;True;1
1621259210000;14196644;1.21473;1.21479;1.21476;0;T;True;1
1621259211000;14196649;1.21472;1.21478;1.21475;4;T;True;1
1621259212000;14196650;1.21472;1.21478;1.21475;0;T;True;1
1621259213000;14196652;1.21471;1.21477;1.21474;1;T;True;1
1621259214000;14196655;1.2147;1.21476;1.21473;2;T;True;1
1621259215000;14196656;1.2147;1.21476;1.21473;0;T;True;1
1621259216000;14196658;1.21471;1.21477;1.21474;1;T;True;1
1621259217000;14196659;1.21471;1.21477;1.21474;0;T;True;1
1621259218000;14196660;1.21471;1.21477;1.21474;0;T;True;1
1621259219000;14196661;1.21471;1.21477;1.21474;0;T;True;1
1621259220000;14196662;1.21471;1.21477;1.21474;0;T;True;1
1621259221000;14196665;1.21472;1.21478;1.21475;2;T;True;1
1621259222000;14196666;1.21472;1.21478;1.21475;0;T;True;1
1621259223000;14196668;1.21471;1.21477;1.21474;1;T;True;1
1621259224000;14196672;1.21472;1.21478;1.21475;3;T;True;1
1621259225000;14196673;1.21472;1.21478;1.21475;0;T;True;1
1621259226000;14196674;1.21472;1.21478;1.21475;0;T;True;1
1621259227000;14196675;1.21472;1.21478;1.21475;0;T;True;1
1621259228000;14196680;1.21475;1.21481;1.21478;4;T;True;1
1621259229000;14196681;1.21475;1.21481;1.21478;0;T;True;1
1621259230000;14196682;1.21475;1.21481;1.21478;0;T;True;1
1621259231000;14196684;1.21474;1.2148;1.21477;1;T;True;1
1621259232000;14196685;1.21474;1.2148;1.21477;0;T;True;1
1621259233000;14196686;1.21474;1.2148;1.21477;0;T;True;1
1621259234000;14196687;1.21474;1.2148;1.21477;0;T;True;1
1621259235000;14196690;1.21475;1.21481;1.21478;2;T;True;1
1621259236000;14196695;1.21476;1.21482;1.21479;4;T;True;1
1621259237000;14196696;1.21476;1.21482;1.21479;0;T;True;1
1621259238000;14196703;1.21474;1.2148;1.21477;6;T;True;1
1621259239000;14196706;1.21475;1.21481;1.21478;2;T;True;1
1621259240000;14196714;1.21472;1.21478;1.21475;7;T;True;1
1621259241000;14196716;1.2147;1.21476;1.21473;1;T;True;1
1621259242000;14196718;1.2147;1.21476;1.21473;1;T;True;1
1621259243000;14196724;1.21471;1.21477;1.21474;5;T;True;1
1621259244000;14196727;1.2147;1.21476;1.21473;2;T;True;1
1621259245000;14196729;1.21469;1.21475;1.21472;1;T;True;1
1621259246000;14196730;1.21469;1.21475;1.21472;0;T;True;1
1621259247000;14196731;1.21469;1.21475;1.21472;0;T;True;1
1621259248000;14196733;1.2147;1.21476;1.21473;1;T;True;1
1621259249000;14196735;1.21469;1.21475;1.21472;1;T;True;1
1621259250000;14196738;1.21469;1.21475;1.21472;2;T;True;1
1621259251000;14196741;1.21469;1.21475;1.21472;2;T;True;1
1621259252000;14196742;1.21469;1.21475;1.21472;0;T;True;1
1621259253000;14196747;1.21469;1.21475;1.21472;4;T;True;1
1621259254000;14196750;1.21469;1.21475;1.21472;2;T;True;1
1621259255000;14196752;1.2147;1.21476;1.21473;1;T;True;1
1621259256000;14196753;1.2147;1.21476;1.21473;0;T;True;1
1621259257000;14196754;1.2147;1.21476;1.21473;0;T;True;1
1621259258000;14196757;1.21472;1.21478;1.21475;2;T;True;1
1621259259000;14196762;1.21474;1.2148;1.21477;4;T;True;1
1621259260000;14196767;1.21474;1.2148;1.21477;4;T;True;1
1621259261000;14196769;1.21474;1.2148;1.21477;1;T;True;1
1621259262000;14196770;1.21474;1.2148;1.21477;0;T;True;1
1621259263000;14196771;1.21474;1.2148;1.21477;0;T;True;1
1621259264000;14196773;1.21475;1.21481;1.21478;1;T;True;1
1621259265000;14196774;1.21475;1.21481;1.21478;0;T;True;1
1621259266000;14196779;1.21473;1.21479;1.21476;4;T;True;1
1621259267000;14196780;1.21473;1.21479;1.21476;0;T;True;1
1621259268000;14196782;1.21472;1.21478;1.21475;1;T;True;1
1621259269000;14196784;1.21472;1.21478;1.21475;1;T;True;1
1621259270000;14196794;1.21473;1.21479;1.21476;9;T;True;1
1621259271000;14196796;1.21475;1.21481;1.21478;1;T;True;1
1621259272000;14196800;1.21472;1.21478;1.21475;3;T;True;1
1621259273000;14196802;1.21472;1.21478;1.21475;1;T;True;1
1621259274000;14196805;1.21472;1.21478;1.21475;2;T;True;1
1621259275000;14196806;1.21472;1.21478;1.21475;0;T;True;1
1621259276000;14196811;1.21473;1.21479;1.21476;4;T;True;1
1621259277000;14196813;1.21475;1.21481;1.21478;1;T;True;1
1621259278000;14196819;1.2148;1.21486;1.21483;5;T;True;1
1621259279000;14196834;1.21491;1.21497;1.21494;14;T;True;1
1621259280000;14196845;1.21494;1.215;1.21497;10;T;True;1
1621259281000;14196852;1.21495;1.21501;1.21498;6;T;True;1
1621259282000;14196857;1.21492;1.21498;1.21495;4;T;True;1
1621259283000;14196862;1.2149;1.21496;1.21493;4;T;True;1
1621259284000;14196866;1.21491;1.21497;1.21494;3;T;True;1
1621259285000;14196875;1.2148;1.21486;1.21483;8;T;True;1
1621259286000;14196877;1.2148;1.21486;1.21483;1;T;True;1
1621259287000;14196890;1.21482;1.21488;1.21485;12;T;True;1
1621259288000;14196896;1.21484;1.2149;1.21487;5;T;True;1
1621259289000;14196901;1.21487;1.21493;1.2149;4;T;True;1
1621259290000;14196902;1.21487;1.21493;1.2149;0;T;True;1
1621259291000;14196903;1.21487;1.21493;1.2149;0;T;True;1
1621259292000;14196905;1.21486;1.21492;1.21489;1;T;True;1
1621259293000;14196914;1.21492;1.21498;1.21495;8;T;True;1
1621259294000;14196918;1.2149;1.21496;1.21493;3;T;True;1
1621259295000;14196919;1.2149;1.21496;1.21493;0;T;True;1
1621259296000;14196922;1.21488;1.21494;1.21491;2;T;True;1
1621259297000;14196927;1.2149;1.21496;1.21493;4;T;True;1
1621259298000;14196929;1.2149;1.21496;1.21493;1;T;True;1
1621259299000;14196930;1.2149;1.21496;1.21493;0;T;True;1
1621259300000;14196932;1.2149;1.21496;1.21493;1;T;True;1
1621259301000;14196933;1.2149;1.21496;1.21493;0;T;True;1
1621259302000;14196934;1.2149;1.21496;1.21493;0;T;True;1
1621259303000;14196935;1.2149;1.21496;1.21493;0;T;True;1
1621259304000;14196936;1.2149;1.21496;1.21493;0;T;True;1
1621259305000;14196937;1.2149;1.21496;1.21493;0;T;True;1
1621259306000;14196938;1.2149;1.21496;1.21493;0;T;True;1
1621259307000;14196941;1.2149;1.21496;1.21493;2;T;True;1
1621259308000;14196945;1.2149;1.21496;1.21493;3;T;True;1
1621259309000;14196950;1.21485;1.21491;1.21488;4;T;True;1
1621259310000;14196962;1.21478;1.21484;1.21481;11;T;True;1
1621259311000;14196974;1.21473;1.21479;1.21476;11;T;True;1
1621259312000;14196980;1.21474;1.2148;1.21477;5;T;True;1
1621259313000;14196990;1.21476;1.21482;1.21479;9;T;True;1
1621259314000;14196992;1.21476;1.21482;1.21479;1;T;True;1
1621259315000;14197003;1.21477;1.21483;1.2148;10;T;True;1
1621259316000;14197006;1.21476;1.21482;1.21479;2;T;True;1
1621259317000;14197012;1.21478;1.21484;1.21481;5;T;True;1
1621259318000;14197016;1.21479;1.21485;1.21482;3;T;True;1
1621259319000;14197018;1.21479;1.21485;1.21482;1;T;True;1
1621259320000;14197021;1.21479;1.21485;1.21482;2;T;True;1
1621259321000;14197025;1.21478;1.21484;1.21481;3;T;True;1
1621259322000;14197032;1.21482;1.21488;1.21485;6;T;True;1
1621259323000;14197034;1.21482;1.21488;1.21485;1;T;True;1
1621259324000;14197036;1.21482;1.21488;1.21485;1;T;True;1
1621259325000;14197037;1.21482;1.21488;1.21485;0;T;True;1
1621259326000;14197039;1.21481;1.21487;1.21484;1;T;True;1
1621259327000;14197051;1.21475;1.21481;1.21478;11;T;True;1
1621259328000;14197054;1.21475;1.21481;1.21478;2;T;True;1
1621259329000;14197060;1.21474;1.2148;1.21477;5;T;True;1
1621259330000;14197069;1.21472;1.21478;1.21475;8;T;True;1
1621259331000;14197070;1.21472;1.21478;1.21475;0;T;True;1
1621259332000;14197071;1.21472;1.21478;1.21475;0;T;True;1
1621259333000;14197073;1.21472;1.21478;1.21475;1;T;True;1
1621259334000;14197079;1.21472;1.21478;1.21475;5;T;True;1
1621259335000;14197082;1.21472;1.21478;1.21475;2;T;True;1
1621259336000;14197085;1.21472;1.21478;1.21475;2;T;True;1
1621259337000;14197089;1.21471;1.21477;1.21474;3;T;True;1
1621259338000;14197094;1.21474;1.2148;1.21477;4;T;True;1
1621259339000;14197095;1.21474;1.2148;1.21477;0;T;True;1
1621259340000;14197096;1.21474;1.2148;1.21477;0;T;True;1
1621259341000;14197097;1.21474;1.2148;1.21477;0;T;True;1
1621259342000;14197099;1.21474;1.2148;1.21477;1;T;True;1
1621259343000;14197102;1.21474;1.2148;1.21477;2;T;True;1
1621259344000;14197103;1.21474;1.2148;1.21477;0;T;True;1
1621259345000;14197109;1.21472;1.21478;1.21475;5;T;True;1
1621259346000;14197112;1.21472;1.21478;1.21475;2;T;True;1
1621259347000;14197113;1.21472;1.21478;1.21475;0;T;True;1
1621259348000;14197123;1.21475;1.21481;1.21478;9;T;True;1
1621259349000;14197130;1.2148;1.21486;1.21483;6;T;True;1
1621259350000;14197132;1.2148;1.21486;1.21483;1;T;True;1
1621259351000;14197133;1.2148;1.21486;1.21483;0;T;True;1
1621259352000;14197138;1.21478;1.21484;1.21481;4;T;True;1
1621259353000;14197145;1.21477;1.21483;1.2148;6;T;True;1
1621259354000;14197148;1.21477;1.21483;1.2148;2;T;True;1
1621259355000;14197149;1.21477;1.21483;1.2148;0;T;True;1
1621259356000;14197150;1.21477;1.21483;1.2148;0;T;True;1
1621259357000;14197153;1.21475;1.21481;1.21478;2;T;True;1
1621259358000;14197158;1.21473;1.21479;1.21476;4;T;True;1
1621259359000;14197164;1.21472;1.21478;1.21475;5;T;True;1
1621259360000;14197168;1.2147;1.21476;1.21473;3;T;True;1
1621259361000;14197172;1.21471;1.21477;1.21474;3;T;True;1
1621259362000;14197175;1.21471;1.21477;1.21474;2;T;True;1
1621259363000;14197180;1.21473;1.21479;1.21476;4;T;True;1
1621259364000;14197187;1.21474;1.2148;1.21477;6;T;True;1
1621259365000;14197190;1.21474;1.2148;1.21477;2;T;True;1
1621259366000;14197198;1.21474;1.2148;1.21477;7;T;True;1
1621259367000;14197203;1.21473;1.21479;1.21476;4;T;True;1
1621259368000;14197205;1.21472;1.21478;1.21475;1;T;True;1
1621259369000;14197207;1.21471;1.21477;1.21474;1;T;True;1
1621259370000;14197209;1.2147;1.21476;1.21473;1;T;True;1
1621259371000;14197210;1.2147;1.21476;1.21473;0;T;True;1
1621259372000;14197212;1.2147;1.21476;1.21473;1;T;True;1
1621259373000;14197216;1.2147;1.21476;1.21473;3;T;True;1
1621259374000;14197218;1.21469;1.21475;1.21472;1;T;True;1
1621259375000;14197222;1.21468;1.21474;1.21471;3;T;True;1
1621259376000;14197227;1.2147;1.21476;1.21473;4;T;True;1
1621259377000;14197229;1.2147;1.21476;1.21473;1;T;True;1
1621259378000;14197231;1.21469;1.21475;1.21472;1;T;True;1
1621259379000;14197234;1.21469;1.21475;1.21472;2;T;True;1
1621259380000;14197237;1.21469;1.21475;1.21472;2;T;True;1
1621259381000;14197241;1.2147;1.21476;1.21473;3;T;True;1
1621259382000;14197244;1.2147;1.21476;1.21473;2;T;True;1
1621259383000;14197246;1.2147;1.21476;1.21473;1;T;True;1
1621259384000;14197249;1.2147;1.21476;1.21473;2;T;True;1
1621259385000;14197257;1.21468;1.21474;1.21471;7;T;True;1
1621259386000;14197259;1.21468;1.21474;1.21471;1;T;True;1
1621259387000;14197260;1.21468;1.21474;1.21471;0;T;True;1
1621259388000;14197264;1.21468;1.21474;1.21471;3;T;True;1
1621259389000;14197267;1.21469;1.21475;1.21472;2;T;True;1
1621259390000;14197272;1.2147;1.21476;1.21473;4;T;True;1
1621259391000;14197273;1.2147;1.21476;1.21473;0;T;True;1
1621259392000;14197276;1.2147;1.21476;1.21473;2;T;True;1
1621259393000;14197285;1.21471;1.21477;1.21474;8;T;True;1
1621259394000;14197301;1.21474;1.2148;1.21477;15;T;True;1
1621259395000;14197306;1.21471;1.21477;1.21474;4;T;True;1
1621259396000;14197307;1.21471;1.21477;1.21474;0;T;True;1
1621259397000;14197310;1.2147;1.21476;1.21473;2;T;True;1
1621259398000;14197316;1.21469;1.21475;1.21472;5;T;True;1
1621259399000;14197323;1.21472;1.21478;1.21475;6;T;True;1
1621259400000;14197327;1.2147;1.21476;1.21473;3;T;True;1
1621259401000;14197333;1.2147;1.21476;1.21473;5;T;True;1
1621259402000;14197339;1.2147;1.21476;1.21473;5;T;True;1
1621259403000;14197346;1.21471;1.21477;1.21474;6;T;True;1
1621259404000;14197357;1.21474;1.2148;1.21477;10;T;True;1
1621259405000;14197369;1.21476;1.21482;1.21479;11;T;True;1
1621259406000;14197372;1.21476;1.21482;1.21479;2;T;True;1
1621259407000;14197373;1.21476;1.21482;1.21479;0;T;True;1
1621259408000;14197374;1.21476;1.21482;1.21479;0;T;True;1
1621259409000;14197378;1.21476;1.21482;1.21479;3;T;True;1
1621259410000;14197379;1.21476;1.21482;1.21479;0;T;True;1
1621259411000;14197380;1.21476;1.21482;1.21479;0;T;True;1
1621259412000;14197388;1.21476;1.21482;1.21479;7;T;True;1
1621259413000;14197389;1.21476;1.21482;1.21479;0;T;True;1
1621259414000;14197395;1.21475;1.21481;1.21478;5;T;True;1
1621259415000;14197400;1.21474;1.2148;1.21477;4;T;True;1
1621259416000;14197402;1.21475;1.21481;1.21478;1;T;True;1
1621259417000;14197407;1.21475;1.21481;1.21478;4;T;True;1
1621259418000;14197412;1.21476;1.21482;1.21479;4;T;True;1
1621259419000;14197415;1.21477;1.21483;1.2148;2;T;True;1
1621259420000;14197416;1.21477;1.21483;1.2148;0;T;True;1
1621259421000;14197417;1.21477;1.21483;1.2148;0;T;True;1
1621259422000;14197418;1.21477;1.21483;1.2148;0;T;True;1
1621259423000;14197422;1.21474;1.2148;1.21477;3;T;True;1
1621259424000;14197427;1.21472;1.21478;1.21475;4;T;True;1
1621259425000;14197429;1.21471;1.21477;1.21474;1;T;True;1
1621259426000;14197432;1.21471;1.21477;1.21474;2;T;True;1
1621259427000;14197439;1.21475;1.21481;1.21478;6;T;True;1
1621259428000;14197440;1.21475;1.21481;1.21478;0;T;True;1
1621259429000;14197441;1.21475;1.21481;1.21478;0;T;True;1
1621259430000;14197442;1.21475;1.21481;1.21478;0;T;True;1
1621259431000;14197443;1.21475;1.21481;1.21478;0;T;True;1
1621259432000;14197444;1.21475;1.21481;1.21478;0;T;True;1
1621259433000;14197447;1.21474;1.2148;1.21477;2;T;True;1
1621259434000;14197451;1.21472;1.21478;1.21475;3;T;True;1
1621259435000;14197457;1.21474;1.2148;1.21477;5;T;True;1
1621259436000;14197467;1.21477;1.21483;1.2148;9;T;True;1
1621259437000;14197483;1.21481;1.21487;1.21484;15;T;True;1
1621259438000;14197489;1.21476;1.21482;1.21479;5;T;True;1
1621259439000;14197494;1.21476;1.21482;1.21479;4;T;True;1
1621259440000;14197495;1.21476;1.21482;1.21479;0;T;True;1
1621259441000;14197496;1.21476;1.21482;1.21479;0;T;True;1
1621259442000;14197502;1.21474;1.2148;1.21477;5;T;True;1
1621259443000;14197505;1.21475;1.21481;1.21478;2;T;True;1
1621259444000;14197506;1.21475;1.21481;1.21478;0;T;True;1
1621259445000;14197507;1.21475;1.21481;1.21478;0;T;True;1
1621259446000;14197511;1.21474;1.2148;1.21477;3;T;True;1
1621259447000;14197512;1.21474;1.2148;1.21477;0;T;True;1
1621259448000;14197514;1.21475;1.21481;1.21478;1;T;True;1
1621259449000;14197515;1.21475;1.21481;1.21478;0;T;True;1
1621259450000;14197518;1.21475;1.21481;1.21478;2;T;True;1
1621259451000;14197521;1.21475;1.21481;1.21478;2;T;True;1
1621259452000;14197523;1.21474;1.2148;1.21477;1;T;True;1
1621259453000;14197527;1.21474;1.2148;1.21477;3;T;True;1
1621259454000;14197536;1.21469;1.21475;1.21472;8;T;True;1
1621259455000;14197540;1.21469;1.21475;1.21472;3;T;True;1
1621259456000;14197547;1.21473;1.21479;1.21476;6;T;True;1
1621259457000;14197550;1.21472;1.21478;1.21475;2;T;True;1
1621259458000;14197555;1.21471;1.21477;1.21474;4;T;True;1
1621259459000;14197556;1.21471;1.21477;1.21474;0;T;True;1
1621259460000;14197563;1.21466;1.21472;1.21469;6;T;True;1
1621259461000;14197564;1.21466;1.21472;1.21469;0;T;True;1
1621259462000;14197565;1.21466;1.21472;1.21469;0;T;True;1
1621259463000;14197570;1.21468;1.21474;1.21471;4;T;True;1
1621259464000;14197573;1.21469;1.21475;1.21472;2;T;True;1
1621259465000;14197576;1.21469;1.21475;1.21472;2;T;True;1
1621259466000;14197577;1.21469;1.21475;1.21472;0;T;True;1
1621259467000;14197579;1.21469;1.21475;1.21472;1;T;True;1
1621259468000;14197587;1.21472;1.21478;1.21475;7;T;True;1
1621259469000;14197592;1.2147;1.21476;1.21473;4;T;True;1
1621259470000;14197594;1.21469;1.21475;1.21472;1;T;True;1
1621259471000;14197595;1.21469;1.21475;1.21472;0;T;True;1
1621259472000;14197599;1.21466;1.21472;1.21469;3;T;True;1
1621259473000;14197601;1.21466;1.21472;1.21469;1;T;True;1
1621259474000;14197605;1.21465;1.21471;1.21468;3;T;True;1
1621259475000;14197607;1.21465;1.21471;1.21468;1;T;True;1
1621259476000;14197610;1.21464;1.2147;1.21467;2;T;True;1
1621259477000;14197612;1.21464;1.2147;1.21467;1;T;True;1
1621259478000;14197614;1.21464;1.2147;1.21467;1;T;True;1
1621259479000;14197618;1.21462;1.21468;1.21465;3;T;True;1
1621259480000;14197623;1.21462;1.21468;1.21465;4;T;True;1
1621259481000;14197627;1.21463;1.21469;1.21466;3;T;True;1
1621259482000;14197632;1.21467;1.21473;1.2147;4;T;True;1
1621259483000;14197638;1.21469;1.21475;1.21472;5;T;True;1
1621259484000;14197639;1.21469;1.21475;1.21472;0;T;True;1
1621259485000;14197644;1.21466;1.21472;1.21469;4;T;True;1
1621259486000;14197645;1.21466;1.21472;1.21469;0;T;True;1
1621259487000;14197651;1.21467;1.21473;1.2147;5;T;True;1
1621259488000;14197653;1.21468;1.21474;1.21471;1;T;True;1
1621259489000;14197656;1.21466;1.21472;1.21469;2;T;True;1
1621259490000;14197664;1.21463;1.21469;1.21466;7;T;True;1
1621259491000;14197670;1.21463;1.21469;1.21466;5;T;True;1
1621259492000;14197677;1.21461;1.21467;1.21464;6;T;True;1
1621259493000;14197682;1.21464;1.2147;1.21467;4;T;True;1
1621259494000;14197683;1.21464;1.2147;1.21467;0;T;True;1
1621259495000;14197685;1.21464;1.2147;1.21467;1;T;True;1
1621259496000;14197689;1.21461;1.21467;1.21464;3;T;True;1
1621259497000;14197695;1.21464;1.2147;1.21467;5;T;True;1
1621259498000;14197700;1.21464;1.2147;1.21467;4;T;True;1
1621259499000;14197701;1.21464;1.2147;1.21467;0;T;True;1
1621259500000;14197708;1.21464;1.2147;1.21467;6;T;True;1
1621259501000;14197711;1.21464;1.2147;1.21467;2;T;True;1
1621259502000;14197712;1.21464;1.2147;1.21467;0;T;True;1
1621259503000;14197713;1.21464;1.2147;1.21467;0;T;True;1
1621259504000;14197717;1.21464;1.2147;1.21467;3;T;True;1
1621259505000;14197719;1.21464;1.2147;1.21467;1;T;True;1
1621259506000;14197726;1.21466;1.21472;1.21469;6;T;True;1
1621259507000;14197727;1.21466;1.21472;1.21469;0;T;True;1
1621259508000;14197728;1.21466;1.21472;1.21469;0;T;True;1
1621259509000;14197729;1.21466;1.21472;1.21469;0;T;True;1
1621259510000;14197730;1.21466;1.21472;1.21469;0;T;True;1
1621259511000;14197731;1.21466;1.21472;1.21469;0;T;True;1
1621259512000;14197734;1.21464;1.2147;1.21467;2;T;True;1
1621259513000;14197736;1.21464;1.2147;1.21467;1;T;True;1
1621259514000;14197737;1.21464;1.2147;1.21467;0;T;True;1
1621259515000;14197739;1.21464;1.2147;1.21467;1;T;True;1
1621259516000;14197743;1.21466;1.21472;1.21469;3;T;True;1
1621259517000;14197744;1.21466;1.21472;1.21469;0;T;True;1
1621259518000;14197745;1.21466;1.21472;1.21469;0;T;True;1
1621259519000;14197746;1.21466;1.21472;1.21469;0;T;True;1
1621259520000;14197747;1.21466;1.21472;1.21469;0;T;True;1
1621259521000;14197754;1.21462;1.21468;1.21465;6;T;True;1
1621259522000;14197761;1.2146;1.21466;1.21463;6;T;True;1
1621259523000;14197765;1.21462;1.21468;1.21465;3;T;True;1
1621259524000;14197766;1.21462;1.21468;1.21465;0;T;True;1
1621259525000;14197771;1.2146;1.21466;1.21463;4;T;True;1
1621259526000;14197773;1.2146;1.21466;1.21463;1;T;True;1
1621259527000;14197778;1.2146;1.21466;1.21463;4;T;True;1
1621259528000;14197785;1.21456;1.21462;1.21459;6;T;True;1
1621259529000;14197786;1.21456;1.21462;1.21459;0;T;True;1
1621259530000;14197788;1.21456;1.21462;1.21459;1;T;True;1
1621259531000;14197790;1.21455;1.21461;1.21458;1;T;True;1
1621259532000;14197791;1.21455;1.21461;1.21458;0;T;True;1
1621259533000;14197792;1.21455;1.21461;1.21458;0;T;True;1
1621259534000;14197794;1.21454;1.2146;1.21457;1;T;True;1
1621259535000;14197803;1.21456;1.21462;1.21459;8;T;True;1
1621259536000;14197806;1.21455;1.21461;1.21458;2;T;True;1
1621259537000;14197808;1.21454;1.2146;1.21457;1;T;True;1
1621259538000;14197809;1.21454;1.2146;1.21457;0;T;True;1
1621259539000;14197813;1.21454;1.2146;1.21457;3;T;True;1
1621259540000;14197814;1.21454;1.2146;1.21457;0;T;True;1
1621259541000;14197816;1.21454;1.2146;1.21457;1;T;True;1
1621259542000;14197823;1.2145;1.21456;1.21453;6;T;True;1
1621259543000;14197824;1.2145;1.21456;1.21453;0;T;True;1
1621259544000;14197825;1.2145;1.21456;1.21453;0;T;True;1
1621259545000;14197827;1.2145;1.21456;1.21453;1;T;True;1
1621259546000;14197829;1.2145;1.21456;1.21453;1;T;True;1
1621259547000;14197831;1.2145;1.21456;1.21453;1;T;True;1
1621259548000;14197837;1.21447;1.21453;1.2145;5;T;True;1
1621259549000;14197840;1.21448;1.21454;1.21451;2;T;True;1
1621259550000;14197842;1.21448;1.21454;1.21451;1;T;True;1
1621259551000;14197843;1.21448;1.21454;1.21451;0;T;True;1
1621259552000;14197846;1.21446;1.21452;1.21449;2;T;True;1
1621259553000;14197849;1.21448;1.21454;1.21451;2;T;True;1
1621259554000;14197852;1.21448;1.21454;1.21451;2;T;True;1
1621259555000;14197853;1.21448;1.21454;1.21451;0;T;True;1
1621259556000;14197858;1.21449;1.21455;1.21452;4;T;True;1
1621259557000;14197859;1.21449;1.21455;1.21452;0;T;True;1
1621259558000;14197860;1.21449;1.21455;1.21452;0;T;True;1
1621259559000;14197861;1.21449;1.21455;1.21452;0;T;True;1
1621259560000;14197862;1.21449;1.21455;1.21452;0;T;True;1
1621259561000;14197865;1.21446;1.21452;1.21449;2;T;True;1
1621259562000;14197866;1.21446;1.21452;1.21449;0;T;True;1
1621259563000;14197870;1.21446;1.21452;1.21449;3;T;True;1
1621259564000;14197873;1.21446;1.21452;1.21449;2;T;True;1
1621259565000;14197878;1.21446;1.21452;1.21449;4;T;True;1
1621259566000;14197880;1.21446;1.21452;1.21449;1;T;True;1
1621259567000;14197884;1.21448;1.21454;1.21451;3;T;True;1
1621259568000;14197894;1.21441;1.21447;1.21444;9;T;True;1
1621259569000;14197896;1.21441;1.21447;1.21444;1;T;True;1
1621259570000;14197899;1.21442;1.21448;1.21445;2;T;True;1
1621259571000;14197904;1.21441;1.21447;1.21444;4;T;True;1
1621259572000;14197905;1.21441;1.21447;1.21444;0;T;True;1
1621259573000;14197909;1.2144;1.21446;1.21443;3;T;True;1
1621259574000;14197911;1.2144;1.21446;1.21443;1;T;True;1
1621259575000;14197912;1.2144;1.21446;1.21443;0;T;True;1
1621259576000;14197919;1.21443;1.21449;1.21446;6;T;True;1
1621259577000;14197921;1.21444;1.2145;1.21447;1;T;True;1
1621259578000;14197923;1.21443;1.21449;1.21446;1;T;True;1
1621259579000;14197929;1.21444;1.2145;1.21447;5;T;True;1
1621259580000;14197933;1.21444;1.2145;1.21447;3;T;True;1
1621259581000;14197934;1.21444;1.2145;1.21447;0;T;True;1
1621259582000;14197944;1.21443;1.21449;1.21446;9;T;True;1
1621259583000;14197946;1.21443;1.21449;1.21446;1;T;True;1
1621259584000;14197951;1.21441;1.21447;1.21444;4;T;True;1
1621259585000;14197955;1.21442;1.21448;1.21445;3;T;True;1
1621259586000;14197956;1.21442;1.21448;1.21445;0;T;True;1
1621259587000;14197957;1.21442;1.21448;1.21445;0;T;True;1
1621259588000;14197964;1.21444;1.2145;1.21447;6;T;True;1
1621259589000;14197965;1.21444;1.2145;1.21447;0;T;True;1
1621259590000;14197966;1.21444;1.2145;1.21447;0;T;True;1
1621259591000;14197972;1.21442;1.21448;1.21445;5;T;True;1
1621259592000;14197973;1.21442;1.21448;1.21445;0;T;True;1
1621259593000;14197979;1.21442;1.21448;1.21445;5;T;True;1
1621259594000;14197982;1.21443;1.21449;1.21446;2;T;True;1
1621259595000;14197987;1.21444;1.2145;1.21447;4;T;True;1
1621259596000;14197988;1.21444;1.2145;1.21447;0;T;True;1
1621259597000;14197989;1.21444;1.2145;1.21447;0;T;True;1
1621259598000;14197990;1.21444;1.2145;1.21447;0;T;True;1
1621259599000;14197991;1.21444;1.2145;1.21447;0;T;True;1
1621259600000;14197992;1.21444;1.2145;1.21447;0;T;True;1
1621259601000;14197993;1.21444;1.2145;1.21447;0;T;True;1
1621259602000;14197997;1.21441;1.21447;1.21444;3;T;True;1
1621259603000;14197998;1.21441;1.21447;1.21444;0;T;True;1
1621259604000;14197999;1.21441;1.21447;1.21444;0;T;True;1
1621259605000;14198003;1.2144;1.21446;1.21443;3;T;True;1
1621259606000;14198004;1.2144;1.21446;1.21443;0;T;True;1
1621259607000;14198008;1.21439;1.21445;1.21442;3;T;True;1
1621259608000;14198019;1.2144;1.21446;1.21443;10;T;True;1
1621259609000;14198020;1.2144;1.21446;1.21443;0;T;True;1
1621259610000;14198021;1.2144;1.21446;1.21443;0;T;True;1
1621259611000;14198022;1.2144;1.21446;1.21443;0;T;True;1
1621259612000;14198023;1.2144;1.21446;1.21443;0;T;True;1
1621259613000;14198024;1.2144;1.21446;1.21443;0;T;True;1
1621259614000;14198025;1.2144;1.21446;1.21443;0;T;True;1
1621259615000;14198027;1.2144;1.21446;1.21443;1;T;True;1
1621259616000;14198028;1.2144;1.21446;1.21443;0;T;True;1
1621259617000;14198029;1.2144;1.21446;1.21443;0;T;True;1
1621259618000;14198030;1.2144;1.21446;1.21443;0;T;True;1
1621259619000;14198031;1.2144;1.21446;1.21443;0;T;True;1
1621259620000;14198032;1.2144;1.21446;1.21443;0;T;True;1
1621259621000;14198039;1.2143;1.21436;1.21433;6;T;True;1
1621259622000;14198048;1.21434;1.2144;1.21437;8;T;True;1
1621259623000;14198056;1.21436;1.21442;1.21439;7;T;True;1
1621259624000;14198058;1.21436;1.21442;1.21439;1;T;True;1
1621259625000;14198068;1.21435;1.21441;1.21438;9;T;True;1
1621259626000;14198071;1.21435;1.21441;1.21438;2;T;True;1
1621259627000;14198072;1.21435;1.21441;1.21438;0;T;True;1
1621259628000;14198073;1.21435;1.21441;1.21438;0;T;True;1
1621259629000;14198080;1.2143;1.21436;1.21433;6;T;True;1
1621259630000;14198087;1.2143;1.21436;1.21433;6;T;True;1
1621259631000;14198090;1.2143;1.21436;1.21433;2;T;True;1
1621259632000;14198092;1.2143;1.21436;1.21433;1;T;True;1
1621259633000;14198097;1.21432;1.21438;1.21435;4;T;True;1
1621259634000;14198102;1.21434;1.2144;1.21437;4;T;True;1
1621259635000;14198106;1.21434;1.2144;1.21437;3;T;True;1
1621259636000;14198108;1.21435;1.21441;1.21438;1;T;True;1
1621259637000;14198111;1.21435;1.21441;1.21438;2;T;True;1
1621259638000;14198114;1.21434;1.2144;1.21437;2;T;True;1
1621259639000;14198124;1.21434;1.2144;1.21437;9;T;True;1
1621259640000;14198129;1.21438;1.21444;1.21441;4;T;True;1
1621259641000;14198130;1.21438;1.21444;1.21441;0;T;True;1
1621259642000;14198140;1.21438;1.21444;1.21441;9;T;True;1
1621259643000;14198145;1.21439;1.21445;1.21442;4;T;True;1
1621259644000;14198149;1.21439;1.21445;1.21442;3;T;True;1
1621259645000;14198159;1.21443;1.21449;1.21446;9;T;True;1
1621259646000;14198163;1.21444;1.2145;1.21447;3;T;True;1
1621259647000;14198166;1.21444;1.2145;1.21447;2;T;True;1
1621259648000;14198168;1.21444;1.2145;1.21447;1;T;True;1
1621259649000;14198172;1.21442;1.21448;1.21445;3;T;True;1
1621259650000;14198178;1.2144;1.21446;1.21443;5;T;True;1
1621259651000;14198183;1.2144;1.21446;1.21443;4;T;True;1
1621259652000;14198194;1.21435;1.21441;1.21438;10;T;True;1
1621259653000;14198197;1.21435;1.21441;1.21438;2;T;True;1
1621259654000;14198204;1.21438;1.21444;1.21441;6;T;True;1
1621259655000;14198213;1.21438;1.21444;1.21441;8;T;True;1
1621259656000;14198215;1.21436;1.21442;1.21439;1;T;True;1
1621259657000;14198227;1.2144;1.21446;1.21443;11;T;True;1
1621259658000;14198229;1.2144;1.21446;1.21443;1;T;True;1
1621259659000;14198234;1.21436;1.21442;1.21439;4;T;True;1
1621259660000;14198245;1.21437;1.21443;1.2144;10;T;True;1
1621259661000;14198254;1.21432;1.21438;1.21435;8;T;True;1
1621259662000;14198260;1.2143;1.21436;1.21433;5;T;True;1
1621259663000;14198263;1.2143;1.21436;1.21433;2;T;True;1
1621259664000;14198271;1.2143;1.21436;1.21433;7;T;True;1
1621259665000;14198275;1.21432;1.21438;1.21435;3;T;True;1
1621259666000;14198282;1.2143;1.21436;1.21433;6;T;True;1
1621259667000;14198286;1.2143;1.21436;1.21433;3;T;True;1
1621259668000;14198290;1.2143;1.21436;1.21433;3;T;True;1
1621259669000;14198291;1.2143;1.21436;1.21433;0;T;True;1
1621259670000;14198298;1.2143;1.21436;1.21433;6;T;True;1
1621259671000;14198303;1.21431;1.21437;1.21434;4;T;True;1
1621259672000;14198314;1.21432;1.21438;1.21435;10;T;True;1
1621259673000;14198321;1.21434;1.2144;1.21437;6;T;True;1
1621259674000;14198326;1.21434;1.2144;1.21437;4;T;True;1
1621259675000;14198329;1.2143;1.21436;1.21433;2;T;True;1
1621259676000;14198332;1.2143;1.21436;1.21433;2;T;True;1
1621259677000;14198333;1.2143;1.21436;1.21433;0;T;True;1
1621259678000;14198337;1.21429;1.21435;1.21432;3;T;True;1
1621259679000;14198340;1.2143;1.21436;1.21433;2;T;True;1
1621259680000;14198345;1.2143;1.21436;1.21433;4;T;True;1
1621259681000;14198346;1.2143;1.21436;1.21433;0;T;True;1
1621259682000;14198348;1.2143;1.21436;1.21433;1;T;True;1
1621259683000;14198349;1.2143;1.21436;1.21433;0;T;True;1
1621259684000;14198352;1.2143;1.21436;1.21433;2;T;True;1
1621259685000;14198355;1.2143;1.21436;1.21433;2;T;True;1
1621259686000;14198357;1.21429;1.21435;1.21432;1;T;True;1
1621259687000;14198360;1.21426;1.21432;1.21429;2;T;True;1
1621259688000;14198364;1.21426;1.21432;1.21429;3;T;True;1
1621259689000;14198366;1.21426;1.21432;1.21429;1;T;True;1
1621259690000;14198370;1.21426;1.21432;1.21429;3;T;True;1
1621259691000;14198376;1.21424;1.2143;1.21427;5;T;True;1
1621259692000;14198378;1.21424;1.2143;1.21427;1;T;True;1
1621259693000;14198384;1.21419;1.21425;1.21422;5;T;True;1
1621259694000;14198385;1.21419;1.21425;1.21422;0;T;True;1
1621259695000;14198388;1.21419;1.21425;1.21422;2;T;True;1
1621259696000;14198391;1.21417;1.21423;1.2142;2;T;True;1
1621259697000;14198400;1.21418;1.21424;1.21421;8;T;True;1
1621259698000;14198403;1.21418;1.21424;1.21421;2;T;True;1
1621259699000;14198406;1.21418;1.21424;1.21421;2;T;True;1
1621259700000;14198407;1.21418;1.21424;1.21421;0;T;True;1
1621259701000;14198413;1.21418;1.21424;1.21421;5;T;True;1
1621259702000;14198418;1.21418;1.21424;1.21421;4;T;True;1
1621259703000;14198428;1.21418;1.21424;1.21421;9;T;True;1
1621259704000;14198431;1.21418;1.21424;1.21421;2;T;True;1
1621259705000;14198434;1.21418;1.21424;1.21421;2;T;True;1
1621259706000;14198439;1.2142;1.21426;1.21423;4;T;True;1
1621259707000;14198440;1.2142;1.21426;1.21423;0;T;True;1
1621259708000;14198441;1.2142;1.21426;1.21423;0;T;True;1
1621259709000;14198442;1.2142;1.21426;1.21423;0;T;True;1
1621259710000;14198443;1.2142;1.21426;1.21423;0;T;True;1
1621259711000;14198452;1.2141;1.21416;1.21413;8;T;True;1
1621259712000;14198459;1.21412;1.21418;1.21415;6;T;True;1
1621259713000;14198467;1.21409;1.21415;1.21412;7;T;True;1
1621259714000;14198480;1.21412;1.21418;1.21415;12;T;True;1
1621259715000;14198485;1.2141;1.21416;1.21413;4;T;True;1
1621259716000;14198488;1.2141;1.21416;1.21413;2;T;True;1
1621259717000;14198489;1.2141;1.21416;1.21413;0;T;True;1
1621259718000;14198490;1.2141;1.21416;1.21413;0;T;True;1
1621259719000;14198493;1.21409;1.21415;1.21412;2;T;True;1
1621259720000;14198496;1.2141;1.21416;1.21413;2;T;True;1
1621259721000;14198502;1.21412;1.21418;1.21415;5;T;True;1
1621259722000;14198507;1.2141;1.21416;1.21413;4;T;True;1
1621259723000;14198508;1.2141;1.21416;1.21413;0;T;True;1
1621259724000;14198512;1.21411;1.21417;1.21414;3;T;True;1
1621259725000;14198518;1.2141;1.21416;1.21413;5;T;True;1
1621259726000;14198522;1.2141;1.21416;1.21413;3;T;True;1
1621259727000;14198527;1.21409;1.21415;1.21412;4;T;True;1
1621259728000;14198529;1.2141;1.21416;1.21413;1;T;True;1
1621259729000;14198530;1.2141;1.21416;1.21413;0;T;True;1
1621259730000;14198532;1.2141;1.21416;1.21413;1;T;True;1
1621259731000;14198534;1.21409;1.21415;1.21412;1;T;True;1
1621259732000;14198537;1.21412;1.21418;1.21415;2;T;True;1
1621259733000;14198545;1.21414;1.2142;1.21417;7;T;True;1
1621259734000;14198546;1.21414;1.2142;1.21417;0;T;True;1
1621259735000;14198549;1.21416;1.21422;1.21419;2;T;True;1
1621259736000;14198559;1.21424;1.2143;1.21427;9;T;True;1
1621259737000;14198560;1.21424;1.2143;1.21427;0;T;True;1
1621259738000;14198564;1.21424;1.2143;1.21427;3;T;True;1
1621259739000;14198565;1.21424;1.2143;1.21427;0;T;True;1
1621259740000;14198566;1.21424;1.2143;1.21427;0;T;True;1
1621259741000;14198569;1.21425;1.21431;1.21428;2;T;True;1
1621259742000;14198577;1.21426;1.21432;1.21429;7;T;True;1
1621259743000;14198579;1.21428;1.21434;1.21431;1;T;True;1
1621259744000;14198584;1.2143;1.21436;1.21433;4;T;True;1
1621259745000;14198587;1.21432;1.21438;1.21435;2;T;True;1
1621259746000;14198591;1.21435;1.21441;1.21438;3;T;True;1
1621259747000;14198592;1.21435;1.21441;1.21438;0;T;True;1
1621259748000;14198598;1.2144;1.21446;1.21443;5;T;True;1
1621259749000;14198600;1.2144;1.21446;1.21443;1;T;True;1
1621259750000;14198604;1.21442;1.21448;1.21445;3;T;True;1
1621259751000;14198610;1.21444;1.2145;1.21447;5;T;True;1
1621259752000;14198613;1.21445;1.21451;1.21448;2;T;True;1
1621259753000;14198621;1.21441;1.21447;1.21444;7;T;True;1
1621259754000;14198625;1.21441;1.21447;1.21444;3;T;True;1
1621259755000;14198631;1.21444;1.2145;1.21447;5;T;True;1
1621259756000;14198635;1.21444;1.2145;1.21447;3;T;True;1
1621259757000;14198636;1.21444;1.2145;1.21447;0;T;True;1
1621259758000;14198639;1.21444;1.2145;1.21447;2;T;True;1
1621259759000;14198640;1.21444;1.2145;1.21447;0;T;True;1
1621259760000;14198644;1.21446;1.21452;1.21449;3;T;True;1
1621259761000;14198652;1.21449;1.21455;1.21452;7;T;True;1
1621259762000;14198654;1.21448;1.21454;1.21451;1;T;True;1
1621259763000;14198666;1.21454;1.2146;1.21457;11;T;True;1
1621259764000;14198673;1.21446;1.21452;1.21449;6;T;True;1
1621259765000;14198675;1.21447;1.21453;1.2145;1;T;True;1
1621259766000;14198685;1.21444;1.2145;1.21447;9;T;True;1
1621259767000;14198690;1.21444;1.2145;1.21447;4;T;True;1
1621259768000;14198696;1.21449;1.21455;1.21452;5;T;True;1
1621259769000;14198706;1.21449;1.21455;1.21452;9;T;True;1
1621259770000;14198711;1.21449;1.21455;1.21452;4;T;True;1
1621259771000;14198715;1.2145;1.21456;1.21453;3;T;True;1
1621259772000;14198721;1.2145;1.21456;1.21453;5;T;True;1
1621259773000;14198722;1.2145;1.21456;1.21453;0;T;True;1
1621259774000;14198725;1.2145;1.21456;1.21453;2;T;True;1
1621259775000;14198732;1.21448;1.21454;1.21451;6;T;True;1
1621259776000;14198733;1.21448;1.21454;1.21451;0;T;True;1
1621259777000;14198737;1.2145;1.21456;1.21453;3;T;True;1
1621259778000;14198739;1.21451;1.21457;1.21454;1;T;True;1
1621259779000;14198740;1.21451;1.21457;1.21454;0;T;True;1
1621259780000;14198745;1.21444;1.2145;1.21447;4;T;True;1
1621259781000;14198752;1.2145;1.21456;1.21453;6;T;True;1
1621259782000;14198753;1.2145;1.21456;1.21453;0;T;True;1
1621259783000;14198756;1.2145;1.21456;1.21453;2;T;True;1
1621259784000;14198761;1.21451;1.21457;1.21454;4;T;True;1
1621259785000;14198762;1.21451;1.21457;1.21454;0;T;True;1
1621259786000;14198765;1.21452;1.21458;1.21455;2;T;True;1
1621259787000;14198769;1.2145;1.21456;1.21453;3;T;True;1
1621259788000;14198773;1.21451;1.21457;1.21454;3;T;True;1
1621259789000;14198774;1.21451;1.21457;1.21454;0;T;True;1
1621259790000;14198775;1.21451;1.21457;1.21454;0;T;True;1
1621259791000;14198776;1.21451;1.21457;1.21454;0;T;True;1
1621259792000;14198778;1.21452;1.21458;1.21455;1;T;True;1
1621259793000;14198779;1.21452;1.21458;1.21455;0;T;True;1
1621259794000;14198784;1.21447;1.21453;1.2145;4;T;True;1
1621259795000;14198787;1.21446;1.21452;1.21449;2;T;True;1
1621259796000;14198791;1.21448;1.21454;1.21451;3;T;True;1
