ts;n;bid;ask;value;volume;phase;round;active_id
1621245462000;14157895;1.21562;1.21568;1.21565;2;T;True;1
1621245463000;14157896;1.21562;1.21568;1.21565;0;T;True;1
1621245464000;14157897;1.21562;1.21568;1.21565;0;T;True;1
1621245465000;14157898;1.21562;1.21568;1.21565;0;T;True;1
1621245466000;14157900;1.21561;1.21567;1.21564;1;T;True;1
1621245467000;14157909;1.21558;1.21564;1.21561;8;T;True;1
1621245468000;14157912;1.21558;1.21564;1.21561;2;T;True;1
1621245469000;14157913;1.21558;1.21564;1.21561;0;T;True;1
1621245470000;14157915;1.21558;1.21564;1.21561;1;T;True;1
1621245471000;14157922;1.21562;1.21568;1.21565;6;T;True;1
1621245472000;14157924;1.21562;1.21568;1.21565;1;T;True;1
1621245473000;14157927;1.2156;1.21566;1.21563;2;T;True;1
1621245474000;14157928;1.2156;1.21566;1.21563;0;T;True;1
1621245475000;14157930;1.2156;1.21566;1.21563;1;T;True;1
1621245476000;14157931;1.2156;1.21566;1.21563;0;T;True;1
1621245477000;14157932;1.2156;1.21566;1.21563;0;T;True;1
1621245478000;14157933;1.2156;1.21566;1.21563;0;T;True;1
1621245479000;14157934;1.2156;1.21566;1.21563;0;T;True;1
1621245480000;14157935;1.2156;1.21566;1.21563;0;T;True;1
1621245481000;14157936;1.2156;1.21566;1.21563;0;T;True;1
1621245482000;14157942;1.21556;1.21562;1.21559;5;T;True;1
1621245483000;14157947;1.21558;1.21564;1.21561;4;T;True;1
1621245484000;14157952;1.21561;1.21567;1.21564;4;T;True;1
1621245485000;14157953;1.21561;1.21567;1.21564;0;T;True;1
1621245486000;14157957;1.2156;1.21566;1.21563;3;T;True;1
1621245487000;14157959;1.2156;1.21566;1.21563;1;T;True;1
1621245488000;14157960;1.2156;1.21566;1.21563;0;T;True;1
1621245489000;14157968;1.21562;1.21568;1.21565;7;T;True;1
1621245490000;14157969;1.21562;1.21568;1.21565;0;T;True;1
1621245491000;14157971;1.21561;1.21567;1.21564;1;T;True;1
1621245492000;14157972;1.21561;1.21567;1.21564;0;T;True;1
1621245493000;14157974;1.2156;1.21566;1.21563;1;T;True;1
1621245494000;14157975;1.2156;1.21566;1.21563;0;T;True;1
1621245495000;14157983;1.21557;1.21563;1.2156;7;T;True;1
1621245496000;14157989;1.21556;1.21562;1.21559;5;T;True;1
1621245497000;14157996;1.21554;1.2156;1.21557;6;T;True;1
1621245498000;14158004;1.21556;1.21562;1.21559;7;T;True;1
1621245499000;14158008;1.21556;1.21562;1.21559;3;T;True;1
1621245500000;14158009;1.21556;1.21562;1.21559;0;T;True;1
1621245501000;14158012;1.21555;1.21561;1.21558;2;T;True;1
1621245502000;14158013;1.21555;1.21561;1.21558;0;T;True;1
1621245503000;14158016;1.21555;1.21561;1.21558;2;T;True;1
1621245504000;14158019;1.21555;1.21561;1.21558;2;T;True;1
1621245505000;14158020;1.21555;1.21561;1.21558;0;T;True;1
1621245506000;14158021;1.21555;1.21561;1.21558;0;T;True;1
1621245507000;14158022;1.21555;1.21561;1.21558;0;T;True;1
1621245508000;14158024;1.21555;1.21561;1.21558;1;T;True;1
1621245509000;14158026;1.21556;1.21562;1.21559;1;T;True;1
1621245510000;14158027;1.21556;1.21562;1.21559;0;T;True;1
1621245511000;14158028;1.21556;1.21562;1.21559;0;T;True;1
1621245512000;14158029;1.21556;1.21562;1.21559;0;T;True;1
1621245513000;14158030;1.21556;1.21562;1.21559;0;T;True;1
1621245514000;14158031;1.21556;1.21562;1.21559;0;T;True;1
1621245515000;14158032;1.21556;1.21562;1.21559;0;T;True;1
1621245516000;14158033;1.21556;1.21562;1.21559;0;T;True;1
1621245517000;14158034;1.21556;1.21562;1.21559;0;T;True;1
1621245518000;14158035;1.21556;1.21562;1.21559;0;T;True;1
1621245519000;14158036;1.21556;1.21562;1.21559;0;T;True;1
1621245520000;14158037;1.21556;1.21562;1.21559;0;T;True;1
1621245521000;14158038;1.21556;1.21562;1.21559;0;T;True;1
1621245522000;14158039;1.21556;1.21562;1.21559;0;T;True;1
1621245523000;14158040;1.21556;1.21562;1.21559;0;T;True;1
1621245524000;14158041;1.21556;1.21562;1.21559;0;T;True;1
1621245525000;14158043;1.21556;1.21562;1.21559;1;T;True;1
1621245526000;14158044;1.21556;1.21562;1.21559;0;T;True;1
1621245527000;14158048;1.21554;1.2156;1.21557;3;T;True;1
1621245528000;14158049;1.21554;1.2156;1.21557;0;T;True;1
1621245529000;14158050;1.21554;1.2156;1.21557;0;T;True;1
1621245530000;14158053;1.21554;1.2156;1.21557;2;T;True;1
1621245531000;14158054;1.21554;1.2156;1.21557;0;T;True;1
1621245532000;14158056;1.21554;1.2156;1.21557;1;T;True;1
1621245533000;14158057;1.21554;1.2156;1.21557;0;T;True;1
1621245534000;14158058;1.21554;1.2156;1.21557;0;T;True;1
1621245535000;14158060;1.21554;1.2156;1.21557;1;T;True;1
1621245536000;14158061;1.21554;1.2156;1.21557;0;T;True;1
1621245537000;14158063;1.21554;1.2156;1.21557;1;T;True;1
1621245538000;14158064;1.21554;1.2156;1.21557;0;T;True;1
1621245539000;14158066;1.21554;1.2156;1.21557;1;T;True;1
1621245540000;14158067;1.21554;1.2156;1.21557;0;T;True;1
1621245541000;14158070;1.21554;1.2156;1.21557;2;T;True;1
1621245542000;14158071;1.21554;1.2156;1.21557;0;T;True;1
1621245543000;14158072;1.21554;1.2156;1.21557;0;T;True;1
1621245544000;14158073;1.21554;1.2156;1.21557;0;T;True;1
1621245545000;14158074;1.21554;1.2156;1.21557;0;T;True;1
1621245546000;14158079;1.21554;1.2156;1.21557;4;T;True;1
1621245547000;14158081;1.21555;1.21561;1.21558;1;T;True;1
1621245548000;14158086;1.21558;1.21564;1.21561;4;T;True;1
1621245549000;14158087;1.21558;1.21564;1.21561;0;T;True;1
1621245550000;14158088;1.21558;1.21564;1.21561;0;T;True;1
1621245551000;14158093;1.21559;1.21565;1.21562;4;T;True;1
1621245552000;14158099;1.21558;1.21564;1.21561;5;T;True;1
1621245553000;14158103;1.21556;1.21562;1.21559;3;T;True;1
1621245554000;14158104;1.21556;1.21562;1.21559;0;T;True;1
1621245555000;14158105;1.21556;1.21562;1.21559;0;T;True;1
1621245556000;14158109;1.21554;1.2156;1.21557;3;T;True;1
1621245557000;14158117;1.2155;1.21556;1.21553;7;T;True;1
1621245558000;14158123;1.21551;1.21557;1.21554;5;T;True;1
1621245559000;14158129;1.21552;1.21558;1.21555;5;T;True;1
1621245560000;14158130;1.21552;1.21558;1.21555;0;T;True;1
1621245561000;14158131;1.21552;1.21558;1.21555;0;T;True;1
1621245562000;14158132;1.21552;1.21558;1.21555;0;T;True;1
1621245563000;14158133;1.21552;1.21558;1.21555;0;T;True;1
1621245564000;14158134;1.21552;1.21558;1.21555;0;T;True;1
1621245565000;14158135;1.21552;1.21558;1.21555;0;T;True;1
1621245566000;14158136;1.21552;1.21558;1.21555;0;T;True;1
1621245567000;14158139;1.21551;1.21557;1.21554;2;T;True;1
1621245568000;14158141;1.21551;1.21557;1.21554;1;T;True;1
1621245569000;14158142;1.21551;1.21557;1.21554;0;T;True;1
1621245570000;14158143;1.21551;1.21557;1.21554;0;T;True;1
1621245571000;14158148;1.2155;1.21556;1.21553;4;T;True;1
1621245572000;14158151;1.2155;1.21556;1.21553;2;T;True;1
1621245573000;14158155;1.2155;1.21556;1.21553;3;T;True;1
1621245574000;14158157;1.2155;1.21556;1.21553;1;T;True;1
1621245575000;14158160;1.21552;1.21558;1.21555;2;T;True;1
1621245576000;14158161;1.21552;1.21558;1.21555;0;T;True;1
1621245577000;14158162;1.21552;1.21558;1.21555;0;T;True;1
1621245578000;14158163;1.21552;1.21558;1.21555;0;T;True;1
1621245579000;14158164;1.21552;1.21558;1.21555;0;T;True;1
1621245580000;14158165;1.21552;1.21558;1.21555;0;T;True;1
1621245581000;14158166;1.21552;1.21558;1.21555;0;T;True;1
1621245582000;14158173;1.21554;1.2156;1.21557;6;T;True;1
1621245583000;14158180;1.21556;1.21562;1.21559;6;T;True;1
1621245584000;14158181;1.21556;1.21562;1.21559;0;T;True;1
1621245585000;14158187;1.2155;1.21556;1.21553;5;T;True;1
1621245586000;14158192;1.2155;1.21556;1.21553;4;T;True;1
1621245587000;14158193;1.2155;1.21556;1.21553;0;T;True;1
1621245588000;14158195;1.2155;1.21556;1.21553;1;T;True;1
1621245589000;14158196;1.2155;1.21556;1.21553;0;T;True;1
1621245590000;14158197;1.2155;1.21556;1.21553;0;T;True;1
1621245591000;14158198;1.2155;1.21556;1.21553;0;T;True;1
1621245592000;14158200;1.21549;1.21555;1.21552;1;T;True;1
1621245593000;14158202;1.21549;1.21555;1.21552;1;T;True;1
1621245594000;14158203;1.21549;1.21555;1.21552;0;T;True;1
1621245595000;14158204;1.21549;1.21555;1.21552;0;T;True;1
1621245596000;14158205;1.21549;1.21555;1.21552;0;T;True;1
1621245597000;14158206;1.21549;1.21555;1.21552;0;T;True;1
1621245598000;14158207;1.21549;1.21555;1.21552;0;T;True;1
1621245599000;14158216;1.21552;1.21558;1.21555;8;T;True;1
1621245600000;14158218;1.21552;1.21558;1.21555;1;T;True;1
1621245601000;14158223;1.21552;1.21558;1.21555;4;T;True;1
1621245602000;14158224;1.21552;1.21558;1.21555;0;T;True;1
1621245603000;14158229;1.21552;1.21558;1.21555;4;T;True;1
1621245604000;14158233;1.21552;1.21558;1.21555;3;T;True;1
1621245605000;14158238;1.2155;1.21556;1.21553;4;T;True;1
1621245606000;14158243;1.21552;1.21558;1.21555;4;T;True;1
1621245607000;14158247;1.21554;1.2156;1.21557;3;T;True;1
1621245608000;14158248;1.21554;1.2156;1.21557;0;T;True;1
1621245609000;14158249;1.21554;1.2156;1.21557;0;T;True;1
1621245610000;14158250;1.21554;1.2156;1.21557;0;T;True;1
1621245611000;14158251;1.21554;1.2156;1.21557;0;T;True;1
1621245612000;14158253;1.21555;1.21561;1.21558;1;T;True;1
1621245613000;14158257;1.21555;1.21561;1.21558;3;T;True;1
1621245614000;14158258;1.21555;1.21561;1.21558;0;T;True;1
1621245615000;14158260;1.21555;1.21561;1.21558;1;T;True;1
1621245616000;14158263;1.21552;1.21558;1.21555;2;T;True;1
1621245617000;14158266;1.2155;1.21556;1.21553;2;T;True;1
1621245618000;14158269;1.21554;1.2156;1.21557;2;T;True;1
1621245619000;14158270;1.21554;1.2156;1.21557;0;T;True;1
1621245620000;14158271;1.21554;1.2156;1.21557;0;T;True;1
1621245621000;14158272;1.21554;1.2156;1.21557;0;T;True;1
1621245622000;14158273;1.21554;1.2156;1.21557;0;T;True;1
1621245623000;14158274;1.21554;1.2156;1.21557;0;T;True;1
1621245624000;14158283;1.21563;1.21569;1.21566;8;T;True;1
1621245625000;14158284;1.21563;1.21569;1.21566;0;T;True;1
1621245626000;14158286;1.21563;1.21569;1.21566;1;T;True;1
1621245627000;14158287;1.21563;1.21569;1.21566;0;T;True;1
1621245628000;14158289;1.21564;1.2157;1.21567;1;T;True;1
1621245629000;14158290;1.21564;1.2157;1.21567;0;T;True;1
1621245630000;14158291;1.21564;1.2157;1.21567;0;T;True;1
1621245631000;14158292;1.21564;1.2157;1.21567;0;T;True;1
1621245632000;14158295;1.21564;1.2157;1.21567;2;T;True;1
1621245633000;14158296;1.21564;1.2157;1.21567;0;T;True;1
1621245634000;14158297;1.21564;1.2157;1.21567;0;T;True;1
1621245635000;14158300;1.21563;1.21569;1.21566;2;T;True;1
1621245636000;14158301;1.21563;1.21569;1.21566;0;T;True;1
1621245637000;14158302;1.21563;1.21569;1.21566;0;T;True;1
1621245638000;14158303;1.21563;1.21569;1.21566;0;T;True;1
1621245639000;14158304;1.21563;1.21569;1.21566;0;T;True;1
1621245640000;14158305;1.21563;1.21569;1.21566;0;T;True;1
1621245641000;14158309;1.21568;1.21574;1.21571;3;T;True;1
1621245642000;14158310;1.21568;1.21574;1.21571;0;T;True;1
1621245643000;14158311;1.21568;1.21574;1.21571;0;T;True;1
1621245644000;14158312;1.21568;1.21574;1.21571;0;T;True;1
1621245645000;14158322;1.21556;1.21562;1.21559;9;T;True;1
1621245646000;14158323;1.21556;1.21562;1.21559;0;T;True;1
1621245647000;14158324;1.21556;1.21562;1.21559;0;T;True;1
1621245648000;14158325;1.21556;1.21562;1.21559;0;T;True;1
1621245649000;14158328;1.21556;1.21562;1.21559;2;T;True;1
1621245650000;14158329;1.21556;1.21562;1.21559;0;T;True;1
1621245651000;14158330;1.21556;1.21562;1.21559;0;T;True;1
1621245652000;14158334;1.21556;1.21562;1.21559;3;T;True;1
1621245653000;14158336;1.21556;1.21562;1.21559;1;T;True;1
1621245654000;14158337;1.21556;1.21562;1.21559;0;T;True;1
1621245655000;14158341;1.21559;1.21565;1.21562;3;T;True;1
1621245656000;14158343;1.2156;1.21566;1.21563;1;T;True;1
1621245657000;14158347;1.2156;1.21566;1.21563;3;T;True;1
1621245658000;14158351;1.2156;1.21566;1.21563;3;T;True;1
1621245659000;14158354;1.2156;1.21566;1.21563;2;T;True;1
1621245660000;14158356;1.21559;1.21565;1.21562;1;T;True;1
1621245661000;14158357;1.21559;1.21565;1.21562;0;T;True;1
1621245662000;14158358;1.21559;1.21565;1.21562;0;T;True;1
1621245663000;14158359;1.21559;1.21565;1.21562;0;T;True;1
1621245664000;14158361;1.21559;1.21565;1.21562;1;T;True;1
1621245665000;14158362;1.21559;1.21565;1.21562;0;T;True;1
1621245666000;14158364;1.2156;1.21566;1.21563;1;T;True;1
1621245667000;14158365;1.2156;1.21566;1.21563;0;T;True;1
1621245668000;14158366;1.2156;1.21566;1.21563;0;T;True;1
1621245669000;14158367;1.2156;1.21566;1.21563;0;T;True;1
1621245670000;14158368;1.2156;1.21566;1.21563;0;T;True;1
1621245671000;14158371;1.21558;1.21564;1.21561;2;T;True;1
1621245672000;14158372;1.21558;1.21564;1.21561;0;T;True;1
1621245673000;14158374;1.21558;1.21564;1.21561;1;T;True;1
1621245674000;14158375;1.21558;1.21564;1.21561;0;T;True;1
1621245675000;14158376;1.21558;1.21564;1.21561;0;T;True;1
1621245676000;14158378;1.21558;1.21564;1.21561;1;T;True;1
1621245677000;14158380;1.21558;1.21564;1.21561;1;T;True;1
1621245678000;14158381;1.21558;1.21564;1.21561;0;T;True;1
1621245679000;14158383;1.21558;1.21564;1.21561;1;T;True;1
1621245680000;14158385;1.21558;1.21564;1.21561;1;T;True;1
1621245681000;14158386;1.21558;1.21564;1.21561;0;T;True;1
1621245682000;14158387;1.21558;1.21564;1.21561;0;T;True;1
1621245683000;14158389;1.21558;1.21564;1.21561;1;T;True;1
1621245684000;14158393;1.2156;1.21566;1.21563;3;T;True;1
1621245685000;14158395;1.2156;1.21566;1.21563;1;T;True;1
1621245686000;14158396;1.2156;1.21566;1.21563;0;T;True;1
1621245687000;14158397;1.2156;1.21566;1.21563;0;T;True;1
1621245688000;14158405;1.21562;1.21568;1.21565;7;T;True;1
1621245689000;14158407;1.21562;1.21568;1.21565;1;T;True;1
1621245690000;14158408;1.21562;1.21568;1.21565;0;T;True;1
1621245691000;14158411;1.21562;1.21568;1.21565;2;T;True;1
1621245692000;14158412;1.21562;1.21568;1.21565;0;T;True;1
1621245693000;14158413;1.21562;1.21568;1.21565;0;T;True;1
1621245694000;14158414;1.21562;1.21568;1.21565;0;T;True;1
1621245695000;14158415;1.21562;1.21568;1.21565;0;T;True;1
1621245696000;14158416;1.21562;1.21568;1.21565;0;T;True;1
1621245697000;14158417;1.21562;1.21568;1.21565;0;T;True;1
1621245698000;14158418;1.21562;1.21568;1.21565;0;T;True;1
1621245699000;14158421;1.21563;1.21569;1.21566;2;T;True;1
1621245700000;14158422;1.21563;1.21569;1.21566;0;T;True;1
1621245701000;14158423;1.21563;1.21569;1.21566;0;T;True;1
1621245702000;14158426;1.21563;1.21569;1.21566;2;T;True;1
1621245703000;14158427;1.21563;1.21569;1.21566;0;T;True;1
1621245704000;14158428;1.21563;1.21569;1.21566;0;T;True;1
1621245705000;14158429;1.21563;1.21569;1.21566;0;T;True;1
1621245706000;14158433;1.21562;1.21568;1.21565;3;T;True;1
1621245707000;14158437;1.21564;1.2157;1.21567;3;T;True;1
1621245708000;14158439;1.21564;1.2157;1.21567;1;T;True;1
1621245709000;14158440;1.21564;1.2157;1.21567;0;T;True;1
1621245710000;14158441;1.21564;1.2157;1.21567;0;T;True;1
1621245711000;14158442;1.21564;1.2157;1.21567;0;T;True;1
1621245712000;14158444;1.21564;1.2157;1.21567;1;T;True;1
1621245713000;14158446;1.21566;1.21572;1.21569;1;T;True;1
1621245714000;14158448;1.21566;1.21572;1.21569;1;T;True;1
1621245715000;14158449;1.21566;1.21572;1.21569;0;T;True;1
1621245716000;14158450;1.21566;1.21572;1.21569;0;T;True;1
1621245717000;14158451;1.21566;1.21572;1.21569;0;T;True;1
1621245718000;14158452;1.21566;1.21572;1.21569;0;T;True;1
1621245719000;14158453;1.21566;1.21572;1.21569;0;T;True;1
1621245720000;14158455;1.21566;1.21572;1.21569;1;T;True;1
1621245721000;14158456;1.21566;1.21572;1.21569;0;T;True;1
1621245722000;14158457;1.21566;1.21572;1.21569;0;T;True;1
1621245723000;14158458;1.21566;1.21572;1.21569;0;T;True;1
1621245724000;14158459;1.21566;1.21572;1.21569;0;T;True;1
1621245725000;14158461;1.21566;1.21572;1.21569;1;T;True;1
1621245726000;14158462;1.21566;1.21572;1.21569;0;T;True;1
1621245727000;14158464;1.21566;1.21572;1.21569;1;T;True;1
1621245728000;14158465;1.21566;1.21572;1.21569;0;T;True;1
1621245729000;14158467;1.21567;1.21573;1.2157;1;T;True;1
1621245730000;14158469;1.21567;1.21573;1.2157;1;T;True;1
1621245731000;14158470;1.21567;1.21573;1.2157;0;T;True;1
1621245732000;14158471;1.21567;1.21573;1.2157;0;T;True;1
1621245733000;14158472;1.21567;1.21573;1.2157;0;T;True;1
1621245734000;14158474;1.21567;1.21573;1.2157;1;T;True;1
1621245735000;14158475;1.21567;1.21573;1.2157;0;T;True;1
1621245736000;14158476;1.21567;1.21573;1.2157;0;T;True;1
1621245737000;14158479;1.21566;1.21572;1.21569;2;T;True;1
1621245738000;14158481;1.21566;1.21572;1.21569;1;T;True;1
1621245739000;14158482;1.21566;1.21572;1.21569;0;T;True;1
1621245740000;14158483;1.21566;1.21572;1.21569;0;T;True;1
1621245741000;14158484;1.21566;1.21572;1.21569;0;T;True;1
1621245742000;14158485;1.21566;1.21572;1.21569;0;T;True;1
1621245743000;14158486;1.21566;1.21572;1.21569;0;T;True;1
1621245744000;14158488;1.21566;1.21572;1.21569;1;T;True;1
1621245745000;14158489;1.21566;1.21572;1.21569;0;T;True;1
1621245746000;14158490;1.21566;1.21572;1.21569;0;T;True;1
1621245747000;14158491;1.21566;1.21572;1.21569;0;T;True;1
1621245748000;14158492;1.21566;1.21572;1.21569;0;T;True;1
1621245749000;14158493;1.21566;1.21572;1.21569;0;T;True;1
1621245750000;14158494;1.21566;1.21572;1.21569;0;T;True;1
1621245751000;14158495;1.21566;1.21572;1.21569;0;T;True;1
1621245752000;14158501;1.21564;1.2157;1.21567;5;T;True;1
1621245753000;14158504;1.21562;1.21568;1.21565;2;T;True;1
1621245754000;14158507;1.21563;1.21569;1.21566;2;T;True;1
1621245755000;14158508;1.21563;1.21569;1.21566;0;T;True;1
1621245756000;14158509;1.21563;1.21569;1.21566;0;T;True;1
1621245757000;14158512;1.21562;1.21568;1.21565;2;T;True;1
1621245758000;14158513;1.21562;1.21568;1.21565;0;T;True;1
1621245759000;14158520;1.21566;1.21572;1.21569;6;T;True;1
1621245760000;14158521;1.21566;1.21572;1.21569;0;T;True;1
1621245761000;14158523;1.21566;1.21572;1.21569;1;T;True;1
1621245762000;14158524;1.21566;1.21572;1.21569;0;T;True;1
1621245763000;14158528;1.21565;1.21571;1.21568;3;T;True;1
1621245764000;14158533;1.21564;1.2157;1.21567;4;T;True;1
1621245765000;14158537;1.21564;1.2157;1.21567;3;T;True;1
1621245766000;14158538;1.21564;1.2157;1.21567;0;T;True;1
1621245767000;14158539;1.21564;1.2157;1.21567;0;T;True;1
1621245768000;14158540;1.21564;1.2157;1.21567;0;T;True;1
1621245769000;14158546;1.21568;1.21574;1.21571;5;T;True;1
1621245770000;14158552;1.2157;1.21576;1.21573;5;T;True;1
1621245771000;14158553;1.2157;1.21576;1.21573;0;T;True;1
1621245772000;14158554;1.2157;1.21576;1.21573;0;T;True;1
1621245773000;14158555;1.2157;1.21576;1.21573;0;T;True;1
1621245774000;14158556;1.2157;1.21576;1.21573;0;T;True;1
1621245775000;14158557;1.2157;1.21576;1.21573;0;T;True;1
1621245776000;14158559;1.2157;1.21576;1.21573;1;T;True;1
1621245777000;14158563;1.2157;1.21576;1.21573;3;T;True;1
1621245778000;14158565;1.2157;1.21576;1.21573;1;T;True;1
1621245779000;14158566;1.2157;1.21576;1.21573;0;T;True;1
1621245780000;14158567;1.2157;1.21576;1.21573;0;T;True;1
1621245781000;14158569;1.2157;1.21576;1.21573;1;T;True;1
1621245782000;14158573;1.21571;1.21577;1.21574;3;T;True;1
1621245783000;14158574;1.21571;1.21577;1.21574;0;T;True;1
1621245784000;14158575;1.21571;1.21577;1.21574;0;T;True;1
1621245785000;14158576;1.21571;1.21577;1.21574;0;T;True;1
1621245786000;14158577;1.21571;1.21577;1.21574;0;T;True;1
1621245787000;14158578;1.21571;1.21577;1.21574;0;T;True;1
1621245788000;14158580;1.2157;1.21576;1.21573;1;T;True;1
1621245789000;14158582;1.2157;1.21576;1.21573;1;T;True;1
1621245790000;14158583;1.2157;1.21576;1.21573;0;T;True;1
1621245791000;14158584;1.2157;1.21576;1.21573;0;T;True;1
1621245792000;14158586;1.21571;1.21577;1.21574;1;T;True;1
1621245793000;14158587;1.21571;1.21577;1.21574;0;T;True;1
1621245794000;14158588;1.21571;1.21577;1.21574;0;T;True;1
1621245795000;14158589;1.21571;1.21577;1.21574;0;T;True;1
1621245796000;14158590;1.21571;1.21577;1.21574;0;T;True;1
1621245797000;14158591;1.21571;1.21577;1.21574;0;T;True;1
1621245798000;14158592;1.21571;1.21577;1.21574;0;T;True;1
1621245799000;14158593;1.21571;1.21577;1.21574;0;T;True;1
1621245800000;14158600;1.21572;1.21578;1.21575;6;T;True;1
1621245801000;14158601;1.21572;1.21578;1.21575;0;T;True;1
1621245802000;14158602;1.21572;1.21578;1.21575;0;T;True;1
1621245803000;14158606;1.2157;1.21576;1.21573;3;T;True;1
1621245804000;14158607;1.2157;1.21576;1.21573;0;T;True;1
1621245805000;14158614;1.2157;1.21576;1.21573;6;T;True;1
1621245806000;14158618;1.21568;1.21574;1.21571;3;T;True;1
1621245807000;14158620;1.21568;1.21574;1.21571;1;T;True;1
1621245808000;14158621;1.21568;1.21574;1.21571;0;T;True;1
1621245809000;14158622;1.21568;1.21574;1.21571;0;T;True;1
1621245810000;14158623;1.21568;1.21574;1.21571;0;T;True;1
1621245811000;14158629;1.21568;1.21574;1.21571;5;T;True;1
1621245812000;14158631;1.21568;1.21574;1.21571;1;T;True;1
1621245813000;14158632;1.21568;1.21574;1.21571;0;T;True;1
1621245814000;14158635;1.21567;1.21573;1.2157;2;T;True;1
1621245815000;14158637;1.21568;1.21574;1.21571;1;T;True;1
1621245816000;14158639;1.21568;1.21574;1.21571;1;T;True;1
1621245817000;14158641;1.21568;1.21574;1.21571;1;T;True;1
1621245818000;14158646;1.21564;1.2157;1.21567;4;T;True;1
1621245819000;14158653;1.21567;1.21573;1.2157;6;T;True;1
1621245820000;14158654;1.21567;1.21573;1.2157;0;T;True;1
1621245821000;14158657;1.21568;1.21574;1.21571;2;T;True;1
1621245822000;14158659;1.21568;1.21574;1.21571;1;T;True;1
1621245823000;14158661;1.2157;1.21576;1.21573;1;T;True;1
1621245824000;14158662;1.2157;1.21576;1.21573;0;T;True;1
1621245825000;14158663;1.2157;1.21576;1.21573;0;T;True;1
1621245826000;14158665;1.2157;1.21576;1.21573;1;T;True;1
1621245827000;14158666;1.2157;1.21576;1.21573;0;T;True;1
1621245828000;14158673;1.21576;1.21582;1.21579;6;T;True;1
1621245829000;14158675;1.21575;1.21581;1.21578;1;T;True;1
1621245830000;14158676;1.21575;1.21581;1.21578;0;T;True;1
1621245831000;14158677;1.21575;1.21581;1.21578;0;T;True;1
1621245832000;14158678;1.21575;1.21581;1.21578;0;T;True;1
1621245833000;14158679;1.21575;1.21581;1.21578;0;T;True;1
1621245834000;14158680;1.21575;1.21581;1.21578;0;T;True;1
1621245835000;14158684;1.21574;1.2158;1.21577;3;T;True;1
1621245836000;14158689;1.21579;1.21585;1.21582;4;T;True;1
1621245837000;14158691;1.21579;1.21585;1.21582;1;T;True;1
1621245838000;14158694;1.21579;1.21585;1.21582;2;T;True;1
1621245839000;14158695;1.21579;1.21585;1.21582;0;T;True;1
1621245840000;14158696;1.21579;1.21585;1.21582;0;T;True;1
1621245841000;14158701;1.21578;1.21584;1.21581;4;T;True;1
1621245842000;14158702;1.21578;1.21584;1.21581;0;T;True;1
1621245843000;14158706;1.21578;1.21584;1.21581;3;T;True;1
1621245844000;14158707;1.21578;1.21584;1.21581;0;T;True;1
1621245845000;14158709;1.21578;1.21584;1.21581;1;T;True;1
1621245846000;14158710;1.21578;1.21584;1.21581;0;T;True;1
1621245847000;14158711;1.21578;1.21584;1.21581;0;T;True;1
1621245848000;14158712;1.21578;1.21584;1.21581;0;T;True;1
1621245849000;14158713;1.21578;1.21584;1.21581;0;T;True;1
1621245850000;14158714;1.21578;1.21584;1.21581;0;T;True;1
1621245851000;14158715;1.21578;1.21584;1.21581;0;T;True;1
1621245852000;14158716;1.21578;1.21584;1.21581;0;T;True;1
1621245853000;14158717;1.21578;1.21584;1.21581;0;T;True;1
1621245854000;14158718;1.21578;1.21584;1.21581;0;T;True;1
1621245855000;14158719;1.21578;1.21584;1.21581;0;T;True;1
1621245856000;14158724;1.21578;1.21584;1.21581;4;T;True;1
1621245857000;14158736;1.21586;1.21592;1.21589;11;T;True;1
1621245858000;14158740;1.21585;1.21591;1.21588;3;T;True;1
1621245859000;14158747;1.21585;1.21591;1.21588;6;T;True;1
1621245860000;14158748;1.21585;1.21591;1.21588;0;T;True;1
1621245861000;14158752;1.21584;1.2159;1.21587;3;T;True;1
1621245862000;14158755;1.21582;1.21588;1.21585;2;T;True;1
1621245863000;14158758;1.21582;1.21588;1.21585;2;T;True;1
1621245864000;14158761;1.21583;1.21589;1.21586;2;T;True;1
1621245865000;14158762;1.21583;1.21589;1.21586;0;T;True;1
1621245866000;14158767;1.21588;1.21594;1.21591;4;T;True;1
1621245867000;14158772;1.21591;1.21597;1.21594;4;T;True;1
1621245868000;14158779;1.21594;1.216;1.21597;6;T;True;1
1621245869000;14158782;1.21593;1.21599;1.21596;2;T;True;1
1621245870000;14158787;1.21592;1.21598;1.21595;4;T;True;1
1621245871000;14158788;1.21592;1.21598;1.21595;0;T;True;1
1621245872000;14158789;1.21592;1.21598;1.21595;0;T;True;1
1621245873000;14158790;1.21592;1.21598;1.21595;0;T;True;1
1621245874000;14158798;1.2159;1.21596;1.21593;7;T;True;1
1621245875000;14158801;1.2159;1.21596;1.21593;2;T;True;1
1621245876000;14158802;1.2159;1.21596;1.21593;0;T;True;1
1621245877000;14158808;1.21594;1.216;1.21597;5;T;True;1
1621245878000;14158814;1.21592;1.21598;1.21595;5;T;True;1
1621245879000;14158815;1.21592;1.21598;1.21595;0;T;True;1
1621245880000;14158816;1.21592;1.21598;1.21595;0;T;True;1
1621245881000;14158821;1.21594;1.216;1.21597;4;T;True;1
1621245882000;14158823;1.21594;1.216;1.21597;1;T;True;1
1621245883000;14158824;1.21594;1.216;1.21597;0;T;True;1
1621245884000;14158825;1.21594;1.216;1.21597;0;T;True;1
1621245885000;14158835;1.21601;1.21607;1.21604;9;T;True;1
1621245886000;14158842;1.21599;1.21605;1.21602;6;T;True;1
1621245887000;14158848;1.21599;1.21605;1.21602;5;T;True;1
1621245888000;14158849;1.21599;1.21605;1.21602;0;T;True;1
1621245889000;14158851;1.21599;1.21605;1.21602;1;T;True;1
1621245890000;14158853;1.21599;1.21605;1.21602;1;T;True;1
1621245891000;14158859;1.21595;1.21601;1.21598;5;T;True;1
1621245892000;14158862;1.21595;1.21601;1.21598;2;T;True;1
1621245893000;14158863;1.21595;1.21601;1.21598;0;T;True;1
1621245894000;14158864;1.21595;1.21601;1.21598;0;T;True;1
1621245895000;14158865;1.21595;1.21601;1.21598;0;T;True;1
1621245896000;14158867;1.21596;1.21602;1.21599;1;T;True;1
1621245897000;14158868;1.21596;1.21602;1.21599;0;T;True;1
1621245898000;14158869;1.21596;1.21602;1.21599;0;T;True;1
1621245899000;14158870;1.21596;1.21602;1.21599;0;T;True;1
1621245900000;14158871;1.21596;1.21602;1.21599;0;T;True;1
1621245901000;14158873;1.21596;1.21602;1.21599;1;T;True;1
1621245902000;14158881;1.21597;1.21603;1.216;7;T;True;1
1621245903000;14158887;1.216;1.21606;1.21603;5;T;True;1
1621245904000;14158891;1.21598;1.21604;1.21601;3;T;True;1
1621245905000;14158892;1.21598;1.21604;1.21601;0;T;True;1
1621245906000;14158896;1.21598;1.21604;1.21601;3;T;True;1
1621245907000;14158897;1.21598;1.21604;1.21601;0;T;True;1
1621245908000;14158900;1.21598;1.21604;1.21601;2;T;True;1
1621245909000;14158903;1.21596;1.21602;1.21599;2;T;True;1
1621245910000;14158912;1.21598;1.21604;1.21601;8;T;True;1
1621245911000;14158917;1.21598;1.21604;1.21601;4;T;True;1
1621245912000;14158919;1.21598;1.21604;1.21601;1;T;True;1
1621245913000;14158921;1.21599;1.21605;1.21602;1;T;True;1
1621245914000;14158924;1.216;1.21606;1.21603;2;T;True;1
1621245915000;14158927;1.216;1.21606;1.21603;2;T;True;1
1621245916000;14158929;1.21599;1.21605;1.21602;1;T;True;1
1621245917000;14158930;1.21599;1.21605;1.21602;0;T;True;1
1621245918000;14158933;1.21596;1.21602;1.21599;2;T;True;1
1621245919000;14158934;1.21596;1.21602;1.21599;0;T;True;1
1621245920000;14158936;1.21595;1.21601;1.21598;1;T;True;1
1621245921000;14158937;1.21595;1.21601;1.21598;0;T;True;1
1621245922000;14158939;1.21594;1.216;1.21597;1;T;True;1
1621245923000;14158948;1.21598;1.21604;1.21601;8;T;True;1
1621245924000;14158949;1.21598;1.21604;1.21601;0;T;True;1
1621245925000;14158950;1.21598;1.21604;1.21601;0;T;True;1
1621245926000;14158959;1.21597;1.21603;1.216;8;T;True;1
1621245927000;14158966;1.21597;1.21603;1.216;6;T;True;1
1621245928000;14158969;1.21597;1.21603;1.216;2;T;True;1
1621245929000;14158971;1.21597;1.21603;1.216;1;T;True;1
1621245930000;14158974;1.21596;1.21602;1.21599;2;T;True;1
1621245931000;14158976;1.21596;1.21602;1.21599;1;T;True;1
1621245932000;14158982;1.21595;1.21601;1.21598;5;T;True;1
1621245933000;14158984;1.21595;1.21601;1.21598;1;T;True;1
1621245934000;14158985;1.21595;1.21601;1.21598;0;T;True;1
1621245935000;14158987;1.21595;1.21601;1.21598;1;T;True;1
1621245936000;14158989;1.21595;1.21601;1.21598;1;T;True;1
1621245937000;14158990;1.21595;1.21601;1.21598;0;T;True;1
1621245938000;14158992;1.21595;1.21601;1.21598;1;T;True;1
1621245939000;14159001;1.21594;1.216;1.21597;8;T;True;1
1621245940000;14159002;1.21594;1.216;1.21597;0;T;True;1
1621245941000;14159006;1.21594;1.216;1.21597;3;T;True;1
1621245942000;14159008;1.21594;1.216;1.21597;1;T;True;1
1621245943000;14159009;1.21594;1.216;1.21597;0;T;True;1
1621245944000;14159010;1.21594;1.216;1.21597;0;T;True;1
1621245945000;14159012;1.21594;1.216;1.21597;1;T;True;1
1621245946000;14159019;1.2159;1.21596;1.21593;6;T;True;1
1621245947000;14159027;1.21593;1.21599;1.21596;7;T;True;1
1621245948000;14159028;1.21593;1.21599;1.21596;0;T;True;1
1621245949000;14159031;1.21594;1.216;1.21597;2;T;True;1
1621245950000;14159032;1.21594;1.216;1.21597;0;T;True;1
1621245951000;14159036;1.21592;1.21598;1.21595;3;T;True;1
1621245952000;14159038;1.21592;1.21598;1.21595;1;T;True;1
1621245953000;14159041;1.21592;1.21598;1.21595;2;T;True;1
1621245954000;14159042;1.21592;1.21598;1.21595;0;T;True;1
1621245955000;14159043;1.21592;1.21598;1.21595;0;T;True;1
1621245956000;14159046;1.2159;1.21596;1.21593;2;T;True;1
1621245957000;14159048;1.2159;1.21596;1.21593;1;T;True;1
1621245958000;14159050;1.2159;1.21596;1.21593;1;T;True;1
1621245959000;14159051;1.2159;1.21596;1.21593;0;T;True;1
1621245960000;14159056;1.2159;1.21596;1.21593;4;T;True;1
1621245961000;14159060;1.21593;1.21599;1.21596;3;T;True;1
1621245962000;14159064;1.21594;1.216;1.21597;3;T;True;1
1621245963000;14159068;1.21594;1.216;1.21597;3;T;True;1
1621245964000;14159073;1.21594;1.216;1.21597;4;T;True;1
1621245965000;14159074;1.21594;1.216;1.21597;0;T;True;1
1621245966000;14159075;1.21594;1.216;1.21597;0;T;True;1
1621245967000;14159076;1.21594;1.216;1.21597;0;T;True;1
1621245968000;14159077;1.21594;1.216;1.21597;0;T;True;1
1621245969000;14159078;1.21594;1.216;1.21597;0;T;True;1
1621245970000;14159079;1.21594;1.216;1.21597;0;T;True;1
1621245971000;14159080;1.21594;1.216;1.21597;0;T;True;1
1621245972000;14159081;1.21594;1.216;1.21597;0;T;True;1
1621245973000;14159082;1.21594;1.216;1.21597;0;T;True;1
1621245974000;14159088;1.21594;1.216;1.21597;5;T;True;1
1621245975000;14159095;1.21594;1.216;1.21597;6;T;True;1
1621245976000;14159101;1.21593;1.21599;1.21596;5;T;True;1
1621245977000;14159106;1.21594;1.216;1.21597;4;T;True;1
1621245978000;14159108;1.21593;1.21599;1.21596;1;T;True;1
1621245979000;14159109;1.21593;1.21599;1.21596;0;T;True;1
1621245980000;14159112;1.21592;1.21598;1.21595;2;T;True;1
1621245981000;14159116;1.21595;1.21601;1.21598;3;T;True;1
1621245982000;14159119;1.21595;1.21601;1.21598;2;T;True;1
1621245983000;14159126;1.21596;1.21602;1.21599;6;T;True;1
1621245984000;14159128;1.21596;1.21602;1.21599;1;T;True;1
1621245985000;14159129;1.21596;1.21602;1.21599;0;T;True;1
1621245986000;14159133;1.21594;1.216;1.21597;3;T;True;1
1621245987000;14159134;1.21594;1.216;1.21597;0;T;True;1
1621245988000;14159137;1.21594;1.216;1.21597;2;T;True;1
1621245989000;14159138;1.21594;1.216;1.21597;0;T;True;1
1621245990000;14159144;1.21594;1.216;1.21597;5;T;True;1
1621245991000;14159150;1.21596;1.21602;1.21599;5;T;True;1
1621245992000;14159151;1.21596;1.21602;1.21599;0;T;True;1
1621245993000;14159152;1.21596;1.21602;1.21599;0;T;True;1
1621245994000;14159153;1.21596;1.21602;1.21599;0;T;True;1
1621245995000;14159154;1.21596;1.21602;1.21599;0;T;True;1
1621245996000;14159155;1.21596;1.21602;1.21599;0;T;True;1
1621245997000;14159158;1.21595;1.21601;1.21598;2;T;True;1
1621245998000;14159159;1.21595;1.21601;1.21598;0;T;True;1
1621245999000;14159160;1.21595;1.21601;1.21598;0;T;True;1
1621246000000;14159167;1.21592;1.21598;1.21595;6;T;True;1
1621246001000;14159168;1.21592;1.21598;1.21595;0;T;True;1
1621246002000;14159170;1.21592;1.21598;1.21595;1;T;True;1
1621246003000;14159171;1.21592;1.21598;1.21595;0;T;True;1
1621246004000;14159174;1.2159;1.21596;1.21593;2;T;True;1
1621246005000;14159177;1.21588;1.21594;1.21591;2;T;True;1
1621246006000;14159184;1.2159;1.21596;1.21593;6;T;True;1
1621246007000;14159185;1.2159;1.21596;1.21593;0;T;True;1
1621246008000;14159186;1.2159;1.21596;1.21593;0;T;True;1
1621246009000;14159187;1.2159;1.21596;1.21593;0;T;True;1
1621246010000;14159188;1.2159;1.21596;1.21593;0;T;True;1
1621246011000;14159193;1.21592;1.21598;1.21595;4;T;True;1
1621246012000;14159196;1.21594;1.216;1.21597;2;T;True;1
1621246013000;14159197;1.21594;1.216;1.21597;0;T;True;1
1621246014000;14159198;1.21594;1.216;1.21597;0;T;True;1
1621246015000;14159201;1.21594;1.216;1.21597;2;T;True;1
1621246016000;14159204;1.21591;1.21597;1.21594;2;T;True;1
1621246017000;14159206;1.2159;1.21596;1.21593;1;T;True;1
1621246018000;14159208;1.2159;1.21596;1.21593;1;T;True;1
1621246019000;14159209;1.2159;1.21596;1.21593;0;T;True;1
1621246020000;14159210;1.2159;1.21596;1.21593;0;T;True;1
1621246021000;14159213;1.2159;1.21596;1.21593;2;T;True;1
1621246022000;14159214;1.2159;1.21596;1.21593;0;T;True;1
1621246023000;14159215;1.2159;1.21596;1.21593;0;T;True;1
1621246024000;14159217;1.2159;1.21596;1.21593;1;T;True;1
1621246025000;14159219;1.2159;1.21596;1.21593;1;T;True;1
1621246026000;14159220;1.2159;1.21596;1.21593;0;T;True;1
1621246027000;14159221;1.2159;1.21596;1.21593;0;T;True;1
1621246028000;14159222;1.2159;1.21596;1.21593;0;T;True;1
1621246029000;14159223;1.2159;1.21596;1.21593;0;T;True;1
1621246030000;14159226;1.2159;1.21596;1.21593;2;T;True;1
1621246031000;14159228;1.2159;1.21596;1.21593;1;T;True;1
1621246032000;14159230;1.21589;1.21595;1.21592;1;T;True;1
1621246033000;14159232;1.21589;1.21595;1.21592;1;T;True;1
1621246034000;14159234;1.21589;1.21595;1.21592;1;T;True;1
1621246035000;14159235;1.21589;1.21595;1.21592;0;T;True;1
1621246036000;14159236;1.21589;1.21595;1.21592;0;T;True;1
1621246037000;14159237;1.21589;1.21595;1.21592;0;T;True;1
1621246038000;14159246;1.21584;1.2159;1.21587;8;T;True;1
1621246039000;14159249;1.21584;1.2159;1.21587;2;T;True;1
1621246040000;14159250;1.21584;1.2159;1.21587;0;T;True;1
1621246041000;14159251;1.21584;1.2159;1.21587;0;T;True;1
1621246042000;14159252;1.21584;1.2159;1.21587;0;T;True;1
1621246043000;14159253;1.21584;1.2159;1.21587;0;T;True;1
1621246044000;14159255;1.21584;1.2159;1.21587;1;T;True;1
1621246045000;14159257;1.21584;1.2159;1.21587;1;T;True;1
1621246046000;14159258;1.21584;1.2159;1.21587;0;T;True;1
1621246047000;14159259;1.21584;1.2159;1.21587;0;T;True;1
1621246048000;14159260;1.21584;1.2159;1.21587;0;T;True;1
1621246049000;14159261;1.21584;1.2159;1.21587;0;T;True;1
1621246050000;14159262;1.21584;1.2159;1.21587;0;T;True;1
1621246051000;14159263;1.21584;1.2159;1.21587;0;T;True;1
1621246052000;14159264;1.21584;1.2159;1.21587;0;T;True;1
1621246053000;14159265;1.21584;1.2159;1.21587;0;T;True;1
1621246054000;14159266;1.21584;1.2159;1.21587;0;T;True;1
1621246055000;14159267;1.21584;1.2159;1.21587;0;T;True;1
1621246056000;14159268;1.21584;1.2159;1.21587;0;T;True;1
1621246057000;14159269;1.21584;1.2159;1.21587;0;T;True;1
1621246058000;14159270;1.21584;1.2159;1.21587;0;T;True;1
1621246059000;14159271;1.21584;1.2159;1.21587;0;T;True;1
1621246060000;14159272;1.21584;1.2159;1.21587;0;T;True;1
1621246061000;14159273;1.21584;1.2159;1.21587;0;T;True;1
1621246062000;14159276;1.21588;1.21594;1.21591;2;T;True;1
1621246063000;14159278;1.21589;1.21595;1.21592;1;T;True;1
1621246064000;14159279;1.21589;1.21595;1.21592;0;T;True;1
1621246065000;14159285;1.21588;1.21594;1.21591;5;T;True;1
1621246066000;14159291;1.21587;1.21593;1.2159;5;T;True;1
1621246067000;14159297;1.21588;1.21594;1.21591;5;T;True;1
1621246068000;14159298;1.21588;1.21594;1.21591;0;T;True;1
1621246069000;14159299;1.21588;1.21594;1.21591;0;T;True;1
1621246070000;14159300;1.21588;1.21594;1.21591;0;T;True;1
1621246071000;14159302;1.21589;1.21595;1.21592;1;T;True;1
1621246072000;14159304;1.2159;1.21596;1.21593;1;T;True;1
1621246073000;14159305;1.2159;1.21596;1.21593;0;T;True;1
1621246074000;14159307;1.21589;1.21595;1.21592;1;T;True;1
1621246075000;14159308;1.21589;1.21595;1.21592;0;T;True;1
1621246076000;14159311;1.2159;1.21596;1.21593;2;T;True;1
1621246077000;14159318;1.21594;1.216;1.21597;6;T;True;1
1621246078000;14159327;1.21589;1.21595;1.21592;8;T;True;1
1621246079000;14159328;1.21589;1.21595;1.21592;0;T;True;1
1621246080000;14159329;1.21589;1.21595;1.21592;0;T;True;1
1621246081000;14159331;1.21588;1.21594;1.21591;1;T;True;1
1621246082000;14159333;1.21588;1.21594;1.21591;1;T;True;1
1621246083000;14159334;1.21588;1.21594;1.21591;0;T;True;1
1621246084000;14159335;1.21588;1.21594;1.21591;0;T;True;1
1621246085000;14159338;1.21588;1.21594;1.21591;2;T;True;1
1621246086000;14159339;1.21588;1.21594;1.21591;0;T;True;1
1621246087000;14159341;1.21588;1.21594;1.21591;1;T;True;1
1621246088000;14159344;1.21589;1.21595;1.21592;2;T;True;1
1621246089000;14159348;1.21589;1.21595;1.21592;3;T;True;1
1621246090000;14159350;1.21589;1.21595;1.21592;1;T;True;1
1621246091000;14159351;1.21589;1.21595;1.21592;0;T;True;1
1621246092000;14159352;1.21589;1.21595;1.21592;0;T;True;1
1621246093000;14159354;1.2159;1.21596;1.21593;1;T;True;1
1621246094000;14159355;1.2159;1.21596;1.21593;0;T;True;1
1621246095000;14159357;1.2159;1.21596;1.21593;1;T;True;1
1621246096000;14159358;1.2159;1.21596;1.21593;0;T;True;1
1621246097000;14159359;1.2159;1.21596;1.21593;0;T;True;1
1621246098000;14159361;1.2159;1.21596;1.21593;1;T;True;1
1621246099000;14159362;1.2159;1.21596;1.21593;0;T;True;1
1621246100000;14159363;1.2159;1.21596;1.21593;0;T;True;1
1621246101000;14159364;1.2159;1.21596;1.21593;0;T;True;1
1621246102000;14159372;1.21593;1.21599;1.21596;7;T;True;1
1621246103000;14159375;1.21594;1.216;1.21597;2;T;True;1
1621246104000;14159378;1.21595;1.21601;1.21598;2;T;True;1
1621246105000;14159379;1.21595;1.21601;1.21598;0;T;True;1
1621246106000;14159380;1.21595;1.21601;1.21598;0;T;True;1
1621246107000;14159385;1.21598;1.21604;1.21601;4;T;True;1
1621246108000;14159388;1.21599;1.21605;1.21602;2;T;True;1
1621246109000;14159390;1.21599;1.21605;1.21602;1;T;True;1
1621246110000;14159392;1.21599;1.21605;1.21602;1;T;True;1
1621246111000;14159396;1.216;1.21606;1.21603;3;T;True;1
1621246112000;14159398;1.216;1.21606;1.21603;1;T;True;1
1621246113000;14159399;1.216;1.21606;1.21603;0;T;True;1
1621246114000;14159402;1.21598;1.21604;1.21601;2;T;True;1
1621246115000;14159403;1.21598;1.21604;1.21601;0;T;True;1
1621246116000;14159405;1.21599;1.21605;1.21602;1;T;True;1
1621246117000;14159409;1.216;1.21606;1.21603;3;T;True;1
1621246118000;14159410;1.216;1.21606;1.21603;0;T;True;1
1621246119000;14159415;1.21602;1.21608;1.21605;4;T;True;1
1621246120000;14159440;1.21605;1.21611;1.21608;24;T;True;1
1621246121000;14159442;1.21604;1.2161;1.21607;1;T;True;1
1621246122000;14159451;1.21604;1.2161;1.21607;8;T;True;1
1621246123000;14159452;1.21604;1.2161;1.21607;0;T;True;1
1621246124000;14159455;1.21603;1.21609;1.21606;2;T;True;1
1621246125000;14159457;1.21602;1.21608;1.21605;1;T;True;1
1621246126000;14159458;1.21602;1.21608;1.21605;0;T;True;1
1621246127000;14159460;1.21601;1.21607;1.21604;1;T;True;1
1621246128000;14159461;1.21601;1.21607;1.21604;0;T;True;1
1621246129000;14159463;1.216;1.21606;1.21603;1;T;True;1
1621246130000;14159465;1.216;1.21606;1.21603;1;T;True;1
1621246131000;14159466;1.216;1.21606;1.21603;0;T;True;1
1621246132000;14159467;1.216;1.21606;1.21603;0;T;True;1
1621246133000;14159468;1.216;1.21606;1.21603;0;T;True;1
1621246134000;14159469;1.216;1.21606;1.21603;0;T;True;1
1621246135000;14159473;1.21597;1.21603;1.216;3;T;True;1
1621246136000;14159474;1.21597;1.21603;1.216;0;T;True;1
1621246137000;14159475;1.21597;1.21603;1.216;0;T;True;1
1621246138000;14159476;1.21597;1.21603;1.216;0;T;True;1
1621246139000;14159477;1.21597;1.21603;1.216;0;T;True;1
1621246140000;14159478;1.21597;1.21603;1.216;0;T;True;1
1621246141000;14159479;1.21597;1.21603;1.216;0;T;True;1
1621246142000;14159482;1.21597;1.21603;1.216;2;T;True;1
1621246143000;14159483;1.21597;1.21603;1.216;0;T;True;1
1621246144000;14159484;1.21597;1.21603;1.216;0;T;True;1
1621246145000;14159489;1.21598;1.21604;1.21601;4;T;True;1
1621246146000;14159492;1.21598;1.21604;1.21601;2;T;True;1
1621246147000;14159500;1.2159;1.21596;1.21593;7;T;True;1
1621246148000;14159504;1.21588;1.21594;1.21591;3;T;True;1
1621246149000;14159506;1.21588;1.21594;1.21591;1;T;True;1
1621246150000;14159508;1.21588;1.21594;1.21591;1;T;True;1
1621246151000;14159509;1.21588;1.21594;1.21591;0;T;True;1
1621246152000;14159511;1.21588;1.21594;1.21591;1;T;True;1
1621246153000;14159512;1.21588;1.21594;1.21591;0;T;True;1
1621246154000;14159513;1.21588;1.21594;1.21591;0;T;True;1
1621246155000;14159514;1.21588;1.21594;1.21591;0;T;True;1
1621246156000;14159515;1.21588;1.21594;1.21591;0;T;True;1
1621246157000;14159519;1.21588;1.21594;1.21591;3;T;True;1
1621246158000;14159520;1.21588;1.21594;1.21591;0;T;True;1
1621246159000;14159521;1.21588;1.21594;1.21591;0;T;True;1
1621246160000;14159523;1.21589;1.21595;1.21592;1;T;True;1
1621246161000;14159524;1.21589;1.21595;1.21592;0;T;True;1
1621246162000;14159525;1.21589;1.21595;1.21592;0;T;True;1
1621246163000;14159526;1.21589;1.21595;1.21592;0;T;True;1
1621246164000;14159527;1.21589;1.21595;1.21592;0;T;True;1
1621246165000;14159528;1.21589;1.21595;1.21592;0;T;True;1
1621246166000;14159529;1.21589;1.21595;1.21592;0;T;True;1
1621246167000;14159530;1.21589;1.21595;1.21592;0;T;True;1
1621246168000;14159532;1.21588;1.21594;1.21591;1;T;True;1
1621246169000;14159535;1.21586;1.21592;1.21589;2;T;True;1
1621246170000;14159536;1.21586;1.21592;1.21589;0;T;True;1
1621246171000;14159537;1.21586;1.21592;1.21589;0;T;True;1
1621246172000;14159539;1.21586;1.21592;1.21589;1;T;True;1
1621246173000;14159542;1.21587;1.21593;1.2159;2;T;True;1
1621246174000;14159543;1.21587;1.21593;1.2159;0;T;True;1
1621246175000;14159545;1.21586;1.21592;1.21589;1;T;True;1
1621246176000;14159546;1.21586;1.21592;1.21589;0;T;True;1
1621246177000;14159547;1.21586;1.21592;1.21589;0;T;True;1
1621246178000;14159548;1.21586;1.21592;1.21589;0;T;True;1
1621246179000;14159552;1.21584;1.2159;1.21587;3;T;True;1
1621246180000;14159555;1.21584;1.2159;1.21587;2;T;True;1
1621246181000;14159556;1.21584;1.2159;1.21587;0;T;True;1
1621246182000;14159557;1.21584;1.2159;1.21587;0;T;True;1
1621246183000;14159558;1.21584;1.2159;1.21587;0;T;True;1
1621246184000;14159559;1.21584;1.2159;1.21587;0;T;True;1
1621246185000;14159560;1.21584;1.2159;1.21587;0;T;True;1
1621246186000;14159568;1.21586;1.21592;1.21589;7;T;True;1
1621246187000;14159570;1.21586;1.21592;1.21589;1;T;True;1
1621246188000;14159574;1.21586;1.21592;1.21589;3;T;True;1
1621246189000;14159578;1.21585;1.21591;1.21588;3;T;True;1
1621246190000;14159582;1.21586;1.21592;1.21589;3;T;True;1
1621246191000;14159585;1.21588;1.21594;1.21591;2;T;True;1
1621246192000;14159586;1.21588;1.21594;1.21591;0;T;True;1
1621246193000;14159589;1.21588;1.21594;1.21591;2;T;True;1
1621246194000;14159595;1.2159;1.21596;1.21593;5;T;True;1
1621246195000;14159596;1.2159;1.21596;1.21593;0;T;True;1
1621246196000;14159597;1.2159;1.21596;1.21593;0;T;True;1
1621246197000;14159598;1.2159;1.21596;1.21593;0;T;True;1
1621246198000;14159599;1.2159;1.21596;1.21593;0;T;True;1
1621246199000;14159600;1.2159;1.21596;1.21593;0;T;True;1
1621246200000;14159601;1.2159;1.21596;1.21593;0;T;True;1
1621246201000;14159602;1.2159;1.21596;1.21593;0;T;True;1
1621246202000;14159613;1.21588;1.21594;1.21591;10;T;True;1
1621246203000;14159618;1.21588;1.21594;1.21591;4;T;True;1
1621246204000;14159620;1.2159;1.21596;1.21593;1;T;True;1
1621246205000;14159622;1.2159;1.21596;1.21593;1;T;True;1
1621246206000;14159623;1.2159;1.21596;1.21593;0;T;True;1
1621246207000;14159627;1.21592;1.21598;1.21595;3;T;True;1
1621246208000;14159628;1.21592;1.21598;1.21595;0;T;True;1
1621246209000;14159633;1.21594;1.216;1.21597;4;T;True;1
1621246210000;14159634;1.21594;1.216;1.21597;0;T;True;1
1621246211000;14159635;1.21594;1.216;1.21597;0;T;True;1
1621246212000;14159636;1.21594;1.216;1.21597;0;T;True;1
1621246213000;14159637;1.21594;1.216;1.21597;0;T;True;1
1621246214000;14159638;1.21594;1.216;1.21597;0;T;True;1
1621246215000;14159640;1.21594;1.216;1.21597;1;T;True;1
1621246216000;14159642;1.21594;1.216;1.21597;1;T;True;1
1621246217000;14159646;1.21594;1.216;1.21597;3;T;True;1
1621246218000;14159649;1.21594;1.216;1.21597;2;T;True;1
1621246219000;14159651;1.21594;1.216;1.21597;1;T;True;1
1621246220000;14159658;1.21594;1.216;1.21597;6;T;True;1
1621246221000;14159659;1.21594;1.216;1.21597;0;T;True;1
1621246222000;14159660;1.21594;1.216;1.21597;0;T;True;1
1621246223000;14159665;1.21595;1.21601;1.21598;4;T;True;1
1621246224000;14159667;1.21596;1.21602;1.21599;1;T;True;1
1621246225000;14159668;1.21596;1.21602;1.21599;0;T;True;1
1621246226000;14159669;1.21596;1.21602;1.21599;0;T;True;1
1621246227000;14159676;1.21598;1.21604;1.21601;6;T;True;1
1621246228000;14159681;1.216;1.21606;1.21603;4;T;True;1
1621246229000;14159682;1.216;1.21606;1.21603;0;T;True;1
1621246230000;14159683;1.216;1.21606;1.21603;0;T;True;1
1621246231000;14159685;1.216;1.21606;1.21603;1;T;True;1
1621246232000;14159687;1.216;1.21606;1.21603;1;T;True;1
1621246233000;14159692;1.21605;1.21611;1.21608;4;T;True;1
1621246234000;14159694;1.21605;1.21611;1.21608;1;T;True;1
1621246235000;14159695;1.21605;1.21611;1.21608;0;T;True;1
1621246236000;14159699;1.21605;1.21611;1.21608;3;T;True;1
1621246237000;14159704;1.21604;1.2161;1.21607;4;T;True;1
1621246238000;14159707;1.21603;1.21609;1.21606;2;T;True;1
1621246239000;14159710;1.21605;1.21611;1.21608;2;T;True;1
1621246240000;14159711;1.21605;1.21611;1.21608;0;T;True;1
1621246241000;14159712;1.21605;1.21611;1.21608;0;T;True;1
1621246242000;14159715;1.21606;1.21612;1.21609;2;T;True;1
1621246243000;14159716;1.21606;1.21612;1.21609;0;T;True;1
1621246244000;14159719;1.21605;1.21611;1.21608;2;T;True;1
1621246245000;14159722;1.21604;1.2161;1.21607;2;T;True;1
1621246246000;14159723;1.21604;1.2161;1.21607;0;T;True;1
1621246247000;14159725;1.21604;1.2161;1.21607;1;T;True;1
1621246248000;14159726;1.21604;1.2161;1.21607;0;T;True;1
1621246249000;14159727;1.21604;1.2161;1.21607;0;T;True;1
1621246250000;14159729;1.21604;1.2161;1.21607;1;T;True;1
1621246251000;14159730;1.21604;1.2161;1.21607;0;T;True;1
1621246252000;14159732;1.21604;1.2161;1.21607;1;T;True;1
1621246253000;14159740;1.21603;1.21609;1.21606;7;T;True;1
1621246254000;14159741;1.21603;1.21609;1.21606;0;T;True;1
1621246255000;14159743;1.21603;1.21609;1.21606;1;T;True;1
1621246256000;14159752;1.21597;1.21603;1.216;8;T;True;1
1621246257000;14159759;1.21599;1.21605;1.21602;6;T;True;1
1621246258000;14159764;1.21601;1.21607;1.21604;4;T;True;1
1621246259000;14159767;1.21604;1.2161;1.21607;2;T;True;1
1621246260000;14159768;1.21604;1.2161;1.21607;0;T;True;1
1621246261000;14159771;1.21605;1.21611;1.21608;2;T;True;1
1621246262000;14159772;1.21605;1.21611;1.21608;0;T;True;1
1621246263000;14159774;1.21607;1.21613;1.2161;1;T;True;1
1621246264000;14159775;1.21607;1.21613;1.2161;0;T;True;1
1621246265000;14159779;1.21609;1.21615;1.21612;3;T;True;1
1621246266000;14159781;1.2161;1.21616;1.21613;1;T;True;1
1621246267000;14159782;1.2161;1.21616;1.21613;0;T;True;1
1621246268000;14159785;1.2161;1.21616;1.21613;2;T;True;1
1621246269000;14159797;1.21613;1.21619;1.21616;11;T;True;1
1621246270000;14159799;1.21612;1.21618;1.21615;1;T;True;1
1621246271000;14159804;1.21612;1.21618;1.21615;4;T;True;1
1621246272000;14159806;1.21612;1.21618;1.21615;1;T;True;1
1621246273000;14159807;1.21612;1.21618;1.21615;0;T;True;1
1621246274000;14159808;1.21612;1.21618;1.21615;0;T;True;1
1621246275000;14159810;1.21614;1.2162;1.21617;1;T;True;1
1621246276000;14159811;1.21614;1.2162;1.21617;0;T;True;1
1621246277000;14159819;1.21619;1.21625;1.21622;7;T;True;1
1621246278000;14159821;1.21619;1.21625;1.21622;1;T;True;1
1621246279000;14159823;1.2162;1.21626;1.21623;1;T;True;1
1621246280000;14159829;1.21615;1.21621;1.21618;5;T;True;1
1621246281000;14159837;1.21616;1.21622;1.21619;7;T;True;1
1621246282000;14159840;1.21616;1.21622;1.21619;2;T;True;1
1621246283000;14159841;1.21616;1.21622;1.21619;0;T;True;1
1621246284000;14159842;1.21616;1.21622;1.21619;0;T;True;1
1621246285000;14159843;1.21616;1.21622;1.21619;0;T;True;1
1621246286000;14159851;1.21614;1.2162;1.21617;7;T;True;1
1621246287000;14159852;1.21614;1.2162;1.21617;0;T;True;1
1621246288000;14159853;1.21614;1.2162;1.21617;0;T;True;1
1621246289000;14159854;1.21614;1.2162;1.21617;0;T;True;1
1621246290000;14159855;1.21614;1.2162;1.21617;0;T;True;1
1621246291000;14159856;1.21614;1.2162;1.21617;0;T;True;1
1621246292000;14159857;1.21614;1.2162;1.21617;0;T;True;1
1621246293000;14159859;1.21614;1.2162;1.21617;1;T;True;1
1621246294000;14159862;1.21615;1.21621;1.21618;2;T;True;1
1621246295000;14159863;1.21615;1.21621;1.21618;0;T;True;1
1621246296000;14159864;1.21615;1.21621;1.21618;0;T;True;1
1621246297000;14159866;1.21615;1.21621;1.21618;1;T;True;1
1621246298000;14159868;1.21615;1.21621;1.21618;1;T;True;1
1621246299000;14159873;1.21618;1.21624;1.21621;4;T;True;1
1621246300000;14159874;1.21618;1.21624;1.21621;0;T;True;1
1621246301000;14159875;1.21618;1.21624;1.21621;0;T;True;1
1621246302000;14159876;1.21618;1.21624;1.21621;0;T;True;1
1621246303000;14159877;1.21618;1.21624;1.21621;0;T;True;1
1621246304000;14159884;1.21618;1.21624;1.21621;6;T;True;1
1621246305000;14159887;1.21618;1.21624;1.21621;2;T;True;1
1621246306000;14159893;1.21619;1.21625;1.21622;5;T;True;1
1621246307000;14159895;1.21619;1.21625;1.21622;1;T;True;1
1621246308000;14159899;1.21618;1.21624;1.21621;3;T;True;1
1621246309000;14159901;1.21618;1.21624;1.21621;1;T;True;1
1621246310000;14159903;1.21618;1.21624;1.21621;1;T;True;1
1621246311000;14159910;1.21618;1.21624;1.21621;6;T;True;1
1621246312000;14159911;1.21618;1.21624;1.21621;0;T;True;1
1621246313000;14159914;1.21617;1.21623;1.2162;2;T;True;1
1621246314000;14159917;1.21619;1.21625;1.21622;2;T;True;1
1621246315000;14159918;1.21619;1.21625;1.21622;0;T;True;1
1621246316000;14159920;1.2162;1.21626;1.21623;1;T;True;1
1621246317000;14159921;1.2162;1.21626;1.21623;0;T;True;1
1621246318000;14159922;1.2162;1.21626;1.21623;0;T;True;1
1621246319000;14159923;1.2162;1.21626;1.21623;0;T;True;1
1621246320000;14159926;1.21618;1.21624;1.21621;2;T;True;1
1621246321000;14159927;1.21618;1.21624;1.21621;0;T;True;1
1621246322000;14159930;1.2162;1.21626;1.21623;2;T;True;1
1621246323000;14159932;1.2162;1.21626;1.21623;1;T;True;1
1621246324000;14159933;1.2162;1.21626;1.21623;0;T;True;1
1621246325000;14159934;1.2162;1.21626;1.21623;0;T;True;1
1621246326000;14159935;1.2162;1.21626;1.21623;0;T;True;1
1621246327000;14159937;1.21619;1.21625;1.21622;1;T;True;1
1621246328000;14159938;1.21619;1.21625;1.21622;0;T;True;1
1621246329000;14159940;1.21618;1.21624;1.21621;1;T;True;1
1621246330000;14159941;1.21618;1.21624;1.21621;0;T;True;1
1621246331000;14159949;1.21616;1.21622;1.21619;7;T;True;1
1621246332000;14159954;1.21615;1.21621;1.21618;4;T;True;1
1621246333000;14159957;1.21616;1.21622;1.21619;2;T;True;1
1621246334000;14159959;1.21616;1.21622;1.21619;1;T;True;1
1621246335000;14159960;1.21616;1.21622;1.21619;0;T;True;1
1621246336000;14159962;1.21616;1.21622;1.21619;1;T;True;1
1621246337000;14159965;1.21616;1.21622;1.21619;2;T;True;1
1621246338000;14159968;1.21616;1.21622;1.21619;2;T;True;1
1621246339000;14159973;1.21616;1.21622;1.21619;4;T;True;1
1621246340000;14159974;1.21616;1.21622;1.21619;0;T;True;1
1621246341000;14159979;1.21617;1.21623;1.2162;4;T;True;1
1621246342000;14159980;1.21617;1.21623;1.2162;0;T;True;1
1621246343000;14159992;1.21624;1.2163;1.21627;11;T;True;1
1621246344000;14159993;1.21624;1.2163;1.21627;0;T;True;1
1621246345000;14159995;1.21624;1.2163;1.21627;1;T;True;1
1621246346000;14159996;1.21624;1.2163;1.21627;0;T;True;1
1621246347000;14159997;1.21624;1.2163;1.21627;0;T;True;1
1621246348000;14159998;1.21624;1.2163;1.21627;0;T;True;1
1621246349000;14160003;1.21626;1.21632;1.21629;4;T;True;1
1621246350000;14160010;1.2163;1.21636;1.21633;6;T;True;1
1621246351000;14160011;1.2163;1.21636;1.21633;0;T;True;1
1621246352000;14160012;1.2163;1.21636;1.21633;0;T;True;1
1621246353000;14160013;1.2163;1.21636;1.21633;0;T;True;1
1621246354000;14160014;1.2163;1.21636;1.21633;0;T;True;1
1621246355000;14160015;1.2163;1.21636;1.21633;0;T;True;1
1621246356000;14160017;1.21629;1.21635;1.21632;1;T;True;1
1621246357000;14160024;1.21624;1.2163;1.21627;6;T;True;1
1621246358000;14160027;1.21624;1.2163;1.21627;2;T;True;1
1621246359000;14160032;1.2162;1.21626;1.21623;4;T;True;1
1621246360000;14160033;1.2162;1.21626;1.21623;0;T;True;1
1621246361000;14160035;1.2162;1.21626;1.21623;1;T;True;1
1621246362000;14160037;1.2162;1.21626;1.21623;1;T;True;1
1621246363000;14160038;1.2162;1.21626;1.21623;0;T;True;1
1621246364000;14160040;1.2162;1.21626;1.21623;1;T;True;1
1621246365000;14160041;1.2162;1.21626;1.21623;0;T;True;1
1621246366000;14160043;1.2162;1.21626;1.21623;1;T;True;1
1621246367000;14160046;1.2162;1.21626;1.21623;2;T;True;1
1621246368000;14160048;1.21621;1.21627;1.21624;1;T;True;1
1621246369000;14160054;1.21624;1.2163;1.21627;5;T;True;1
1621246370000;14160062;1.21625;1.21631;1.21628;7;T;True;1
1621246371000;14160066;1.21624;1.2163;1.21627;3;T;True;1
1621246372000;14160071;1.21624;1.2163;1.21627;4;T;True;1
1621246373000;14160073;1.21622;1.21628;1.21625;1;T;True;1
1621246374000;14160074;1.21622;1.21628;1.21625;0;T;True;1
1621246375000;14160075;1.21622;1.21628;1.21625;0;T;True;1
1621246376000;14160077;1.21621;1.21627;1.21624;1;T;True;1
1621246377000;14160081;1.21623;1.21629;1.21626;3;T;True;1
1621246378000;14160082;1.21623;1.21629;1.21626;0;T;True;1
1621246379000;14160083;1.21623;1.21629;1.21626;0;T;True;1
1621246380000;14160084;1.21623;1.21629;1.21626;0;T;True;1
1621246381000;14160085;1.21623;1.21629;1.21626;0;T;True;1
1621246382000;14160086;1.21623;1.21629;1.21626;0;T;True;1
1621246383000;14160087;1.21623;1.21629;1.21626;0;T;True;1
1621246384000;14160089;1.21624;1.2163;1.21627;1;T;True;1
1621246385000;14160091;1.21624;1.2163;1.21627;1;T;True;1
1621246386000;14160093;1.21622;1.21628;1.21625;1;T;True;1
1621246387000;14160097;1.21624;1.2163;1.21627;3;T;True;1
1621246388000;14160100;1.21622;1.21628;1.21625;2;T;True;1
1621246389000;14160106;1.21622;1.21628;1.21625;5;T;True;1
1621246390000;14160107;1.21622;1.21628;1.21625;0;T;True;1
1621246391000;14160109;1.21621;1.21627;1.21624;1;T;True;1
1621246392000;14160115;1.21626;1.21632;1.21629;5;T;True;1
1621246393000;14160118;1.21627;1.21633;1.2163;2;T;True;1
1621246394000;14160125;1.21623;1.21629;1.21626;6;T;True;1
1621246395000;14160126;1.21623;1.21629;1.21626;0;T;True;1
1621246396000;14160127;1.21623;1.21629;1.21626;0;T;True;1
1621246397000;14160135;1.21628;1.21634;1.21631;7;T;True;1
1621246398000;14160138;1.21627;1.21633;1.2163;2;T;True;1
1621246399000;14160139;1.21627;1.21633;1.2163;0;T;True;1
1621246400000;14160141;1.21627;1.21633;1.2163;1;T;True;1
1621246401000;14160142;1.21627;1.21633;1.2163;0;T;True;1
1621246402000;14160151;1.21628;1.21634;1.21631;8;T;True;1
1621246403000;14160153;1.21628;1.21634;1.21631;1;T;True;1
1621246404000;14160159;1.21631;1.21637;1.21634;5;T;True;1
1621246405000;14160161;1.21631;1.21637;1.21634;1;T;True;1
1621246406000;14160162;1.21631;1.21637;1.21634;0;T;True;1
1621246407000;14160163;1.21631;1.21637;1.21634;0;T;True;1
1621246408000;14160164;1.21631;1.21637;1.21634;0;T;True;1
1621246409000;14160168;1.21628;1.21634;1.21631;3;T;True;1
1621246410000;14160169;1.21628;1.21634;1.21631;0;T;True;1
1621246411000;14160170;1.21628;1.21634;1.21631;0;T;True;1
1621246412000;14160172;1.21629;1.21635;1.21632;1;T;True;1
1621246413000;14160173;1.21629;1.21635;1.21632;0;T;True;1
1621246414000;14160175;1.21628;1.21634;1.21631;1;T;True;1
1621246415000;14160180;1.21631;1.21637;1.21634;4;T;True;1
1621246416000;14160183;1.21632;1.21638;1.21635;2;T;True;1
1621246417000;14160184;1.21632;1.21638;1.21635;0;T;True;1
1621246418000;14160190;1.21628;1.21634;1.21631;5;T;True;1
1621246419000;14160191;1.21628;1.21634;1.21631;0;T;True;1
1621246420000;14160194;1.21628;1.21634;1.21631;2;T;True;1
1621246421000;14160195;1.21628;1.21634;1.21631;0;T;True;1
1621246422000;14160197;1.21628;1.21634;1.21631;1;T;True;1
1621246423000;14160202;1.2163;1.21636;1.21633;4;T;True;1
1621246424000;14160207;1.21632;1.21638;1.21635;4;T;True;1
1621246425000;14160209;1.21632;1.21638;1.21635;1;T;True;1
1621246426000;14160210;1.21632;1.21638;1.21635;0;T;True;1
1621246427000;14160211;1.21632;1.21638;1.21635;0;T;True;1
1621246428000;14160214;1.21632;1.21638;1.21635;2;T;True;1
1621246429000;14160218;1.2163;1.21636;1.21633;3;T;True;1
1621246430000;14160219;1.2163;1.21636;1.21633;0;T;True;1
1621246431000;14160220;1.2163;1.21636;1.21633;0;T;True;1
1621246432000;14160222;1.2163;1.21636;1.21633;1;T;True;1
1621246433000;14160223;1.2163;1.21636;1.21633;0;T;True;1
1621246434000;14160225;1.21631;1.21637;1.21634;1;T;True;1
1621246435000;14160227;1.21631;1.21637;1.21634;1;T;True;1
1621246436000;14160229;1.21632;1.21638;1.21635;1;T;True;1
1621246437000;14160230;1.21632;1.21638;1.21635;0;T;True;1
1621246438000;14160232;1.21632;1.21638;1.21635;1;T;True;1
1621246439000;14160234;1.21632;1.21638;1.21635;1;T;True;1
1621246440000;14160236;1.21631;1.21637;1.21634;1;T;True;1
1621246441000;14160239;1.21632;1.21638;1.21635;2;T;True;1
1621246442000;14160241;1.21632;1.21638;1.21635;1;T;True;1
1621246443000;14160242;1.21632;1.21638;1.21635;0;T;True;1
1621246444000;14160243;1.21632;1.21638;1.21635;0;T;True;1
1621246445000;14160244;1.21632;1.21638;1.21635;0;T;True;1
1621246446000;14160245;1.21632;1.21638;1.21635;0;T;True;1
1621246447000;14160246;1.21632;1.21638;1.21635;0;T;True;1
1621246448000;14160247;1.21632;1.21638;1.21635;0;T;True;1
1621246449000;14160248;1.21632;1.21638;1.21635;0;T;True;1
1621246450000;14160249;1.21632;1.21638;1.21635;0;T;True;1
1621246451000;14160250;1.21632;1.21638;1.21635;0;T;True;1
1621246452000;14160251;1.21632;1.21638;1.21635;0;T;True;1
1621246453000;14160252;1.21632;1.21638;1.21635;0;T;True;1
1621246454000;14160284;1.21642;1.21648;1.21645;31;T;True;1
1621246455000;14160294;1.21642;1.21648;1.21645;9;T;True;1
1621246456000;14160297;1.21641;1.21647;1.21644;2;T;True;1
1621246457000;14160303;1.21642;1.21648;1.21645;5;T;True;1
1621246458000;14160309;1.21645;1.21651;1.21648;5;T;True;1
1621246459000;14160314;1.21645;1.21651;1.21648;4;T;True;1
1621246460000;14160315;1.21645;1.21651;1.21648;0;T;True;1
1621246461000;14160317;1.21644;1.2165;1.21647;1;T;True;1
1621246462000;14160325;1.21649;1.21655;1.21652;7;T;True;1
1621246463000;14160331;1.21645;1.21651;1.21648;5;T;True;1
1621246464000;14160334;1.21643;1.21649;1.21646;2;T;True;1
1621246465000;14160337;1.21642;1.21648;1.21645;2;T;True;1
1621246466000;14160341;1.21644;1.2165;1.21647;3;T;True;1
1621246467000;14160342;1.21644;1.2165;1.21647;0;T;True;1
1621246468000;14160343;1.21644;1.2165;1.21647;0;T;True;1
1621246469000;14160348;1.21645;1.21651;1.21648;4;T;True;1
1621246470000;14160349;1.21645;1.21651;1.21648;0;T;True;1
1621246471000;14160353;1.21646;1.21652;1.21649;3;T;True;1
1621246472000;14160356;1.21646;1.21652;1.21649;2;T;True;1
1621246473000;14160361;1.21642;1.21648;1.21645;4;T;True;1
1621246474000;14160363;1.21641;1.21647;1.21644;1;T;True;1
1621246475000;14160373;1.21634;1.2164;1.21637;9;T;True;1
1621246476000;14160377;1.21636;1.21642;1.21639;3;T;True;1
1621246477000;14160379;1.21638;1.21644;1.21641;1;T;True;1
1621246478000;14160383;1.21638;1.21644;1.21641;3;T;True;1
1621246479000;14160385;1.21638;1.21644;1.21641;1;T;True;1
1621246480000;14160388;1.21636;1.21642;1.21639;2;T;True;1
1621246481000;14160392;1.21639;1.21645;1.21642;3;T;True;1
1621246482000;14160399;1.21636;1.21642;1.21639;6;T;True;1
1621246483000;14160401;1.21636;1.21642;1.21639;1;T;True;1
1621246484000;14160403;1.21636;1.21642;1.21639;1;T;True;1
1621246485000;14160404;1.21636;1.21642;1.21639;0;T;True;1
1621246486000;14160408;1.21634;1.2164;1.21637;3;T;True;1
1621246487000;14160411;1.21635;1.21641;1.21638;2;T;True;1
1621246488000;14160412;1.21635;1.21641;1.21638;0;T;True;1
1621246489000;14160414;1.21635;1.21641;1.21638;1;T;True;1
1621246490000;14160417;1.21636;1.21642;1.21639;2;T;True;1
1621246491000;14160422;1.2164;1.21646;1.21643;4;T;True;1
1621246492000;14160425;1.21639;1.21645;1.21642;2;T;True;1
1621246493000;14160426;1.21639;1.21645;1.21642;0;T;True;1
1621246494000;14160427;1.21639;1.21645;1.21642;0;T;True;1
1621246495000;14160428;1.21639;1.21645;1.21642;0;T;True;1
1621246496000;14160433;1.21636;1.21642;1.21639;4;T;True;1
1621246497000;14160437;1.21635;1.21641;1.21638;3;T;True;1
1621246498000;14160438;1.21635;1.21641;1.21638;0;T;True;1
1621246499000;14160443;1.21633;1.21639;1.21636;4;T;True;1
1621246500000;14160445;1.21633;1.21639;1.21636;1;T;True;1
1621246501000;14160449;1.21632;1.21638;1.21635;3;T;True;1
1621246502000;14160451;1.21631;1.21637;1.21634;1;T;True;1
1621246503000;14160453;1.2163;1.21636;1.21633;1;T;True;1
1621246504000;14160454;1.2163;1.21636;1.21633;0;T;True;1
1621246505000;14160455;1.2163;1.21636;1.21633;0;T;True;1
1621246506000;14160456;1.2163;1.21636;1.21633;0;T;True;1
1621246507000;14160459;1.21628;1.21634;1.21631;2;T;True;1
1621246508000;14160460;1.21628;1.21634;1.21631;0;T;True;1
1621246509000;14160465;1.21629;1.21635;1.21632;4;T;True;1
1621246510000;14160466;1.21629;1.21635;1.21632;0;T;True;1
1621246511000;14160467;1.21629;1.21635;1.21632;0;T;True;1
1621246512000;14160469;1.21629;1.21635;1.21632;1;T;True;1
1621246513000;14160473;1.21634;1.2164;1.21637;3;T;True;1
1621246514000;14160477;1.21634;1.2164;1.21637;3;T;True;1
1621246515000;14160480;1.21632;1.21638;1.21635;2;T;True;1
1621246516000;14160483;1.21631;1.21637;1.21634;2;T;True;1
1621246517000;14160486;1.2163;1.21636;1.21633;2;T;True;1
1621246518000;14160488;1.2163;1.21636;1.21633;1;T;True;1
1621246519000;14160489;1.2163;1.21636;1.21633;0;T;True;1
1621246520000;14160490;1.2163;1.21636;1.21633;0;T;True;1
1621246521000;14160492;1.2163;1.21636;1.21633;1;T;True;1
1621246522000;14160496;1.21632;1.21638;1.21635;3;T;True;1
1621246523000;14160499;1.21632;1.21638;1.21635;2;T;True;1
1621246524000;14160500;1.21632;1.21638;1.21635;0;T;True;1
1621246525000;14160502;1.21632;1.21638;1.21635;1;T;True;1
1621246526000;14160506;1.21632;1.21638;1.21635;3;T;True;1
1621246527000;14160509;1.21632;1.21638;1.21635;2;T;True;1
1621246528000;14160510;1.21632;1.21638;1.21635;0;T;True;1
1621246529000;14160511;1.21632;1.21638;1.21635;0;T;True;1
1621246530000;14160512;1.21632;1.21638;1.21635;0;T;True;1
1621246531000;14160513;1.21632;1.21638;1.21635;0;T;True;1
1621246532000;14160518;1.21633;1.21639;1.21636;4;T;True;1
1621246533000;14160519;1.21633;1.21639;1.21636;0;T;True;1
1621246534000;14160520;1.21633;1.21639;1.21636;0;T;True;1
1621246535000;14160522;1.21633;1.21639;1.21636;1;T;True;1
1621246536000;14160526;1.2163;1.21636;1.21633;3;T;True;1
1621246537000;14160528;1.2163;1.21636;1.21633;1;T;True;1
1621246538000;14160530;1.2163;1.21636;1.21633;1;T;True;1
1621246539000;14160531;1.2163;1.21636;1.21633;0;T;True;1
1621246540000;14160537;1.21627;1.21633;1.2163;5;T;True;1
1621246541000;14160539;1.21628;1.21634;1.21631;1;T;True;1
1621246542000;14160544;1.21629;1.21635;1.21632;4;T;True;1
1621246543000;14160546;1.2163;1.21636;1.21633;1;T;True;1
1621246544000;14160552;1.21632;1.21638;1.21635;5;T;True;1
1621246545000;14160553;1.21632;1.21638;1.21635;0;T;True;1
1621246546000;14160558;1.21632;1.21638;1.21635;4;T;True;1
1621246547000;14160562;1.21631;1.21637;1.21634;3;T;True;1
1621246548000;14160564;1.21631;1.21637;1.21634;1;T;True;1
1621246549000;14160565;1.21631;1.21637;1.21634;0;T;True;1
1621246550000;14160570;1.21633;1.21639;1.21636;4;T;True;1
1621246551000;14160575;1.21634;1.2164;1.21637;4;T;True;1
1621246552000;14160578;1.21635;1.21641;1.21638;2;T;True;1
1621246553000;14160579;1.21635;1.21641;1.21638;0;T;True;1
1621246554000;14160584;1.21636;1.21642;1.21639;4;T;True;1
1621246555000;14160586;1.21637;1.21643;1.2164;1;T;True;1
1621246556000;14160587;1.21637;1.21643;1.2164;0;T;True;1
1621246557000;14160590;1.21638;1.21644;1.21641;2;T;True;1
1621246558000;14160591;1.21638;1.21644;1.21641;0;T;True;1
1621246559000;14160592;1.21638;1.21644;1.21641;0;T;True;1
1621246560000;14160594;1.21638;1.21644;1.21641;1;T;True;1
1621246561000;14160595;1.21638;1.21644;1.21641;0;T;True;1
1621246562000;14160596;1.21638;1.21644;1.21641;0;T;True;1
1621246563000;14160601;1.21636;1.21642;1.21639;4;T;True;1
1621246564000;14160604;1.21636;1.21642;1.21639;2;T;True;1
1621246565000;14160606;1.21634;1.2164;1.21637;1;T;True;1
1621246566000;14160608;1.21633;1.21639;1.21636;1;T;True;1
1621246567000;14160610;1.21634;1.2164;1.21637;1;T;True;1
1621246568000;14160611;1.21634;1.2164;1.21637;0;T;True;1
1621246569000;14160612;1.21634;1.2164;1.21637;0;T;True;1
1621246570000;14160617;1.21629;1.21635;1.21632;4;T;True;1
1621246571000;14160625;1.21628;1.21634;1.21631;7;T;True;1
1621246572000;14160629;1.2163;1.21636;1.21633;3;T;True;1
1621246573000;14160632;1.2163;1.21636;1.21633;2;T;True;1
1621246574000;14160634;1.2163;1.21636;1.21633;1;T;True;1
1621246575000;14160640;1.2163;1.21636;1.21633;5;T;True;1
1621246576000;14160642;1.21629;1.21635;1.21632;1;T;True;1
1621246577000;14160645;1.21629;1.21635;1.21632;2;T;True;1
1621246578000;14160647;1.21629;1.21635;1.21632;1;T;True;1
1621246579000;14160650;1.21629;1.21635;1.21632;2;T;True;1
1621246580000;14160652;1.21628;1.21634;1.21631;1;T;True;1
1621246581000;14160657;1.21628;1.21634;1.21631;4;T;True;1
1621246582000;14160663;1.21628;1.21634;1.21631;5;T;True;1
1621246583000;14160668;1.21628;1.21634;1.21631;4;T;True;1
1621246584000;14160670;1.21628;1.21634;1.21631;1;T;True;1
1621246585000;14160673;1.21628;1.21634;1.21631;2;T;True;1
1621246586000;14160675;1.21628;1.21634;1.21631;1;T;True;1
1621246587000;14160681;1.2163;1.21636;1.21633;5;T;True;1
1621246588000;14160683;1.2163;1.21636;1.21633;1;T;True;1
1621246589000;14160686;1.2163;1.21636;1.21633;2;T;True;1
1621246590000;14160687;1.2163;1.21636;1.21633;0;T;True;1
1621246591000;14160690;1.2163;1.21636;1.21633;2;T;True;1
1621246592000;14160691;1.2163;1.21636;1.21633;0;T;True;1
1621246593000;14160693;1.2163;1.21636;1.21633;1;T;True;1
1621246594000;14160694;1.2163;1.21636;1.21633;0;T;True;1
1621246595000;14160700;1.21627;1.21633;1.2163;5;T;True;1
1621246596000;14160703;1.21626;1.21632;1.21629;2;T;True;1
1621246597000;14160704;1.21626;1.21632;1.21629;0;T;True;1
1621246598000;14160707;1.21628;1.21634;1.21631;2;T;True;1
1621246599000;14160708;1.21628;1.21634;1.21631;0;T;True;1
1621246600000;14160710;1.21628;1.21634;1.21631;1;T;True;1
1621246601000;14160714;1.2163;1.21636;1.21633;3;T;True;1
1621246602000;14160715;1.2163;1.21636;1.21633;0;T;True;1
1621246603000;14160721;1.2163;1.21636;1.21633;5;T;True;1
1621246604000;14160734;1.21626;1.21632;1.21629;12;T;True;1
1621246605000;14160737;1.21627;1.21633;1.2163;2;T;True;1
1621246606000;14160740;1.21626;1.21632;1.21629;2;T;True;1
1621246607000;14160743;1.21627;1.21633;1.2163;2;T;True;1
1621246608000;14160744;1.21627;1.21633;1.2163;0;T;True;1
1621246609000;14160745;1.21627;1.21633;1.2163;0;T;True;1
1621246610000;14160746;1.21627;1.21633;1.2163;0;T;True;1
1621246611000;14160751;1.21626;1.21632;1.21629;4;T;True;1
1621246612000;14160752;1.21626;1.21632;1.21629;0;T;True;1
1621246613000;14160757;1.21627;1.21633;1.2163;4;T;True;1
1621246614000;14160761;1.21626;1.21632;1.21629;3;T;True;1
1621246615000;14160763;1.21626;1.21632;1.21629;1;T;True;1
1621246616000;14160765;1.21625;1.21631;1.21628;1;T;True;1
1621246617000;14160766;1.21625;1.21631;1.21628;0;T;True;1
1621246618000;14160768;1.21625;1.21631;1.21628;1;T;True;1
1621246619000;14160769;1.21625;1.21631;1.21628;0;T;True;1
1621246620000;14160776;1.21625;1.21631;1.21628;6;T;True;1
1621246621000;14160777;1.21625;1.21631;1.21628;0;T;True;1
1621246622000;14160783;1.21624;1.2163;1.21627;5;T;True;1
1621246623000;14160784;1.21624;1.2163;1.21627;0;T;True;1
1621246624000;14160786;1.21624;1.2163;1.21627;1;T;True;1
1621246625000;14160789;1.21626;1.21632;1.21629;2;T;True;1
1621246626000;14160790;1.21626;1.21632;1.21629;0;T;True;1
1621246627000;14160791;1.21626;1.21632;1.21629;0;T;True;1
1621246628000;14160792;1.21626;1.21632;1.21629;0;T;True;1
1621246629000;14160797;1.21622;1.21628;1.21625;4;T;True;1
1621246630000;14160799;1.2162;1.21626;1.21623;1;T;True;1
1621246631000;14160800;1.2162;1.21626;1.21623;0;T;True;1
1621246632000;14160805;1.2162;1.21626;1.21623;4;T;True;1
1621246633000;14160809;1.21622;1.21628;1.21625;3;T;True;1
1621246634000;14160817;1.2162;1.21626;1.21623;7;T;True;1
1621246635000;14160820;1.2162;1.21626;1.21623;2;T;True;1
1621246636000;14160822;1.21619;1.21625;1.21622;1;T;True;1
1621246637000;14160825;1.21619;1.21625;1.21622;2;T;True;1
1621246638000;14160830;1.21619;1.21625;1.21622;4;T;True;1
1621246639000;14160832;1.2162;1.21626;1.21623;1;T;True;1
1621246640000;14160835;1.2162;1.21626;1.21623;2;T;True;1
1621246641000;14160836;1.2162;1.21626;1.21623;0;T;True;1
1621246642000;14160837;1.2162;1.21626;1.21623;0;T;True;1
1621246643000;14160838;1.2162;1.21626;1.21623;0;T;True;1
1621246644000;14160840;1.2162;1.21626;1.21623;1;T;True;1
1621246645000;14160841;1.2162;1.21626;1.21623;0;T;True;1
1621246646000;14160843;1.2162;1.21626;1.21623;1;T;True;1
1621246647000;14160844;1.2162;1.21626;1.21623;0;T;True;1
1621246648000;14160847;1.21619;1.21625;1.21622;2;T;True;1
1621246649000;14160851;1.21619;1.21625;1.21622;3;T;True;1
1621246650000;14160854;1.21618;1.21624;1.21621;2;T;True;1
1621246651000;14160865;1.21615;1.21621;1.21618;10;T;True;1
1621246652000;14160867;1.21615;1.21621;1.21618;1;T;True;1
1621246653000;14160869;1.21615;1.21621;1.21618;1;T;True;1
1621246654000;14160870;1.21615;1.21621;1.21618;0;T;True;1
1621246655000;14160878;1.21618;1.21624;1.21621;7;T;True;1
1621246656000;14160880;1.21618;1.21624;1.21621;1;T;True;1
1621246657000;14160881;1.21618;1.21624;1.21621;0;T;True;1
1621246658000;14160887;1.21618;1.21624;1.21621;5;T;True;1
1621246659000;14160889;1.21618;1.21624;1.21621;1;T;True;1
1621246660000;14160895;1.21616;1.21622;1.21619;5;T;True;1
1621246661000;14160900;1.21615;1.21621;1.21618;4;T;True;1
1621246662000;14160901;1.21615;1.21621;1.21618;0;T;True;1
1621246663000;14160905;1.21614;1.2162;1.21617;3;T;True;1
1621246664000;14160906;1.21614;1.2162;1.21617;0;T;True;1
1621246665000;14160907;1.21614;1.2162;1.21617;0;T;True;1
1621246666000;14160908;1.21614;1.2162;1.21617;0;T;True;1
1621246667000;14160910;1.21614;1.2162;1.21617;1;T;True;1
1621246668000;14160920;1.2161;1.21616;1.21613;9;T;True;1
1621246669000;14160921;1.2161;1.21616;1.21613;0;T;True;1
1621246670000;14160922;1.2161;1.21616;1.21613;0;T;True;1
1621246671000;14160926;1.2161;1.21616;1.21613;3;T;True;1
1621246672000;14160931;1.21612;1.21618;1.21615;4;T;True;1
1621246673000;14160936;1.21614;1.2162;1.21617;4;T;True;1
1621246674000;14160938;1.21614;1.2162;1.21617;1;T;True;1
1621246675000;14160940;1.21614;1.2162;1.21617;1;T;True;1
1621246676000;14160941;1.21614;1.2162;1.21617;0;T;True;1
1621246677000;14160942;1.21614;1.2162;1.21617;0;T;True;1
1621246678000;14160948;1.21614;1.2162;1.21617;5;T;True;1
1621246679000;14160950;1.21614;1.2162;1.21617;1;T;True;1
1621246680000;14160951;1.21614;1.2162;1.21617;0;T;True;1
1621246681000;14160954;1.21614;1.2162;1.21617;2;T;True;1
1621246682000;14160955;1.21614;1.2162;1.21617;0;T;True;1
1621246683000;14160965;1.21618;1.21624;1.21621;9;T;True;1
1621246684000;14160967;1.21618;1.21624;1.21621;1;T;True;1
1621246685000;14160968;1.21618;1.21624;1.21621;0;T;True;1
1621246686000;14160969;1.21618;1.21624;1.21621;0;T;True;1
1621246687000;14160970;1.21618;1.21624;1.21621;0;T;True;1
1621246688000;14160974;1.21617;1.21623;1.2162;3;T;True;1
1621246689000;14160986;1.21624;1.2163;1.21627;11;T;True;1
1621246690000;14160990;1.21624;1.2163;1.21627;3;T;True;1
1621246691000;14160991;1.21624;1.2163;1.21627;0;T;True;1
1621246692000;14160992;1.21624;1.2163;1.21627;0;T;True;1
1621246693000;14160993;1.21624;1.2163;1.21627;0;T;True;1
1621246694000;14160995;1.21624;1.2163;1.21627;1;T;True;1
1621246695000;14160996;1.21624;1.2163;1.21627;0;T;True;1
1621246696000;14160997;1.21624;1.2163;1.21627;0;T;True;1
1621246697000;14161002;1.2162;1.21626;1.21623;4;T;True;1
1621246698000;14161003;1.2162;1.21626;1.21623;0;T;True;1
1621246699000;14161004;1.2162;1.21626;1.21623;0;T;True;1
1621246700000;14161007;1.2162;1.21626;1.21623;2;T;True;1
1621246701000;14161013;1.21621;1.21627;1.21624;5;T;True;1
1621246702000;14161015;1.21622;1.21628;1.21625;1;T;True;1
1621246703000;14161016;1.21622;1.21628;1.21625;0;T;True;1
1621246704000;14161017;1.21622;1.21628;1.21625;0;T;True;1
1621246705000;14161018;1.21622;1.21628;1.21625;0;T;True;1
1621246706000;14161019;1.21622;1.21628;1.21625;0;T;True;1
1621246707000;14161020;1.21622;1.21628;1.21625;0;T;True;1
1621246708000;14161021;1.21622;1.21628;1.21625;0;T;True;1
1621246709000;14161022;1.21622;1.21628;1.21625;0;T;True;1
1621246710000;14161024;1.21622;1.21628;1.21625;1;T;True;1
1621246711000;14161025;1.21622;1.21628;1.21625;0;T;True;1
1621246712000;14161026;1.21622;1.21628;1.21625;0;T;True;1
1621246713000;14161029;1.21622;1.21628;1.21625;2;T;True;1
1621246714000;14161039;1.2162;1.21626;1.21623;9;T;True;1
1621246715000;14161040;1.2162;1.21626;1.21623;0;T;True;1
1621246716000;14161041;1.2162;1.21626;1.21623;0;T;True;1
1621246717000;14161047;1.21614;1.2162;1.21617;5;T;True;1
1621246718000;14161048;1.21614;1.2162;1.21617;0;T;True;1
1621246719000;14161056;1.21618;1.21624;1.21621;7;T;True;1
1621246720000;14161058;1.21618;1.21624;1.21621;1;T;True;1
1621246721000;14161060;1.21618;1.21624;1.21621;1;T;True;1
1621246722000;14161061;1.21618;1.21624;1.21621;0;T;True;1
1621246723000;14161062;1.21618;1.21624;1.21621;0;T;True;1
1621246724000;14161064;1.21618;1.21624;1.21621;1;T;True;1
1621246725000;14161065;1.21618;1.21624;1.21621;0;T;True;1
1621246726000;14161068;1.21617;1.21623;1.2162;2;T;True;1
1621246727000;14161073;1.21614;1.2162;1.21617;4;T;True;1
1621246728000;14161083;1.21612;1.21618;1.21615;9;T;True;1
1621246729000;14161085;1.21612;1.21618;1.21615;1;T;True;1
1621246730000;14161091;1.2161;1.21616;1.21613;5;T;True;1
1621246731000;14161092;1.2161;1.21616;1.21613;0;T;True;1
1621246732000;14161096;1.2161;1.21616;1.21613;3;T;True;1
1621246733000;14161099;1.2161;1.21616;1.21613;2;T;True;1
1621246734000;14161103;1.2161;1.21616;1.21613;3;T;True;1
1621246735000;14161112;1.21606;1.21612;1.21609;8;T;True;1
1621246736000;14161115;1.21604;1.2161;1.21607;2;T;True;1
1621246737000;14161116;1.21604;1.2161;1.21607;0;T;True;1
1621246738000;14161123;1.21606;1.21612;1.21609;6;T;True;1
1621246739000;14161124;1.21606;1.21612;1.21609;0;T;True;1
1621246740000;14161126;1.21607;1.21613;1.2161;1;T;True;1
1621246741000;14161139;1.2161;1.21616;1.21613;12;T;True;1
1621246742000;14161141;1.21609;1.21615;1.21612;1;T;True;1
1621246743000;14161147;1.21611;1.21617;1.21614;5;T;True;1
1621246744000;14161148;1.21611;1.21617;1.21614;0;T;True;1
1621246745000;14161149;1.21611;1.21617;1.21614;0;T;True;1
1621246746000;14161151;1.21612;1.21618;1.21615;1;T;True;1
1621246747000;14161154;1.21612;1.21618;1.21615;2;T;True;1
1621246748000;14161156;1.21612;1.21618;1.21615;1;T;True;1
1621246749000;14161158;1.21612;1.21618;1.21615;1;T;True;1
1621246750000;14161163;1.21613;1.21619;1.21616;4;T;True;1
1621246751000;14161171;1.21613;1.21619;1.21616;7;T;True;1
1621246752000;14161176;1.21612;1.21618;1.21615;4;T;True;1
1621246753000;14161179;1.21611;1.21617;1.21614;2;T;True;1
1621246754000;14161182;1.21612;1.21618;1.21615;2;T;True;1
1621246755000;14161184;1.21612;1.21618;1.21615;1;T;True;1
1621246756000;14161185;1.21612;1.21618;1.21615;0;T;True;1
1621246757000;14161186;1.21612;1.21618;1.21615;0;T;True;1
1621246758000;14161188;1.21611;1.21617;1.21614;1;T;True;1
1621246759000;14161190;1.21611;1.21617;1.21614;1;T;True;1
1621246760000;14161193;1.21611;1.21617;1.21614;2;T;True;1
1621246761000;14161194;1.21611;1.21617;1.21614;0;T;True;1
1621246762000;14161195;1.21611;1.21617;1.21614;0;T;True;1
1621246763000;14161196;1.21611;1.21617;1.21614;0;T;True;1
1621246764000;14161199;1.21611;1.21617;1.21614;2;T;True;1
1621246765000;14161201;1.21611;1.21617;1.21614;1;T;True;1
1621246766000;14161202;1.21611;1.21617;1.21614;0;T;True;1
1621246767000;14161205;1.21612;1.21618;1.21615;2;T;True;1
1621246768000;14161208;1.21612;1.21618;1.21615;2;T;True;1
1621246769000;14161210;1.21612;1.21618;1.21615;1;T;True;1
1621246770000;14161211;1.21612;1.21618;1.21615;0;T;True;1
1621246771000;14161212;1.21612;1.21618;1.21615;0;T;True;1
1621246772000;14161219;1.21614;1.2162;1.21617;6;T;True;1
1621246773000;14161224;1.21615;1.21621;1.21618;4;T;True;1
1621246774000;14161227;1.21614;1.2162;1.21617;2;T;True;1
1621246775000;14161230;1.21614;1.2162;1.21617;2;T;True;1
1621246776000;14161231;1.21614;1.2162;1.21617;0;T;True;1
1621246777000;14161236;1.21614;1.2162;1.21617;4;T;True;1
1621246778000;14161243;1.21614;1.2162;1.21617;6;T;True;1
1621246779000;14161250;1.2162;1.21626;1.21623;6;T;True;1
1621246780000;14161262;1.2162;1.21626;1.21623;11;T;True;1
1621246781000;14161263;1.2162;1.21626;1.21623;0;T;True;1
1621246782000;14161269;1.21622;1.21628;1.21625;5;T;True;1
1621246783000;14161272;1.21622;1.21628;1.21625;2;T;True;1
1621246784000;14161276;1.21622;1.21628;1.21625;3;T;True;1
1621246785000;14161280;1.21622;1.21628;1.21625;3;T;True;1
1621246786000;14161288;1.21622;1.21628;1.21625;7;T;True;1
1621246787000;14161289;1.21622;1.21628;1.21625;0;T;True;1
1621246788000;14161295;1.21622;1.21628;1.21625;5;T;True;1
1621246789000;14161297;1.21622;1.21628;1.21625;1;T;True;1
1621246790000;14161302;1.21626;1.21632;1.21629;4;T;True;1
1621246791000;14161303;1.21626;1.21632;1.21629;0;T;True;1
1621246792000;14161304;1.21626;1.21632;1.21629;0;T;True;1
1621246793000;14161311;1.21624;1.2163;1.21627;6;T;True;1
1621246794000;14161312;1.21624;1.2163;1.21627;0;T;True;1
1621246795000;14161316;1.21622;1.21628;1.21625;3;T;True;1
1621246796000;14161318;1.21622;1.21628;1.21625;1;T;True;1
1621246797000;14161320;1.21622;1.21628;1.21625;1;T;True;1
1621246798000;14161322;1.2162;1.21626;1.21623;1;T;True;1
1621246799000;14161328;1.21621;1.21627;1.21624;5;T;True;1
1621246800000;14161329;1.21621;1.21627;1.21624;0;T;True;1
1621246801000;14161330;1.21621;1.21627;1.21624;0;T;True;1
1621246802000;14161332;1.21621;1.21627;1.21624;1;T;True;1
1621246803000;14161333;1.21621;1.21627;1.21624;0;T;True;1
1621246804000;14161334;1.21621;1.21627;1.21624;0;T;True;1
1621246805000;14161336;1.21622;1.21628;1.21625;1;T;True;1
1621246806000;14161337;1.21622;1.21628;1.21625;0;T;True;1
1621246807000;14161343;1.21622;1.21628;1.21625;5;T;True;1
1621246808000;14161349;1.21622;1.21628;1.21625;5;T;True;1
1621246809000;14161351;1.21622;1.21628;1.21625;1;T;True;1
1621246810000;14161352;1.21622;1.21628;1.21625;0;T;True;1
1621246811000;14161355;1.21622;1.21628;1.21625;2;T;True;1
1621246812000;14161362;1.2162;1.21626;1.21623;6;T;True;1
1621246813000;14161364;1.21621;1.21627;1.21624;1;T;True;1
1621246814000;14161366;1.2162;1.21626;1.21623;1;T;True;1
1621246815000;14161368;1.2162;1.21626;1.21623;1;T;True;1
1621246816000;14161371;1.2162;1.21626;1.21623;2;T;True;1
1621246817000;14161372;1.2162;1.21626;1.21623;0;T;True;1
1621246818000;14161374;1.21621;1.21627;1.21624;1;T;True;1
1621246819000;14161378;1.21622;1.21628;1.21625;3;T;True;1
1621246820000;14161383;1.21624;1.2163;1.21627;4;T;True;1
1621246821000;14161388;1.21622;1.21628;1.21625;4;T;True;1
1621246822000;14161389;1.21622;1.21628;1.21625;0;T;True;1
1621246823000;14161395;1.21623;1.21629;1.21626;5;T;True;1
1621246824000;14161398;1.21622;1.21628;1.21625;2;T;True;1
1621246825000;14161399;1.21622;1.21628;1.21625;0;T;True;1
1621246826000;14161400;1.21622;1.21628;1.21625;0;T;True;1
1621246827000;14161401;1.21622;1.21628;1.21625;0;T;True;1
1621246828000;14161409;1.21622;1.21628;1.21625;7;T;True;1
1621246829000;14161410;1.21622;1.21628;1.21625;0;T;True;1
1621246830000;14161414;1.21622;1.21628;1.21625;3;T;True;1
1621246831000;14161419;1.21622;1.21628;1.21625;4;T;True;1
1621246832000;14161425;1.21622;1.21628;1.21625;5;T;True;1
1621246833000;14161430;1.21622;1.21628;1.21625;4;T;True;1
1621246834000;14161436;1.21621;1.21627;1.21624;5;T;True;1
1621246835000;14161439;1.2162;1.21626;1.21623;2;T;True;1
1621246836000;14161440;1.2162;1.21626;1.21623;0;T;True;1
1621246837000;14161442;1.2162;1.21626;1.21623;1;T;True;1
1621246838000;14161443;1.2162;1.21626;1.21623;0;T;True;1
1621246839000;14161444;1.2162;1.21626;1.21623;0;T;True;1
1621246840000;14161446;1.2162;1.21626;1.21623;1;T;True;1
1621246841000;14161450;1.21622;1.21628;1.21625;3;T;True;1
1621246842000;14161454;1.21622;1.21628;1.21625;3;T;True;1
1621246843000;14161468;1.21622;1.21628;1.21625;13;T;True;1
1621246844000;14161474;1.21621;1.21627;1.21624;5;T;True;1
1621246845000;14161475;1.21621;1.21627;1.21624;0;T;True;1
1621246846000;14161477;1.21621;1.21627;1.21624;1;T;True;1
1621246847000;14161482;1.21622;1.21628;1.21625;4;T;True;1
1621246848000;14161483;1.21622;1.21628;1.21625;0;T;True;1
1621246849000;14161484;1.21622;1.21628;1.21625;0;T;True;1
1621246850000;14161486;1.21622;1.21628;1.21625;1;T;True;1
1621246851000;14161489;1.21622;1.21628;1.21625;2;T;True;1
1621246852000;14161490;1.21622;1.21628;1.21625;0;T;True;1
1621246853000;14161491;1.21622;1.21628;1.21625;0;T;True;1
1621246854000;14161492;1.21622;1.21628;1.21625;0;T;True;1
1621246855000;14161493;1.21622;1.21628;1.21625;0;T;True;1
1621246856000;14161497;1.21622;1.21628;1.21625;3;T;True;1
1621246857000;14161498;1.21622;1.21628;1.21625;0;T;True;1
1621246858000;14161504;1.2162;1.21626;1.21623;5;T;True;1
1621246859000;14161505;1.2162;1.21626;1.21623;0;T;True;1
1621246860000;14161506;1.2162;1.21626;1.21623;0;T;True;1
1621246861000;14161507;1.2162;1.21626;1.21623;0;T;True;1
1621246862000;14161513;1.21618;1.21624;1.21621;5;T;True;1
1621246863000;14161514;1.21618;1.21624;1.21621;0;T;True;1
1621246864000;14161515;1.21618;1.21624;1.21621;0;T;True;1
1621246865000;14161516;1.21618;1.21624;1.21621;0;T;True;1
1621246866000;14161525;1.21618;1.21624;1.21621;8;T;True;1
1621246867000;14161530;1.21619;1.21625;1.21622;4;T;True;1
1621246868000;14161531;1.21619;1.21625;1.21622;0;T;True;1
1621246869000;14161533;1.2162;1.21626;1.21623;1;T;True;1
1621246870000;14161534;1.2162;1.21626;1.21623;0;T;True;1
1621246871000;14161535;1.2162;1.21626;1.21623;0;T;True;1
1621246872000;14161541;1.21622;1.21628;1.21625;5;T;True;1
1621246873000;14161544;1.21622;1.21628;1.21625;2;T;True;1
1621246874000;14161547;1.21622;1.21628;1.21625;2;T;True;1
1621246875000;14161548;1.21622;1.21628;1.21625;0;T;True;1
1621246876000;14161549;1.21622;1.21628;1.21625;0;T;True;1
1621246877000;14161550;1.21622;1.21628;1.21625;0;T;True;1
1621246878000;14161560;1.21621;1.21627;1.21624;9;T;True;1
1621246879000;14161562;1.21622;1.21628;1.21625;1;T;True;1
1621246880000;14161563;1.21622;1.21628;1.21625;0;T;True;1
1621246881000;14161564;1.21622;1.21628;1.21625;0;T;True;1
1621246882000;14161566;1.21622;1.21628;1.21625;1;T;True;1
1621246883000;14161568;1.21622;1.21628;1.21625;1;T;True;1
1621246884000;14161569;1.21622;1.21628;1.21625;0;T;True;1
1621246885000;14161570;1.21622;1.21628;1.21625;0;T;True;1
1621246886000;14161572;1.21622;1.21628;1.21625;1;T;True;1
1621246887000;14161573;1.21622;1.21628;1.21625;0;T;True;1
1621246888000;14161574;1.21622;1.21628;1.21625;0;T;True;1
1621246889000;14161577;1.21622;1.21628;1.21625;2;T;True;1
1621246890000;14161579;1.21623;1.21629;1.21626;1;T;True;1
1621246891000;14161584;1.21622;1.21628;1.21625;4;T;True;1
1621246892000;14161591;1.21623;1.21629;1.21626;6;T;True;1
1621246893000;14161592;1.21623;1.21629;1.21626;0;T;True;1
1621246894000;14161593;1.21623;1.21629;1.21626;0;T;True;1
1621246895000;14161594;1.21623;1.21629;1.21626;0;T;True;1
1621246896000;14161598;1.21622;1.21628;1.21625;3;T;True;1
1621246897000;14161599;1.21622;1.21628;1.21625;0;T;True;1
1621246898000;14161605;1.21618;1.21624;1.21621;5;T;True;1
1621246899000;14161606;1.21618;1.21624;1.21621;0;T;True;1
1621246900000;14161610;1.21618;1.21624;1.21621;3;T;True;1
1621246901000;14161613;1.21618;1.21624;1.21621;2;T;True;1
1621246902000;14161614;1.21618;1.21624;1.21621;0;T;True;1
1621246903000;14161615;1.21618;1.21624;1.21621;0;T;True;1
1621246904000;14161616;1.21618;1.21624;1.21621;0;T;True;1
1621246905000;14161618;1.21618;1.21624;1.21621;1;T;True;1
1621246906000;14161619;1.21618;1.21624;1.21621;0;T;True;1
1621246907000;14161625;1.21623;1.21629;1.21626;5;T;True;1
1621246908000;14161630;1.21624;1.2163;1.21627;4;T;True;1
1621246909000;14161639;1.21626;1.21632;1.21629;8;T;True;1
1621246910000;14161641;1.21626;1.21632;1.21629;1;T;True;1
1621246911000;14161649;1.21628;1.21634;1.21631;7;T;True;1
1621246912000;14161651;1.21629;1.21635;1.21632;1;T;True;1
1621246913000;14161652;1.21629;1.21635;1.21632;0;T;True;1
1621246914000;14161653;1.21629;1.21635;1.21632;0;T;True;1
1621246915000;14161660;1.21632;1.21638;1.21635;6;T;True;1
1621246916000;14161665;1.21632;1.21638;1.21635;4;T;True;1
1621246917000;14161666;1.21632;1.21638;1.21635;0;T;True;1
1621246918000;14161672;1.2163;1.21636;1.21633;5;T;True;1
1621246919000;14161674;1.2163;1.21636;1.21633;1;T;True;1
1621246920000;14161675;1.2163;1.21636;1.21633;0;T;True;1
1621246921000;14161677;1.2163;1.21636;1.21633;1;T;True;1
1621246922000;14161683;1.21634;1.2164;1.21637;5;T;True;1
1621246923000;14161684;1.21634;1.2164;1.21637;0;T;True;1
1621246924000;14161686;1.21633;1.21639;1.21636;1;T;True;1
1621246925000;14161688;1.21634;1.2164;1.21637;1;T;True;1
1621246926000;14161689;1.21634;1.2164;1.21637;0;T;True;1
1621246927000;14161691;1.21633;1.21639;1.21636;1;T;True;1
1621246928000;14161692;1.21633;1.21639;1.21636;0;T;True;1
1621246929000;14161693;1.21633;1.21639;1.21636;0;T;True;1
1621246930000;14161694;1.21633;1.21639;1.21636;0;T;True;1
1621246931000;14161697;1.21632;1.21638;1.21635;2;T;True;1
1621246932000;14161699;1.21632;1.21638;1.21635;1;T;True;1
1621246933000;14161700;1.21632;1.21638;1.21635;0;T;True;1
1621246934000;14161704;1.21632;1.21638;1.21635;3;T;True;1
1621246935000;14161705;1.21632;1.21638;1.21635;0;T;True;1
1621246936000;14161707;1.21633;1.21639;1.21636;1;T;True;1
1621246937000;14161708;1.21633;1.21639;1.21636;0;T;True;1
1621246938000;14161710;1.21634;1.2164;1.21637;1;T;True;1
1621246939000;14161711;1.21634;1.2164;1.21637;0;T;True;1
1621246940000;14161712;1.21634;1.2164;1.21637;0;T;True;1
1621246941000;14161713;1.21634;1.2164;1.21637;0;T;True;1
1621246942000;14161714;1.21634;1.2164;1.21637;0;T;True;1
1621246943000;14161715;1.21634;1.2164;1.21637;0;T;True;1
1621246944000;14161719;1.21632;1.21638;1.21635;3;T;True;1
1621246945000;14161720;1.21632;1.21638;1.21635;0;T;True;1
1621246946000;14161721;1.21632;1.21638;1.21635;0;T;True;1
1621246947000;14161725;1.21632;1.21638;1.21635;3;T;True;1
1621246948000;14161728;1.21632;1.21638;1.21635;2;T;True;1
1621246949000;14161732;1.21632;1.21638;1.21635;3;T;True;1
1621246950000;14161736;1.21632;1.21638;1.21635;3;T;True;1
1621246951000;14161739;1.21633;1.21639;1.21636;2;T;True;1
1621246952000;14161742;1.21634;1.2164;1.21637;2;T;True;1
1621246953000;14161744;1.21634;1.2164;1.21637;1;T;True;1
1621246954000;14161746;1.21634;1.2164;1.21637;1;T;True;1
1621246955000;14161748;1.21634;1.2164;1.21637;1;T;True;1
1621246956000;14161749;1.21634;1.2164;1.21637;0;T;True;1
1621246957000;14161750;1.21634;1.2164;1.21637;0;T;True;1
1621246958000;14161751;1.21634;1.2164;1.21637;0;T;True;1
1621246959000;14161753;1.21634;1.2164;1.21637;1;T;True;1
1621246960000;14161756;1.21634;1.2164;1.21637;2;T;True;1
1621246961000;14161757;1.21634;1.2164;1.21637;0;T;True;1
1621246962000;14161760;1.21634;1.2164;1.21637;2;T;True;1
1621246963000;14161763;1.21634;1.2164;1.21637;2;T;True;1
1621246964000;14161765;1.21634;1.2164;1.21637;1;T;True;1
1621246965000;14161767;1.21634;1.2164;1.21637;1;T;True;1
1621246966000;14161768;1.21634;1.2164;1.21637;0;T;True;1
1621246967000;14161769;1.21634;1.2164;1.21637;0;T;True;1
1621246968000;14161770;1.21634;1.2164;1.21637;0;T;True;1
1621246969000;14161771;1.21634;1.2164;1.21637;0;T;True;1
1621246970000;14161772;1.21634;1.2164;1.21637;0;T;True;1
1621246971000;14161775;1.21634;1.2164;1.21637;2;T;True;1
1621246972000;14161778;1.21634;1.2164;1.21637;2;T;True;1
1621246973000;14161779;1.21634;1.2164;1.21637;0;T;True;1
1621246974000;14161795;1.21645;1.21651;1.21648;15;T;True;1
1621246975000;14161801;1.21646;1.21652;1.21649;5;T;True;1
1621246976000;14161802;1.21646;1.21652;1.21649;0;T;True;1
1621246977000;14161805;1.21646;1.21652;1.21649;2;T;True;1
1621246978000;14161809;1.21646;1.21652;1.21649;3;T;True;1
1621246979000;14161814;1.21644;1.2165;1.21647;4;T;True;1
1621246980000;14161816;1.21644;1.2165;1.21647;1;T;True;1
1621246981000;14161824;1.2164;1.21646;1.21643;7;T;True;1
1621246982000;14161826;1.2164;1.21646;1.21643;1;T;True;1
1621246983000;14161827;1.2164;1.21646;1.21643;0;T;True;1
1621246984000;14161842;1.21638;1.21644;1.21641;14;T;True;1
1621246985000;14161844;1.21638;1.21644;1.21641;1;T;True;1
1621246986000;14161848;1.21638;1.21644;1.21641;3;T;True;1
1621246987000;14161849;1.21638;1.21644;1.21641;0;T;True;1
1621246988000;14161852;1.21638;1.21644;1.21641;2;T;True;1
1621246989000;14161857;1.21638;1.21644;1.21641;4;T;True;1
1621246990000;14161859;1.2164;1.21646;1.21643;1;T;True;1
1621246991000;14161860;1.2164;1.21646;1.21643;0;T;True;1
1621246992000;14161861;1.2164;1.21646;1.21643;0;T;True;1
1621246993000;14161862;1.2164;1.21646;1.21643;0;T;True;1
1621246994000;14161863;1.2164;1.21646;1.21643;0;T;True;1
1621246995000;14161864;1.2164;1.21646;1.21643;0;T;True;1
1621246996000;14161865;1.2164;1.21646;1.21643;0;T;True;1
1621246997000;14161867;1.21639;1.21645;1.21642;1;T;True;1
1621246998000;14161869;1.2164;1.21646;1.21643;1;T;True;1
1621246999000;14161870;1.2164;1.21646;1.21643;0;T;True;1
1621247000000;14161871;1.2164;1.21646;1.21643;0;T;True;1
1621247001000;14161872;1.2164;1.21646;1.21643;0;T;True;1
1621247002000;14161874;1.2164;1.21646;1.21643;1;T;True;1
1621247003000;14161876;1.2164;1.21646;1.21643;1;T;True;1
1621247004000;14161879;1.2164;1.21646;1.21643;2;T;True;1
1621247005000;14161880;1.2164;1.21646;1.21643;0;T;True;1
1621247006000;14161885;1.21638;1.21644;1.21641;4;T;True;1
1621247007000;14161887;1.21639;1.21645;1.21642;1;T;True;1
1621247008000;14161888;1.21639;1.21645;1.21642;0;T;True;1
1621247009000;14161889;1.21639;1.21645;1.21642;0;T;True;1
1621247010000;14161890;1.21639;1.21645;1.21642;0;T;True;1
1621247011000;14161891;1.21639;1.21645;1.21642;0;T;True;1
1621247012000;14161892;1.21639;1.21645;1.21642;0;T;True;1
1621247013000;14161893;1.21639;1.21645;1.21642;0;T;True;1
1621247014000;14161898;1.21639;1.21645;1.21642;4;T;True;1
1621247015000;14161899;1.21639;1.21645;1.21642;0;T;True;1
1621247016000;14161900;1.21639;1.21645;1.21642;0;T;True;1
1621247017000;14161905;1.21638;1.21644;1.21641;4;T;True;1
1621247018000;14161907;1.2164;1.21646;1.21643;1;T;True;1
1621247019000;14161909;1.2164;1.21646;1.21643;1;T;True;1
1621247020000;14161910;1.2164;1.21646;1.21643;0;T;True;1
1621247021000;14161911;1.2164;1.21646;1.21643;0;T;True;1
1621247022000;14161913;1.21639;1.21645;1.21642;1;T;True;1
1621247023000;14161914;1.21639;1.21645;1.21642;0;T;True;1
1621247024000;14161915;1.21639;1.21645;1.21642;0;T;True;1
1621247025000;14161918;1.2164;1.21646;1.21643;2;T;True;1
1621247026000;14161921;1.21641;1.21647;1.21644;2;T;True;1
1621247027000;14161922;1.21641;1.21647;1.21644;0;T;True;1
1621247028000;14161924;1.2164;1.21646;1.21643;1;T;True;1
1621247029000;14161925;1.2164;1.21646;1.21643;0;T;True;1
1621247030000;14161926;1.2164;1.21646;1.21643;0;T;True;1
1621247031000;14161927;1.2164;1.21646;1.21643;0;T;True;1
1621247032000;14161928;1.2164;1.21646;1.21643;0;T;True;1
1621247033000;14161929;1.2164;1.21646;1.21643;0;T;True;1
1621247034000;14161930;1.2164;1.21646;1.21643;0;T;True;1
1621247035000;14161931;1.2164;1.21646;1.21643;0;T;True;1
1621247036000;14161933;1.21637;1.21643;1.2164;1;T;True;1
1621247037000;14161937;1.21634;1.2164;1.21637;3;T;True;1
1621247038000;14161938;1.21634;1.2164;1.21637;0;T;True;1
1621247039000;14161939;1.21634;1.2164;1.21637;0;T;True;1
1621247040000;14161940;1.21634;1.2164;1.21637;0;T;True;1
1621247041000;14161941;1.21634;1.2164;1.21637;0;T;True;1
1621247042000;14161956;1.21633;1.21639;1.21636;14;T;True;1
1621247043000;14161963;1.21635;1.21641;1.21638;6;T;True;1
1621247044000;14161964;1.21635;1.21641;1.21638;0;T;True;1
1621247045000;14161966;1.21633;1.21639;1.21636;1;T;True;1
1621247046000;14161968;1.21633;1.21639;1.21636;1;T;True;1
1621247047000;14161969;1.21633;1.21639;1.21636;0;T;True;1
1621247048000;14161970;1.21633;1.21639;1.21636;0;T;True;1
1621247049000;14161971;1.21633;1.21639;1.21636;0;T;True;1
1621247050000;14161972;1.21633;1.21639;1.21636;0;T;True;1
1621247051000;14161974;1.21632;1.21638;1.21635;1;T;True;1
1621247052000;14161979;1.2163;1.21636;1.21633;4;T;True;1
1621247053000;14161980;1.2163;1.21636;1.21633;0;T;True;1
1621247054000;14161981;1.2163;1.21636;1.21633;0;T;True;1
1621247055000;14161985;1.21628;1.21634;1.21631;3;T;True;1
1621247056000;14161986;1.21628;1.21634;1.21631;0;T;True;1
1621247057000;14161991;1.21624;1.2163;1.21627;4;T;True;1
1621247058000;14161992;1.21624;1.2163;1.21627;0;T;True;1
1621247059000;14161993;1.21624;1.2163;1.21627;0;T;True;1
1621247060000;14162000;1.21628;1.21634;1.21631;6;T;True;1
1621247061000;14162002;1.21628;1.21634;1.21631;1;T;True;1
1621247062000;14162009;1.21632;1.21638;1.21635;6;T;True;1
1621247063000;14162010;1.21632;1.21638;1.21635;0;T;True;1
1621247064000;14162012;1.21632;1.21638;1.21635;1;T;True;1
1621247065000;14162013;1.21632;1.21638;1.21635;0;T;True;1
1621247066000;14162015;1.21632;1.21638;1.21635;1;T;True;1
1621247067000;14162016;1.21632;1.21638;1.21635;0;T;True;1
1621247068000;14162017;1.21632;1.21638;1.21635;0;T;True;1
1621247069000;14162018;1.21632;1.21638;1.21635;0;T;True;1
1621247070000;14162019;1.21632;1.21638;1.21635;0;T;True;1
1621247071000;14162020;1.21632;1.21638;1.21635;0;T;True;1
1621247072000;14162028;1.21637;1.21643;1.2164;7;T;True;1
1621247073000;14162031;1.21639;1.21645;1.21642;2;T;True;1
1621247074000;14162032;1.21639;1.21645;1.21642;0;T;True;1
1621247075000;14162036;1.2164;1.21646;1.21643;3;T;True;1
1621247076000;14162039;1.2164;1.21646;1.21643;2;T;True;1
1621247077000;14162042;1.2164;1.21646;1.21643;2;T;True;1
1621247078000;14162048;1.2164;1.21646;1.21643;5;T;True;1
1621247079000;14162053;1.21643;1.21649;1.21646;4;T;True;1
1621247080000;14162055;1.21644;1.2165;1.21647;1;T;True;1
1621247081000;14162058;1.21644;1.2165;1.21647;2;T;True;1
1621247082000;14162059;1.21644;1.2165;1.21647;0;T;True;1
1621247083000;14162060;1.21644;1.2165;1.21647;0;T;True;1
1621247084000;14162062;1.21644;1.2165;1.21647;1;T;True;1
1621247085000;14162063;1.21644;1.2165;1.21647;0;T;True;1
1621247086000;14162069;1.21649;1.21655;1.21652;5;T;True;1
1621247087000;14162072;1.21648;1.21654;1.21651;2;T;True;1
1621247088000;14162073;1.21648;1.21654;1.21651;0;T;True;1
1621247089000;14162075;1.21649;1.21655;1.21652;1;T;True;1
1621247090000;14162077;1.21649;1.21655;1.21652;1;T;True;1
1621247091000;14162078;1.21649;1.21655;1.21652;0;T;True;1
1621247092000;14162080;1.21649;1.21655;1.21652;1;T;True;1
1621247093000;14162082;1.21649;1.21655;1.21652;1;T;True;1
1621247094000;14162083;1.21649;1.21655;1.21652;0;T;True;1
1621247095000;14162084;1.21649;1.21655;1.21652;0;T;True;1
1621247096000;14162085;1.21649;1.21655;1.21652;0;T;True;1
1621247097000;14162086;1.21649;1.21655;1.21652;0;T;True;1
1621247098000;14162087;1.21649;1.21655;1.21652;0;T;True;1
1621247099000;14162088;1.21649;1.21655;1.21652;0;T;True;1
1621247100000;14162089;1.21649;1.21655;1.21652;0;T;True;1
1621247101000;14162090;1.21649;1.21655;1.21652;0;T;True;1
1621247102000;14162091;1.21649;1.21655;1.21652;0;T;True;1
1621247103000;14162092;1.21649;1.21655;1.21652;0;T;True;1
1621247104000;14162093;1.21649;1.21655;1.21652;0;T;True;1
1621247105000;14162094;1.21649;1.21655;1.21652;0;T;True;1
1621247106000;14162095;1.21649;1.21655;1.21652;0;T;True;1
1621247107000;14162096;1.21649;1.21655;1.21652;0;T;True;1
1621247108000;14162097;1.21649;1.21655;1.21652;0;T;True;1
1621247109000;14162098;1.21649;1.21655;1.21652;0;T;True;1
1621247110000;14162100;1.21649;1.21655;1.21652;1;T;True;1
1621247111000;14162101;1.21649;1.21655;1.21652;0;T;True;1
1621247112000;14162103;1.21649;1.21655;1.21652;1;T;True;1
1621247113000;14162104;1.21649;1.21655;1.21652;0;T;True;1
1621247114000;14162107;1.21649;1.21655;1.21652;2;T;True;1
1621247115000;14162109;1.21648;1.21654;1.21651;1;T;True;1
1621247116000;14162110;1.21648;1.21654;1.21651;0;T;True;1
1621247117000;14162111;1.21648;1.21654;1.21651;0;T;True;1
1621247118000;14162112;1.21648;1.21654;1.21651;0;T;True;1
1621247119000;14162116;1.21646;1.21652;1.21649;3;T;True;1
1621247120000;14162117;1.21646;1.21652;1.21649;0;T;True;1
1621247121000;14162118;1.21646;1.21652;1.21649;0;T;True;1
1621247122000;14162119;1.21646;1.21652;1.21649;0;T;True;1
1621247123000;14162120;1.21646;1.21652;1.21649;0;T;True;1
1621247124000;14162123;1.21644;1.2165;1.21647;2;T;True;1
1621247125000;14162127;1.21644;1.2165;1.21647;3;T;True;1
1621247126000;14162128;1.21644;1.2165;1.21647;0;T;True;1
1621247127000;14162131;1.21642;1.21648;1.21645;2;T;True;1
1621247128000;14162136;1.21642;1.21648;1.21645;4;T;True;1
1621247129000;14162143;1.21642;1.21648;1.21645;6;T;True;1
1621247130000;14162144;1.21642;1.21648;1.21645;0;T;True;1
1621247131000;14162146;1.21642;1.21648;1.21645;1;T;True;1
1621247132000;14162147;1.21642;1.21648;1.21645;0;T;True;1
1621247133000;14162149;1.21642;1.21648;1.21645;1;T;True;1
1621247134000;14162151;1.21642;1.21648;1.21645;1;T;True;1
1621247135000;14162152;1.21642;1.21648;1.21645;0;T;True;1
1621247136000;14162155;1.21642;1.21648;1.21645;2;T;True;1
1621247137000;14162156;1.21642;1.21648;1.21645;0;T;True;1
1621247138000;14162159;1.21642;1.21648;1.21645;2;T;True;1
1621247139000;14162164;1.21642;1.21648;1.21645;4;T;True;1
1621247140000;14162165;1.21642;1.21648;1.21645;0;T;True;1
1621247141000;14162167;1.21642;1.21648;1.21645;1;T;True;1
1621247142000;14162168;1.21642;1.21648;1.21645;0;T;True;1
1621247143000;14162176;1.21636;1.21642;1.21639;7;T;True;1
1621247144000;14162179;1.21636;1.21642;1.21639;2;T;True;1
1621247145000;14162180;1.21636;1.21642;1.21639;0;T;True;1
1621247146000;14162181;1.21636;1.21642;1.21639;0;T;True;1
1621247147000;14162182;1.21636;1.21642;1.21639;0;T;True;1
1621247148000;14162183;1.21636;1.21642;1.21639;0;T;True;1
1621247149000;14162184;1.21636;1.21642;1.21639;0;T;True;1
1621247150000;14162189;1.21632;1.21638;1.21635;4;T;True;1
1621247151000;14162193;1.21632;1.21638;1.21635;3;T;True;1
1621247152000;14162194;1.21632;1.21638;1.21635;0;T;True;1
1621247153000;14162196;1.21631;1.21637;1.21634;1;T;True;1
1621247154000;14162197;1.21631;1.21637;1.21634;0;T;True;1
1621247155000;14162198;1.21631;1.21637;1.21634;0;T;True;1
1621247156000;14162199;1.21631;1.21637;1.21634;0;T;True;1
1621247157000;14162202;1.21628;1.21634;1.21631;2;T;True;1
1621247158000;14162204;1.21628;1.21634;1.21631;1;T;True;1
1621247159000;14162210;1.21628;1.21634;1.21631;5;T;True;1
1621247160000;14162214;1.21628;1.21634;1.21631;3;T;True;1
1621247161000;14162215;1.21628;1.21634;1.21631;0;T;True;1
1621247162000;14162218;1.21628;1.21634;1.21631;2;T;True;1
1621247163000;14162220;1.21629;1.21635;1.21632;1;T;True;1
1621247164000;14162222;1.21629;1.21635;1.21632;1;T;True;1
1621247165000;14162223;1.21629;1.21635;1.21632;0;T;True;1
1621247166000;14162225;1.21628;1.21634;1.21631;1;T;True;1
1621247167000;14162228;1.21628;1.21634;1.21631;2;T;True;1
1621247168000;14162229;1.21628;1.21634;1.21631;0;T;True;1
1621247169000;14162235;1.21626;1.21632;1.21629;5;T;True;1
1621247170000;14162247;1.21632;1.21638;1.21635;11;T;True;1
1621247171000;14162252;1.21632;1.21638;1.21635;4;T;True;1
1621247172000;14162254;1.21632;1.21638;1.21635;1;T;True;1
1621247173000;14162258;1.2163;1.21636;1.21633;3;T;True;1
1621247174000;14162262;1.21632;1.21638;1.21635;3;T;True;1
1621247175000;14162263;1.21632;1.21638;1.21635;0;T;True;1
1621247176000;14162266;1.21632;1.21638;1.21635;2;T;True;1
1621247177000;14162271;1.21633;1.21639;1.21636;4;T;True;1
1621247178000;14162272;1.21633;1.21639;1.21636;0;T;True;1
1621247179000;14162277;1.21634;1.2164;1.21637;4;T;True;1
1621247180000;14162279;1.21633;1.21639;1.21636;1;T;True;1
1621247181000;14162285;1.21632;1.21638;1.21635;5;T;True;1
1621247182000;14162288;1.21632;1.21638;1.21635;2;T;True;1
1621247183000;14162291;1.21631;1.21637;1.21634;2;T;True;1
1621247184000;14162303;1.21636;1.21642;1.21639;11;T;True;1
1621247185000;14162309;1.21631;1.21637;1.21634;5;T;True;1
1621247186000;14162321;1.21634;1.2164;1.21637;11;T;True;1
1621247187000;14162324;1.21636;1.21642;1.21639;2;T;True;1
1621247188000;14162325;1.21636;1.21642;1.21639;0;T;True;1
1621247189000;14162327;1.21636;1.21642;1.21639;1;T;True;1
1621247190000;14162337;1.21642;1.21648;1.21645;9;T;True;1
1621247191000;14162340;1.21644;1.2165;1.21647;2;T;True;1
1621247192000;14162342;1.21644;1.2165;1.21647;1;T;True;1
1621247193000;14162347;1.21644;1.2165;1.21647;4;T;True;1
1621247194000;14162351;1.21648;1.21654;1.21651;3;T;True;1
1621247195000;14162353;1.21648;1.21654;1.21651;1;T;True;1
1621247196000;14162354;1.21648;1.21654;1.21651;0;T;True;1
