ts;n;bid;ask;value;volume;phase;round;active_id
1621240062000;14145392;1.21356;1.21362;1.21359;0;T;True;1
1621240063000;14145396;1.21356;1.21362;1.21359;3;T;True;1
1621240064000;14145397;1.21356;1.21362;1.21359;0;T;True;1
1621240065000;14145401;1.21352;1.21358;1.21355;3;T;True;1
1621240066000;14145403;1.21354;1.2136;1.21357;1;T;True;1
1621240067000;14145405;1.21352;1.21358;1.21355;1;T;True;1
1621240068000;14145406;1.21352;1.21358;1.21355;0;T;True;1
1621240069000;14145407;1.21352;1.21358;1.21355;0;T;True;1
1621240070000;14145408;1.21352;1.21358;1.21355;0;T;True;1
1621240071000;14145412;1.21354;1.2136;1.21357;3;T;True;1
1621240072000;14145417;1.21352;1.21358;1.21355;4;T;True;1
1621240073000;14145418;1.21352;1.21358;1.21355;0;T;True;1
1621240074000;14145419;1.21352;1.21358;1.21355;0;T;True;1
1621240075000;14145422;1.21352;1.21358;1.21355;2;T;True;1
1621240076000;14145423;1.21352;1.21358;1.21355;0;T;True;1
1621240077000;14145425;1.21352;1.21358;1.21355;1;T;True;1
1621240078000;14145427;1.21352;1.21358;1.21355;1;T;True;1
1621240079000;14145429;1.21352;1.21358;1.21355;1;T;True;1
1621240080000;14145430;1.21352;1.21358;1.21355;0;T;True;1
1621240081000;14145435;1.21354;1.2136;1.21357;4;T;True;1
1621240082000;14145436;1.21354;1.2136;1.21357;0;T;True;1
1621240083000;14145437;1.21354;1.2136;1.21357;0;T;True;1
1621240084000;14145438;1.21354;1.2136;1.21357;0;T;True;1
1621240085000;14145439;1.21354;1.2136;1.21357;0;T;True;1
1621240086000;14145444;1.21355;1.21361;1.21358;4;T;True;1
1621240087000;14145447;1.21356;1.21362;1.21359;2;T;True;1
1621240088000;14145452;1.21354;1.2136;1.21357;4;T;True;1
1621240089000;14145455;1.21354;1.2136;1.21357;2;T;True;1
1621240090000;14145456;1.21354;1.2136;1.21357;0;T;True;1
1621240091000;14145457;1.21354;1.2136;1.21357;0;T;True;1
1621240092000;14145458;1.21354;1.2136;1.21357;0;T;True;1
1621240093000;14145459;1.21354;1.2136;1.21357;0;T;True;1
1621240094000;14145460;1.21354;1.2136;1.21357;0;T;True;1
1621240095000;14145463;1.21355;1.21361;1.21358;2;T;True;1
1621240096000;14145469;1.21353;1.21359;1.21356;5;T;True;1
1621240097000;14145470;1.21353;1.21359;1.21356;0;T;True;1
1621240098000;14145472;1.21353;1.21359;1.21356;1;T;True;1
1621240099000;14145474;1.21352;1.21358;1.21355;1;T;True;1
1621240100000;14145476;1.21352;1.21358;1.21355;1;T;True;1
1621240101000;14145477;1.21352;1.21358;1.21355;0;T;True;1
1621240102000;14145478;1.21352;1.21358;1.21355;0;T;True;1
1621240103000;14145481;1.21354;1.2136;1.21357;2;T;True;1
1621240104000;14145482;1.21354;1.2136;1.21357;0;T;True;1
1621240105000;14145483;1.21354;1.2136;1.21357;0;T;True;1
1621240106000;14145484;1.21354;1.2136;1.21357;0;T;True;1
1621240107000;14145485;1.21354;1.2136;1.21357;0;T;True;1
1621240108000;14145486;1.21354;1.2136;1.21357;0;T;True;1
1621240109000;14145488;1.21356;1.21362;1.21359;1;T;True;1
1621240110000;14145489;1.21356;1.21362;1.21359;0;T;True;1
1621240111000;14145493;1.21354;1.2136;1.21357;3;T;True;1
1621240112000;14145494;1.21354;1.2136;1.21357;0;T;True;1
1621240113000;14145495;1.21354;1.2136;1.21357;0;T;True;1
1621240114000;14145498;1.21354;1.2136;1.21357;2;T;True;1
1621240115000;14145500;1.21354;1.2136;1.21357;1;T;True;1
1621240116000;14145501;1.21354;1.2136;1.21357;0;T;True;1
1621240117000;14145502;1.21354;1.2136;1.21357;0;T;True;1
1621240118000;14145506;1.21358;1.21364;1.21361;3;T;True;1
1621240119000;14145507;1.21358;1.21364;1.21361;0;T;True;1
1621240120000;14145508;1.21358;1.21364;1.21361;0;T;True;1
1621240121000;14145518;1.21359;1.21365;1.21362;9;T;True;1
1621240122000;14145519;1.21359;1.21365;1.21362;0;T;True;1
1621240123000;14145520;1.21359;1.21365;1.21362;0;T;True;1
1621240124000;14145521;1.21359;1.21365;1.21362;0;T;True;1
1621240125000;14145524;1.21358;1.21364;1.21361;2;T;True;1
1621240126000;14145525;1.21358;1.21364;1.21361;0;T;True;1
1621240127000;14145526;1.21358;1.21364;1.21361;0;T;True;1
1621240128000;14145528;1.21359;1.21365;1.21362;1;T;True;1
1621240129000;14145529;1.21359;1.21365;1.21362;0;T;True;1
1621240130000;14145530;1.21359;1.21365;1.21362;0;T;True;1
1621240131000;14145531;1.21359;1.21365;1.21362;0;T;True;1
1621240132000;14145535;1.2136;1.21366;1.21363;3;T;True;1
1621240133000;14145539;1.21357;1.21363;1.2136;3;T;True;1
1621240134000;14145546;1.21358;1.21364;1.21361;6;T;True;1
1621240135000;14145549;1.21358;1.21364;1.21361;2;T;True;1
1621240136000;14145553;1.21358;1.21364;1.21361;3;T;True;1
1621240137000;14145555;1.21358;1.21364;1.21361;1;T;True;1
1621240138000;14145559;1.21358;1.21364;1.21361;3;T;True;1
1621240139000;14145560;1.21358;1.21364;1.21361;0;T;True;1
1621240140000;14145561;1.21358;1.21364;1.21361;0;T;True;1
1621240141000;14145563;1.21357;1.21363;1.2136;1;T;True;1
1621240142000;14145568;1.21354;1.2136;1.21357;4;T;True;1
1621240143000;14145569;1.21354;1.2136;1.21357;0;T;True;1
1621240144000;14145570;1.21354;1.2136;1.21357;0;T;True;1
1621240145000;14145574;1.21356;1.21362;1.21359;3;T;True;1
1621240146000;14145577;1.21357;1.21363;1.2136;2;T;True;1
1621240147000;14145579;1.21356;1.21362;1.21359;1;T;True;1
1621240148000;14145580;1.21356;1.21362;1.21359;0;T;True;1
1621240149000;14145584;1.21354;1.2136;1.21357;3;T;True;1
1621240150000;14145587;1.21356;1.21362;1.21359;2;T;True;1
1621240151000;14145590;1.21357;1.21363;1.2136;2;T;True;1
1621240152000;14145594;1.21358;1.21364;1.21361;3;T;True;1
1621240153000;14145597;1.21358;1.21364;1.21361;2;T;True;1
1621240154000;14145598;1.21358;1.21364;1.21361;0;T;True;1
1621240155000;14145599;1.21358;1.21364;1.21361;0;T;True;1
1621240156000;14145600;1.21358;1.21364;1.21361;0;T;True;1
1621240157000;14145604;1.2136;1.21366;1.21363;3;T;True;1
1621240158000;14145605;1.2136;1.21366;1.21363;0;T;True;1
1621240159000;14145606;1.2136;1.21366;1.21363;0;T;True;1
1621240160000;14145607;1.2136;1.21366;1.21363;0;T;True;1
1621240161000;14145612;1.21358;1.21364;1.21361;4;T;True;1
1621240162000;14145613;1.21358;1.21364;1.21361;0;T;True;1
1621240163000;14145614;1.21358;1.21364;1.21361;0;T;True;1
1621240164000;14145615;1.21358;1.21364;1.21361;0;T;True;1
1621240165000;14145619;1.21358;1.21364;1.21361;3;T;True;1
1621240166000;14145620;1.21358;1.21364;1.21361;0;T;True;1
1621240167000;14145626;1.21358;1.21364;1.21361;5;T;True;1
1621240168000;14145627;1.21358;1.21364;1.21361;0;T;True;1
1621240169000;14145628;1.21358;1.21364;1.21361;0;T;True;1
1621240170000;14145630;1.21359;1.21365;1.21362;1;T;True;1
1621240171000;14145631;1.21359;1.21365;1.21362;0;T;True;1
1621240172000;14145632;1.21359;1.21365;1.21362;0;T;True;1
1621240173000;14145633;1.21359;1.21365;1.21362;0;T;True;1
1621240174000;14145635;1.2136;1.21366;1.21363;1;T;True;1
1621240175000;14145642;1.21364;1.2137;1.21367;6;T;True;1
1621240176000;14145643;1.21364;1.2137;1.21367;0;T;True;1
1621240177000;14145644;1.21364;1.2137;1.21367;0;T;True;1
1621240178000;14145649;1.21366;1.21372;1.21369;4;T;True;1
1621240179000;14145652;1.21366;1.21372;1.21369;2;T;True;1
1621240180000;14145653;1.21366;1.21372;1.21369;0;T;True;1
1621240181000;14145659;1.21364;1.2137;1.21367;5;T;True;1
1621240182000;14145661;1.21365;1.21371;1.21368;1;T;True;1
1621240183000;14145665;1.21366;1.21372;1.21369;3;T;True;1
1621240184000;14145668;1.21368;1.21374;1.21371;2;T;True;1
1621240185000;14145669;1.21368;1.21374;1.21371;0;T;True;1
1621240186000;14145670;1.21368;1.21374;1.21371;0;T;True;1
1621240187000;14145671;1.21368;1.21374;1.21371;0;T;True;1
1621240188000;14145673;1.21369;1.21375;1.21372;1;T;True;1
1621240189000;14145675;1.21369;1.21375;1.21372;1;T;True;1
1621240190000;14145678;1.21369;1.21375;1.21372;2;T;True;1
1621240191000;14145680;1.21369;1.21375;1.21372;1;T;True;1
1621240192000;14145681;1.21369;1.21375;1.21372;0;T;True;1
1621240193000;14145682;1.21369;1.21375;1.21372;0;T;True;1
1621240194000;14145683;1.21369;1.21375;1.21372;0;T;True;1
1621240195000;14145684;1.21369;1.21375;1.21372;0;T;True;1
1621240196000;14145685;1.21369;1.21375;1.21372;0;T;True;1
1621240197000;14145687;1.21369;1.21375;1.21372;1;T;True;1
1621240198000;14145690;1.2137;1.21376;1.21373;2;T;True;1
1621240199000;14145692;1.2137;1.21376;1.21373;1;T;True;1
1621240200000;14145694;1.2137;1.21376;1.21373;1;T;True;1
1621240201000;14145697;1.2137;1.21376;1.21373;2;T;True;1
1621240202000;14145698;1.2137;1.21376;1.21373;0;T;True;1
1621240203000;14145700;1.21368;1.21374;1.21371;1;T;True;1
1621240204000;14145703;1.21368;1.21374;1.21371;2;T;True;1
1621240205000;14145705;1.21368;1.21374;1.21371;1;T;True;1
1621240206000;14145707;1.21368;1.21374;1.21371;1;T;True;1
1621240207000;14145708;1.21368;1.21374;1.21371;0;T;True;1
1621240208000;14145709;1.21368;1.21374;1.21371;0;T;True;1
1621240209000;14145710;1.21368;1.21374;1.21371;0;T;True;1
1621240210000;14145715;1.2137;1.21376;1.21373;4;T;True;1
1621240211000;14145717;1.21372;1.21378;1.21375;1;T;True;1
1621240212000;14145719;1.21371;1.21377;1.21374;1;T;True;1
1621240213000;14145720;1.21371;1.21377;1.21374;0;T;True;1
1621240214000;14145722;1.21372;1.21378;1.21375;1;T;True;1
1621240215000;14145723;1.21372;1.21378;1.21375;0;T;True;1
1621240216000;14145724;1.21372;1.21378;1.21375;0;T;True;1
1621240217000;14145725;1.21372;1.21378;1.21375;0;T;True;1
1621240218000;14145726;1.21372;1.21378;1.21375;0;T;True;1
1621240219000;14145727;1.21372;1.21378;1.21375;0;T;True;1
1621240220000;14145729;1.21372;1.21378;1.21375;1;T;True;1
1621240221000;14145732;1.21373;1.21379;1.21376;2;T;True;1
1621240222000;14145734;1.21374;1.2138;1.21377;1;T;True;1
1621240223000;14145735;1.21374;1.2138;1.21377;0;T;True;1
1621240224000;14145746;1.21377;1.21383;1.2138;10;T;True;1
1621240225000;14145752;1.21376;1.21382;1.21379;5;T;True;1
1621240226000;14145753;1.21376;1.21382;1.21379;0;T;True;1
1621240227000;14145759;1.21374;1.2138;1.21377;5;T;True;1
1621240228000;14145760;1.21374;1.2138;1.21377;0;T;True;1
1621240229000;14145761;1.21374;1.2138;1.21377;0;T;True;1
1621240230000;14145762;1.21374;1.2138;1.21377;0;T;True;1
1621240231000;14145767;1.21372;1.21378;1.21375;4;T;True;1
1621240232000;14145769;1.21372;1.21378;1.21375;1;T;True;1
1621240233000;14145771;1.21372;1.21378;1.21375;1;T;True;1
1621240234000;14145777;1.21376;1.21382;1.21379;5;T;True;1
1621240235000;14145778;1.21376;1.21382;1.21379;0;T;True;1
1621240236000;14145780;1.21376;1.21382;1.21379;1;T;True;1
1621240237000;14145781;1.21376;1.21382;1.21379;0;T;True;1
1621240238000;14145782;1.21376;1.21382;1.21379;0;T;True;1
1621240239000;14145783;1.21376;1.21382;1.21379;0;T;True;1
1621240240000;14145784;1.21376;1.21382;1.21379;0;T;True;1
1621240241000;14145788;1.21373;1.21379;1.21376;3;T;True;1
1621240242000;14145791;1.21373;1.21379;1.21376;2;T;True;1
1621240243000;14145792;1.21373;1.21379;1.21376;0;T;True;1
1621240244000;14145795;1.21373;1.21379;1.21376;2;T;True;1
1621240245000;14145797;1.21372;1.21378;1.21375;1;T;True;1
1621240246000;14145802;1.21374;1.2138;1.21377;4;T;True;1
1621240247000;14145805;1.21376;1.21382;1.21379;2;T;True;1
1621240248000;14145807;1.21377;1.21383;1.2138;1;T;True;1
1621240249000;14145808;1.21377;1.21383;1.2138;0;T;True;1
1621240250000;14145815;1.2138;1.21386;1.21383;6;T;True;1
1621240251000;14145816;1.2138;1.21386;1.21383;0;T;True;1
1621240252000;14145817;1.2138;1.21386;1.21383;0;T;True;1
1621240253000;14145819;1.2138;1.21386;1.21383;1;T;True;1
1621240254000;14145821;1.2138;1.21386;1.21383;1;T;True;1
1621240255000;14145825;1.21384;1.2139;1.21387;3;T;True;1
1621240256000;14145828;1.21384;1.2139;1.21387;2;T;True;1
1621240257000;14145830;1.21385;1.21391;1.21388;1;T;True;1
1621240258000;14145831;1.21385;1.21391;1.21388;0;T;True;1
1621240259000;14145832;1.21385;1.21391;1.21388;0;T;True;1
1621240260000;14145834;1.21385;1.21391;1.21388;1;T;True;1
1621240261000;14145835;1.21385;1.21391;1.21388;0;T;True;1
1621240262000;14145836;1.21385;1.21391;1.21388;0;T;True;1
1621240263000;14145837;1.21385;1.21391;1.21388;0;T;True;1
1621240264000;14145838;1.21385;1.21391;1.21388;0;T;True;1
1621240265000;14145839;1.21385;1.21391;1.21388;0;T;True;1
1621240266000;14145840;1.21385;1.21391;1.21388;0;T;True;1
1621240267000;14145842;1.21386;1.21392;1.21389;1;T;True;1
1621240268000;14145843;1.21386;1.21392;1.21389;0;T;True;1
1621240269000;14145849;1.2139;1.21396;1.21393;5;T;True;1
1621240270000;14145850;1.2139;1.21396;1.21393;0;T;True;1
1621240271000;14145851;1.2139;1.21396;1.21393;0;T;True;1
1621240272000;14145852;1.2139;1.21396;1.21393;0;T;True;1
1621240273000;14145853;1.2139;1.21396;1.21393;0;T;True;1
1621240274000;14145854;1.2139;1.21396;1.21393;0;T;True;1
1621240275000;14145855;1.2139;1.21396;1.21393;0;T;True;1
1621240276000;14145858;1.21392;1.21398;1.21395;2;T;True;1
1621240277000;14145863;1.21394;1.214;1.21397;4;T;True;1
1621240278000;14145866;1.21396;1.21402;1.21399;2;T;True;1
1621240279000;14145867;1.21396;1.21402;1.21399;0;T;True;1
1621240280000;14145868;1.21396;1.21402;1.21399;0;T;True;1
1621240281000;14145869;1.21396;1.21402;1.21399;0;T;True;1
1621240282000;14145870;1.21396;1.21402;1.21399;0;T;True;1
1621240283000;14145872;1.21395;1.21401;1.21398;1;T;True;1
1621240284000;14145873;1.21395;1.21401;1.21398;0;T;True;1
1621240285000;14145874;1.21395;1.21401;1.21398;0;T;True;1
1621240286000;14145875;1.21395;1.21401;1.21398;0;T;True;1
1621240287000;14145876;1.21395;1.21401;1.21398;0;T;True;1
1621240288000;14145878;1.21396;1.21402;1.21399;1;T;True;1
1621240289000;14145883;1.21394;1.214;1.21397;4;T;True;1
1621240290000;14145884;1.21394;1.214;1.21397;0;T;True;1
1621240291000;14145887;1.21395;1.21401;1.21398;2;T;True;1
1621240292000;14145888;1.21395;1.21401;1.21398;0;T;True;1
1621240293000;14145889;1.21395;1.21401;1.21398;0;T;True;1
1621240294000;14145890;1.21395;1.21401;1.21398;0;T;True;1
1621240295000;14145891;1.21395;1.21401;1.21398;0;T;True;1
1621240296000;14145892;1.21395;1.21401;1.21398;0;T;True;1
1621240297000;14145893;1.21395;1.21401;1.21398;0;T;True;1
1621240298000;14145894;1.21395;1.21401;1.21398;0;T;True;1
1621240299000;14145895;1.21395;1.21401;1.21398;0;T;True;1
1621240300000;14145897;1.21395;1.21401;1.21398;1;T;True;1
1621240301000;14145898;1.21395;1.21401;1.21398;0;T;True;1
1621240302000;14145901;1.21392;1.21398;1.21395;2;T;True;1
1621240303000;14145902;1.21392;1.21398;1.21395;0;T;True;1
1621240304000;14145903;1.21392;1.21398;1.21395;0;T;True;1
1621240305000;14145907;1.21392;1.21398;1.21395;3;T;True;1
1621240306000;14145910;1.21393;1.21399;1.21396;2;T;True;1
1621240307000;14145912;1.21393;1.21399;1.21396;1;T;True;1
1621240308000;14145913;1.21393;1.21399;1.21396;0;T;True;1
1621240309000;14145915;1.21394;1.214;1.21397;1;T;True;1
1621240310000;14145920;1.21396;1.21402;1.21399;4;T;True;1
1621240311000;14145921;1.21396;1.21402;1.21399;0;T;True;1
1621240312000;14145925;1.21394;1.214;1.21397;3;T;True;1
1621240313000;14145927;1.21394;1.214;1.21397;1;T;True;1
1621240314000;14145928;1.21394;1.214;1.21397;0;T;True;1
1621240315000;14145930;1.21395;1.21401;1.21398;1;T;True;1
1621240316000;14145935;1.21396;1.21402;1.21399;4;T;True;1
1621240317000;14145936;1.21396;1.21402;1.21399;0;T;True;1
1621240318000;14145937;1.21396;1.21402;1.21399;0;T;True;1
1621240319000;14145938;1.21396;1.21402;1.21399;0;T;True;1
1621240320000;14145939;1.21396;1.21402;1.21399;0;T;True;1
1621240321000;14145941;1.21396;1.21402;1.21399;1;T;True;1
1621240322000;14145942;1.21396;1.21402;1.21399;0;T;True;1
1621240323000;14145944;1.21396;1.21402;1.21399;1;T;True;1
1621240324000;14145945;1.21396;1.21402;1.21399;0;T;True;1
1621240325000;14145946;1.21396;1.21402;1.21399;0;T;True;1
1621240326000;14145947;1.21396;1.21402;1.21399;0;T;True;1
1621240327000;14145949;1.21396;1.21402;1.21399;1;T;True;1
1621240328000;14145951;1.21397;1.21403;1.214;1;T;True;1
1621240329000;14145952;1.21397;1.21403;1.214;0;T;True;1
1621240330000;14145953;1.21397;1.21403;1.214;0;T;True;1
1621240331000;14145954;1.21397;1.21403;1.214;0;T;True;1
1621240332000;14145955;1.21397;1.21403;1.214;0;T;True;1
1621240333000;14145957;1.21396;1.21402;1.21399;1;T;True;1
1621240334000;14145958;1.21396;1.21402;1.21399;0;T;True;1
1621240335000;14145959;1.21396;1.21402;1.21399;0;T;True;1
1621240336000;14145960;1.21396;1.21402;1.21399;0;T;True;1
1621240337000;14145961;1.21396;1.21402;1.21399;0;T;True;1
1621240338000;14145963;1.21396;1.21402;1.21399;1;T;True;1
1621240339000;14145969;1.214;1.21406;1.21403;5;T;True;1
1621240340000;14145971;1.214;1.21406;1.21403;1;T;True;1
1621240341000;14145974;1.21398;1.21404;1.21401;2;T;True;1
1621240342000;14145976;1.21399;1.21405;1.21402;1;T;True;1
1621240343000;14145982;1.21396;1.21402;1.21399;5;T;True;1
1621240344000;14145984;1.21396;1.21402;1.21399;1;T;True;1
1621240345000;14145985;1.21396;1.21402;1.21399;0;T;True;1
1621240346000;14145986;1.21396;1.21402;1.21399;0;T;True;1
1621240347000;14145988;1.21396;1.21402;1.21399;1;T;True;1
1621240348000;14145990;1.21395;1.21401;1.21398;1;T;True;1
1621240349000;14145991;1.21395;1.21401;1.21398;0;T;True;1
1621240350000;14145992;1.21395;1.21401;1.21398;0;T;True;1
1621240351000;14145993;1.21395;1.21401;1.21398;0;T;True;1
1621240352000;14145994;1.21395;1.21401;1.21398;0;T;True;1
1621240353000;14145995;1.21395;1.21401;1.21398;0;T;True;1
1621240354000;14145996;1.21395;1.21401;1.21398;0;T;True;1
1621240355000;14145999;1.21394;1.214;1.21397;2;T;True;1
1621240356000;14146001;1.21393;1.21399;1.21396;1;T;True;1
1621240357000;14146004;1.21391;1.21397;1.21394;2;T;True;1
1621240358000;14146006;1.2139;1.21396;1.21393;1;T;True;1
1621240359000;14146007;1.2139;1.21396;1.21393;0;T;True;1
1621240360000;14146011;1.2139;1.21396;1.21393;3;T;True;1
1621240361000;14146018;1.21387;1.21393;1.2139;6;T;True;1
1621240362000;14146019;1.21387;1.21393;1.2139;0;T;True;1
1621240363000;14146020;1.21387;1.21393;1.2139;0;T;True;1
1621240364000;14146021;1.21387;1.21393;1.2139;0;T;True;1
1621240365000;14146026;1.21382;1.21388;1.21385;4;T;True;1
1621240366000;14146028;1.21381;1.21387;1.21384;1;T;True;1
1621240367000;14146031;1.21382;1.21388;1.21385;2;T;True;1
1621240368000;14146033;1.21382;1.21388;1.21385;1;T;True;1
1621240369000;14146038;1.21385;1.21391;1.21388;4;T;True;1
1621240370000;14146040;1.21385;1.21391;1.21388;1;T;True;1
1621240371000;14146044;1.21387;1.21393;1.2139;3;T;True;1
1621240372000;14146045;1.21387;1.21393;1.2139;0;T;True;1
1621240373000;14146046;1.21387;1.21393;1.2139;0;T;True;1
1621240374000;14146049;1.21389;1.21395;1.21392;2;T;True;1
1621240375000;14146053;1.21387;1.21393;1.2139;3;T;True;1
1621240376000;14146055;1.21387;1.21393;1.2139;1;T;True;1
1621240377000;14146057;1.21389;1.21395;1.21392;1;T;True;1
1621240378000;14146062;1.21391;1.21397;1.21394;4;T;True;1
1621240379000;14146066;1.21393;1.21399;1.21396;3;T;True;1
1621240380000;14146074;1.21396;1.21402;1.21399;7;T;True;1
1621240381000;14146076;1.21398;1.21404;1.21401;1;T;True;1
1621240382000;14146077;1.21398;1.21404;1.21401;0;T;True;1
1621240383000;14146080;1.21394;1.214;1.21397;2;T;True;1
1621240384000;14146087;1.21394;1.214;1.21397;6;T;True;1
1621240385000;14146088;1.21394;1.214;1.21397;0;T;True;1
1621240386000;14146089;1.21394;1.214;1.21397;0;T;True;1
1621240387000;14146092;1.21394;1.214;1.21397;2;T;True;1
1621240388000;14146093;1.21394;1.214;1.21397;0;T;True;1
1621240389000;14146096;1.21392;1.21398;1.21395;2;T;True;1
1621240390000;14146099;1.21392;1.21398;1.21395;2;T;True;1
1621240391000;14146100;1.21392;1.21398;1.21395;0;T;True;1
1621240392000;14146102;1.21392;1.21398;1.21395;1;T;True;1
1621240393000;14146104;1.21392;1.21398;1.21395;1;T;True;1
1621240394000;14146105;1.21392;1.21398;1.21395;0;T;True;1
1621240395000;14146108;1.21392;1.21398;1.21395;2;T;True;1
1621240396000;14146110;1.21392;1.21398;1.21395;1;T;True;1
1621240397000;14146111;1.21392;1.21398;1.21395;0;T;True;1
1621240398000;14146117;1.21388;1.21394;1.21391;5;T;True;1
1621240399000;14146119;1.21388;1.21394;1.21391;1;T;True;1
1621240400000;14146123;1.21389;1.21395;1.21392;3;T;True;1
1621240401000;14146129;1.21393;1.21399;1.21396;5;T;True;1
1621240402000;14146130;1.21393;1.21399;1.21396;0;T;True;1
1621240403000;14146137;1.21387;1.21393;1.2139;6;T;True;1
1621240404000;14146143;1.2139;1.21396;1.21393;5;T;True;1
1621240405000;14146152;1.21394;1.214;1.21397;8;T;True;1
1621240406000;14146153;1.21394;1.214;1.21397;0;T;True;1
1621240407000;14146155;1.21394;1.214;1.21397;1;T;True;1
1621240408000;14146156;1.21394;1.214;1.21397;0;T;True;1
1621240409000;14146160;1.21396;1.21402;1.21399;3;T;True;1
1621240410000;14146164;1.21398;1.21404;1.21401;3;T;True;1
1621240411000;14146165;1.21398;1.21404;1.21401;0;T;True;1
1621240412000;14146166;1.21398;1.21404;1.21401;0;T;True;1
1621240413000;14146167;1.21398;1.21404;1.21401;0;T;True;1
1621240414000;14146168;1.21398;1.21404;1.21401;0;T;True;1
1621240415000;14146173;1.21398;1.21404;1.21401;4;T;True;1
1621240416000;14146175;1.21398;1.21404;1.21401;1;T;True;1
1621240417000;14146179;1.214;1.21406;1.21403;3;T;True;1
1621240418000;14146181;1.214;1.21406;1.21403;1;T;True;1
1621240419000;14146182;1.214;1.21406;1.21403;0;T;True;1
1621240420000;14146183;1.214;1.21406;1.21403;0;T;True;1
1621240421000;14146184;1.214;1.21406;1.21403;0;T;True;1
1621240422000;14146186;1.214;1.21406;1.21403;1;T;True;1
1621240423000;14146187;1.214;1.21406;1.21403;0;T;True;1
1621240424000;14146189;1.21399;1.21405;1.21402;1;T;True;1
1621240425000;14146190;1.21399;1.21405;1.21402;0;T;True;1
1621240426000;14146191;1.21399;1.21405;1.21402;0;T;True;1
1621240427000;14146194;1.214;1.21406;1.21403;2;T;True;1
1621240428000;14146195;1.214;1.21406;1.21403;0;T;True;1
1621240429000;14146196;1.214;1.21406;1.21403;0;T;True;1
1621240430000;14146197;1.214;1.21406;1.21403;0;T;True;1
1621240431000;14146198;1.214;1.21406;1.21403;0;T;True;1
1621240432000;14146199;1.214;1.21406;1.21403;0;T;True;1
1621240433000;14146200;1.214;1.21406;1.21403;0;T;True;1
1621240434000;14146207;1.21397;1.21403;1.214;6;T;True;1
1621240435000;14146208;1.21397;1.21403;1.214;0;T;True;1
1621240436000;14146209;1.21397;1.21403;1.214;0;T;True;1
1621240437000;14146210;1.21397;1.21403;1.214;0;T;True;1
1621240438000;14146214;1.21396;1.21402;1.21399;3;T;True;1
1621240439000;14146215;1.21396;1.21402;1.21399;0;T;True;1
1621240440000;14146217;1.21396;1.21402;1.21399;1;T;True;1
1621240441000;14146219;1.21395;1.21401;1.21398;1;T;True;1
1621240442000;14146222;1.21394;1.214;1.21397;2;T;True;1
1621240443000;14146227;1.21395;1.21401;1.21398;4;T;True;1
1621240444000;14146229;1.21394;1.214;1.21397;1;T;True;1
1621240445000;14146231;1.21394;1.214;1.21397;1;T;True;1
1621240446000;14146232;1.21394;1.214;1.21397;0;T;True;1
1621240447000;14146233;1.21394;1.214;1.21397;0;T;True;1
1621240448000;14146235;1.21395;1.21401;1.21398;1;T;True;1
1621240449000;14146237;1.21395;1.21401;1.21398;1;T;True;1
1621240450000;14146240;1.21396;1.21402;1.21399;2;T;True;1
1621240451000;14146243;1.21397;1.21403;1.214;2;T;True;1
1621240452000;14146245;1.21396;1.21402;1.21399;1;T;True;1
1621240453000;14146247;1.21396;1.21402;1.21399;1;T;True;1
1621240454000;14146248;1.21396;1.21402;1.21399;0;T;True;1
1621240455000;14146249;1.21396;1.21402;1.21399;0;T;True;1
1621240456000;14146250;1.21396;1.21402;1.21399;0;T;True;1
1621240457000;14146251;1.21396;1.21402;1.21399;0;T;True;1
1621240458000;14146257;1.21392;1.21398;1.21395;5;T;True;1
1621240459000;14146259;1.21392;1.21398;1.21395;1;T;True;1
1621240460000;14146260;1.21392;1.21398;1.21395;0;T;True;1
1621240461000;14146261;1.21392;1.21398;1.21395;0;T;True;1
1621240462000;14146263;1.21392;1.21398;1.21395;1;T;True;1
1621240463000;14146264;1.21392;1.21398;1.21395;0;T;True;1
1621240464000;14146265;1.21392;1.21398;1.21395;0;T;True;1
1621240465000;14146266;1.21392;1.21398;1.21395;0;T;True;1
1621240466000;14146267;1.21392;1.21398;1.21395;0;T;True;1
1621240467000;14146268;1.21392;1.21398;1.21395;0;T;True;1
1621240468000;14146271;1.21394;1.214;1.21397;2;T;True;1
1621240469000;14146273;1.21394;1.214;1.21397;1;T;True;1
1621240470000;14146275;1.21394;1.214;1.21397;1;T;True;1
1621240471000;14146276;1.21394;1.214;1.21397;0;T;True;1
1621240472000;14146278;1.21394;1.214;1.21397;1;T;True;1
1621240473000;14146279;1.21394;1.214;1.21397;0;T;True;1
1621240474000;14146280;1.21394;1.214;1.21397;0;T;True;1
1621240475000;14146282;1.21394;1.214;1.21397;1;T;True;1
1621240476000;14146287;1.21397;1.21403;1.214;4;T;True;1
1621240477000;14146295;1.214;1.21406;1.21403;7;T;True;1
1621240478000;14146299;1.214;1.21406;1.21403;3;T;True;1
1621240479000;14146302;1.214;1.21406;1.21403;2;T;True;1
1621240480000;14146304;1.21401;1.21407;1.21404;1;T;True;1
1621240481000;14146308;1.21402;1.21408;1.21405;3;T;True;1
1621240482000;14146312;1.21402;1.21408;1.21405;3;T;True;1
1621240483000;14146314;1.21402;1.21408;1.21405;1;T;True;1
1621240484000;14146315;1.21402;1.21408;1.21405;0;T;True;1
1621240485000;14146317;1.21402;1.21408;1.21405;1;T;True;1
1621240486000;14146318;1.21402;1.21408;1.21405;0;T;True;1
1621240487000;14146319;1.21402;1.21408;1.21405;0;T;True;1
1621240488000;14146320;1.21402;1.21408;1.21405;0;T;True;1
1621240489000;14146322;1.21402;1.21408;1.21405;1;T;True;1
1621240490000;14146324;1.21404;1.2141;1.21407;1;T;True;1
1621240491000;14146326;1.21404;1.2141;1.21407;1;T;True;1
1621240492000;14146331;1.21402;1.21408;1.21405;4;T;True;1
1621240493000;14146333;1.21402;1.21408;1.21405;1;T;True;1
1621240494000;14146335;1.21402;1.21408;1.21405;1;T;True;1
1621240495000;14146337;1.21402;1.21408;1.21405;1;T;True;1
1621240496000;14146339;1.21402;1.21408;1.21405;1;T;True;1
1621240497000;14146340;1.21402;1.21408;1.21405;0;T;True;1
1621240498000;14146343;1.21401;1.21407;1.21404;2;T;True;1
1621240499000;14146345;1.21402;1.21408;1.21405;1;T;True;1
1621240500000;14146347;1.21402;1.21408;1.21405;1;T;True;1
1621240501000;14146348;1.21402;1.21408;1.21405;0;T;True;1
1621240502000;14146351;1.21402;1.21408;1.21405;2;T;True;1
1621240503000;14146353;1.21402;1.21408;1.21405;1;T;True;1
1621240504000;14146355;1.21402;1.21408;1.21405;1;T;True;1
1621240505000;14146356;1.21402;1.21408;1.21405;0;T;True;1
1621240506000;14146358;1.21402;1.21408;1.21405;1;T;True;1
1621240507000;14146360;1.21402;1.21408;1.21405;1;T;True;1
1621240508000;14146361;1.21402;1.21408;1.21405;0;T;True;1
1621240509000;14146362;1.21402;1.21408;1.21405;0;T;True;1
1621240510000;14146364;1.21402;1.21408;1.21405;1;T;True;1
1621240511000;14146365;1.21402;1.21408;1.21405;0;T;True;1
1621240512000;14146366;1.21402;1.21408;1.21405;0;T;True;1
1621240513000;14146367;1.21402;1.21408;1.21405;0;T;True;1
1621240514000;14146368;1.21402;1.21408;1.21405;0;T;True;1
1621240515000;14146369;1.21402;1.21408;1.21405;0;T;True;1
1621240516000;14146370;1.21402;1.21408;1.21405;0;T;True;1
1621240517000;14146372;1.21402;1.21408;1.21405;1;T;True;1
1621240518000;14146373;1.21402;1.21408;1.21405;0;T;True;1
1621240519000;14146378;1.21401;1.21407;1.21404;4;T;True;1
1621240520000;14146382;1.214;1.21406;1.21403;3;T;True;1
1621240521000;14146385;1.21399;1.21405;1.21402;2;T;True;1
1621240522000;14146389;1.21398;1.21404;1.21401;3;T;True;1
1621240523000;14146390;1.21398;1.21404;1.21401;0;T;True;1
1621240524000;14146391;1.21398;1.21404;1.21401;0;T;True;1
1621240525000;14146393;1.21396;1.21402;1.21399;1;T;True;1
1621240526000;14146398;1.21394;1.214;1.21397;4;T;True;1
1621240527000;14146399;1.21394;1.214;1.21397;0;T;True;1
1621240528000;14146401;1.21394;1.214;1.21397;1;T;True;1
1621240529000;14146403;1.21394;1.214;1.21397;1;T;True;1
1621240530000;14146404;1.21394;1.214;1.21397;0;T;True;1
1621240531000;14146410;1.21392;1.21398;1.21395;5;T;True;1
1621240532000;14146411;1.21392;1.21398;1.21395;0;T;True;1
1621240533000;14146415;1.21392;1.21398;1.21395;3;T;True;1
1621240534000;14146416;1.21392;1.21398;1.21395;0;T;True;1
1621240535000;14146417;1.21392;1.21398;1.21395;0;T;True;1
1621240536000;14146419;1.21392;1.21398;1.21395;1;T;True;1
1621240537000;14146420;1.21392;1.21398;1.21395;0;T;True;1
1621240538000;14146421;1.21392;1.21398;1.21395;0;T;True;1
1621240539000;14146423;1.21392;1.21398;1.21395;1;T;True;1
1621240540000;14146425;1.21392;1.21398;1.21395;1;T;True;1
1621240541000;14146426;1.21392;1.21398;1.21395;0;T;True;1
1621240542000;14146427;1.21392;1.21398;1.21395;0;T;True;1
1621240543000;14146428;1.21392;1.21398;1.21395;0;T;True;1
1621240544000;14146429;1.21392;1.21398;1.21395;0;T;True;1
1621240545000;14146430;1.21392;1.21398;1.21395;0;T;True;1
1621240546000;14146434;1.21392;1.21398;1.21395;3;T;True;1
1621240547000;14146436;1.21392;1.21398;1.21395;1;T;True;1
1621240548000;14146443;1.21388;1.21394;1.21391;6;T;True;1
1621240549000;14146446;1.2139;1.21396;1.21393;2;T;True;1
1621240550000;14146451;1.21383;1.21389;1.21386;4;T;True;1
1621240551000;14146458;1.2138;1.21386;1.21383;6;T;True;1
1621240552000;14146459;1.2138;1.21386;1.21383;0;T;True;1
1621240553000;14146461;1.2138;1.21386;1.21383;1;T;True;1
1621240554000;14146462;1.2138;1.21386;1.21383;0;T;True;1
1621240555000;14146463;1.2138;1.21386;1.21383;0;T;True;1
1621240556000;14146468;1.21384;1.2139;1.21387;4;T;True;1
1621240557000;14146472;1.2138;1.21386;1.21383;3;T;True;1
1621240558000;14146473;1.2138;1.21386;1.21383;0;T;True;1
1621240559000;14146474;1.2138;1.21386;1.21383;0;T;True;1
1621240560000;14146475;1.2138;1.21386;1.21383;0;T;True;1
1621240561000;14146476;1.2138;1.21386;1.21383;0;T;True;1
1621240562000;14146477;1.2138;1.21386;1.21383;0;T;True;1
1621240563000;14146478;1.2138;1.21386;1.21383;0;T;True;1
1621240564000;14146479;1.2138;1.21386;1.21383;0;T;True;1
1621240565000;14146484;1.21379;1.21385;1.21382;4;T;True;1
1621240566000;14146485;1.21379;1.21385;1.21382;0;T;True;1
1621240567000;14146487;1.21378;1.21384;1.21381;1;T;True;1
1621240568000;14146490;1.21378;1.21384;1.21381;2;T;True;1
1621240569000;14146495;1.21376;1.21382;1.21379;4;T;True;1
1621240570000;14146496;1.21376;1.21382;1.21379;0;T;True;1
1621240571000;14146498;1.21376;1.21382;1.21379;1;T;True;1
1621240572000;14146499;1.21376;1.21382;1.21379;0;T;True;1
1621240573000;14146500;1.21376;1.21382;1.21379;0;T;True;1
1621240574000;14146503;1.21377;1.21383;1.2138;2;T;True;1
1621240575000;14146504;1.21377;1.21383;1.2138;0;T;True;1
1621240576000;14146505;1.21377;1.21383;1.2138;0;T;True;1
1621240577000;14146508;1.21376;1.21382;1.21379;2;T;True;1
1621240578000;14146509;1.21376;1.21382;1.21379;0;T;True;1
1621240579000;14146510;1.21376;1.21382;1.21379;0;T;True;1
1621240580000;14146511;1.21376;1.21382;1.21379;0;T;True;1
1621240581000;14146513;1.21378;1.21384;1.21381;1;T;True;1
1621240582000;14146514;1.21378;1.21384;1.21381;0;T;True;1
1621240583000;14146520;1.21382;1.21388;1.21385;5;T;True;1
1621240584000;14146521;1.21382;1.21388;1.21385;0;T;True;1
1621240585000;14146522;1.21382;1.21388;1.21385;0;T;True;1
1621240586000;14146523;1.21382;1.21388;1.21385;0;T;True;1
1621240587000;14146526;1.21382;1.21388;1.21385;2;T;True;1
1621240588000;14146529;1.21384;1.2139;1.21387;2;T;True;1
1621240589000;14146533;1.21386;1.21392;1.21389;3;T;True;1
1621240590000;14146537;1.21384;1.2139;1.21387;3;T;True;1
1621240591000;14146539;1.21384;1.2139;1.21387;1;T;True;1
1621240592000;14146542;1.21383;1.21389;1.21386;2;T;True;1
1621240593000;14146543;1.21383;1.21389;1.21386;0;T;True;1
1621240594000;14146544;1.21383;1.21389;1.21386;0;T;True;1
1621240595000;14146545;1.21383;1.21389;1.21386;0;T;True;1
1621240596000;14146547;1.21384;1.2139;1.21387;1;T;True;1
1621240597000;14146548;1.21384;1.2139;1.21387;0;T;True;1
1621240598000;14146549;1.21384;1.2139;1.21387;0;T;True;1
1621240599000;14146550;1.21384;1.2139;1.21387;0;T;True;1
1621240600000;14146551;1.21384;1.2139;1.21387;0;T;True;1
1621240601000;14146552;1.21384;1.2139;1.21387;0;T;True;1
1621240602000;14146553;1.21384;1.2139;1.21387;0;T;True;1
1621240603000;14146554;1.21384;1.2139;1.21387;0;T;True;1
1621240604000;14146555;1.21384;1.2139;1.21387;0;T;True;1
1621240605000;14146559;1.21385;1.21391;1.21388;3;T;True;1
1621240606000;14146561;1.21384;1.2139;1.21387;1;T;True;1
1621240607000;14146566;1.21384;1.2139;1.21387;4;T;True;1
1621240608000;14146567;1.21384;1.2139;1.21387;0;T;True;1
1621240609000;14146568;1.21384;1.2139;1.21387;0;T;True;1
1621240610000;14146569;1.21384;1.2139;1.21387;0;T;True;1
1621240611000;14146570;1.21384;1.2139;1.21387;0;T;True;1
1621240612000;14146572;1.21384;1.2139;1.21387;1;T;True;1
1621240613000;14146573;1.21384;1.2139;1.21387;0;T;True;1
1621240614000;14146575;1.21383;1.21389;1.21386;1;T;True;1
1621240615000;14146579;1.21385;1.21391;1.21388;3;T;True;1
1621240616000;14146588;1.21392;1.21398;1.21395;8;T;True;1
1621240617000;14146589;1.21392;1.21398;1.21395;0;T;True;1
1621240618000;14146590;1.21392;1.21398;1.21395;0;T;True;1
1621240619000;14146591;1.21392;1.21398;1.21395;0;T;True;1
1621240620000;14146592;1.21392;1.21398;1.21395;0;T;True;1
1621240621000;14146593;1.21392;1.21398;1.21395;0;T;True;1
1621240622000;14146594;1.21392;1.21398;1.21395;0;T;True;1
1621240623000;14146595;1.21392;1.21398;1.21395;0;T;True;1
1621240624000;14146598;1.21394;1.214;1.21397;2;T;True;1
1621240625000;14146601;1.21393;1.21399;1.21396;2;T;True;1
1621240626000;14146604;1.21392;1.21398;1.21395;2;T;True;1
1621240627000;14146606;1.21392;1.21398;1.21395;1;T;True;1
1621240628000;14146607;1.21392;1.21398;1.21395;0;T;True;1
1621240629000;14146609;1.21392;1.21398;1.21395;1;T;True;1
1621240630000;14146610;1.21392;1.21398;1.21395;0;T;True;1
1621240631000;14146611;1.21392;1.21398;1.21395;0;T;True;1
1621240632000;14146612;1.21392;1.21398;1.21395;0;T;True;1
1621240633000;14146613;1.21392;1.21398;1.21395;0;T;True;1
1621240634000;14146614;1.21392;1.21398;1.21395;0;T;True;1
1621240635000;14146615;1.21392;1.21398;1.21395;0;T;True;1
1621240636000;14146616;1.21392;1.21398;1.21395;0;T;True;1
1621240637000;14146617;1.21392;1.21398;1.21395;0;T;True;1
1621240638000;14146619;1.21392;1.21398;1.21395;1;T;True;1
1621240639000;14146622;1.21392;1.21398;1.21395;2;T;True;1
1621240640000;14146625;1.21394;1.214;1.21397;2;T;True;1
1621240641000;14146626;1.21394;1.214;1.21397;0;T;True;1
1621240642000;14146627;1.21394;1.214;1.21397;0;T;True;1
1621240643000;14146630;1.21394;1.214;1.21397;2;T;True;1
1621240644000;14146631;1.21394;1.214;1.21397;0;T;True;1
1621240645000;14146632;1.21394;1.214;1.21397;0;T;True;1
1621240646000;14146633;1.21394;1.214;1.21397;0;T;True;1
1621240647000;14146635;1.21394;1.214;1.21397;1;T;True;1
1621240648000;14146640;1.21393;1.21399;1.21396;4;T;True;1
1621240649000;14146642;1.21393;1.21399;1.21396;1;T;True;1
1621240650000;14146644;1.21393;1.21399;1.21396;1;T;True;1
1621240651000;14146645;1.21393;1.21399;1.21396;0;T;True;1
1621240652000;14146651;1.21399;1.21405;1.21402;5;T;True;1
1621240653000;14146652;1.21399;1.21405;1.21402;0;T;True;1
1621240654000;14146653;1.21399;1.21405;1.21402;0;T;True;1
1621240655000;14146657;1.214;1.21406;1.21403;3;T;True;1
1621240656000;14146658;1.214;1.21406;1.21403;0;T;True;1
1621240657000;14146659;1.214;1.21406;1.21403;0;T;True;1
1621240658000;14146665;1.21403;1.21409;1.21406;5;T;True;1
1621240659000;14146667;1.21404;1.2141;1.21407;1;T;True;1
1621240660000;14146668;1.21404;1.2141;1.21407;0;T;True;1
1621240661000;14146669;1.21404;1.2141;1.21407;0;T;True;1
1621240662000;14146670;1.21404;1.2141;1.21407;0;T;True;1
1621240663000;14146672;1.21404;1.2141;1.21407;1;T;True;1
1621240664000;14146675;1.21404;1.2141;1.21407;2;T;True;1
1621240665000;14146679;1.21403;1.21409;1.21406;3;T;True;1
1621240666000;14146682;1.21403;1.21409;1.21406;2;T;True;1
1621240667000;14146683;1.21403;1.21409;1.21406;0;T;True;1
1621240668000;14146684;1.21403;1.21409;1.21406;0;T;True;1
1621240669000;14146686;1.21404;1.2141;1.21407;1;T;True;1
1621240670000;14146687;1.21404;1.2141;1.21407;0;T;True;1
1621240671000;14146690;1.21402;1.21408;1.21405;2;T;True;1
1621240672000;14146691;1.21402;1.21408;1.21405;0;T;True;1
1621240673000;14146692;1.21402;1.21408;1.21405;0;T;True;1
1621240674000;14146693;1.21402;1.21408;1.21405;0;T;True;1
1621240675000;14146694;1.21402;1.21408;1.21405;0;T;True;1
1621240676000;14146695;1.21402;1.21408;1.21405;0;T;True;1
1621240677000;14146696;1.21402;1.21408;1.21405;0;T;True;1
1621240678000;14146697;1.21402;1.21408;1.21405;0;T;True;1
1621240679000;14146698;1.21402;1.21408;1.21405;0;T;True;1
1621240680000;14146699;1.21402;1.21408;1.21405;0;T;True;1
1621240681000;14146701;1.21401;1.21407;1.21404;1;T;True;1
1621240682000;14146703;1.214;1.21406;1.21403;1;T;True;1
1621240683000;14146704;1.214;1.21406;1.21403;0;T;True;1
1621240684000;14146705;1.214;1.21406;1.21403;0;T;True;1
1621240685000;14146706;1.214;1.21406;1.21403;0;T;True;1
1621240686000;14146707;1.214;1.21406;1.21403;0;T;True;1
1621240687000;14146708;1.214;1.21406;1.21403;0;T;True;1
1621240688000;14146709;1.214;1.21406;1.21403;0;T;True;1
1621240689000;14146710;1.214;1.21406;1.21403;0;T;True;1
1621240690000;14146712;1.21401;1.21407;1.21404;1;T;True;1
1621240691000;14146713;1.21401;1.21407;1.21404;0;T;True;1
1621240692000;14146714;1.21401;1.21407;1.21404;0;T;True;1
1621240693000;14146715;1.21401;1.21407;1.21404;0;T;True;1
1621240694000;14146718;1.21402;1.21408;1.21405;2;T;True;1
1621240695000;14146720;1.21404;1.2141;1.21407;1;T;True;1
1621240696000;14146721;1.21404;1.2141;1.21407;0;T;True;1
1621240697000;14146722;1.21404;1.2141;1.21407;0;T;True;1
1621240698000;14146726;1.21404;1.2141;1.21407;3;T;True;1
1621240699000;14146727;1.21404;1.2141;1.21407;0;T;True;1
1621240700000;14146728;1.21404;1.2141;1.21407;0;T;True;1
1621240701000;14146730;1.21404;1.2141;1.21407;1;T;True;1
1621240702000;14146731;1.21404;1.2141;1.21407;0;T;True;1
1621240703000;14146732;1.21404;1.2141;1.21407;0;T;True;1
1621240704000;14146733;1.21404;1.2141;1.21407;0;T;True;1
1621240705000;14146734;1.21404;1.2141;1.21407;0;T;True;1
1621240706000;14146736;1.21405;1.21411;1.21408;1;T;True;1
1621240707000;14146737;1.21405;1.21411;1.21408;0;T;True;1
1621240708000;14146738;1.21405;1.21411;1.21408;0;T;True;1
1621240709000;14146741;1.21405;1.21411;1.21408;2;T;True;1
1621240710000;14146742;1.21405;1.21411;1.21408;0;T;True;1
1621240711000;14146748;1.21402;1.21408;1.21405;5;T;True;1
1621240712000;14146749;1.21402;1.21408;1.21405;0;T;True;1
1621240713000;14146752;1.21404;1.2141;1.21407;2;T;True;1
1621240714000;14146755;1.21406;1.21412;1.21409;2;T;True;1
1621240715000;14146757;1.21405;1.21411;1.21408;1;T;True;1
1621240716000;14146758;1.21405;1.21411;1.21408;0;T;True;1
1621240717000;14146759;1.21405;1.21411;1.21408;0;T;True;1
1621240718000;14146760;1.21405;1.21411;1.21408;0;T;True;1
1621240719000;14146761;1.21405;1.21411;1.21408;0;T;True;1
1621240720000;14146767;1.214;1.21406;1.21403;5;T;True;1
1621240721000;14146768;1.214;1.21406;1.21403;0;T;True;1
1621240722000;14146773;1.21401;1.21407;1.21404;4;T;True;1
1621240723000;14146774;1.21401;1.21407;1.21404;0;T;True;1
1621240724000;14146779;1.21405;1.21411;1.21408;4;T;True;1
1621240725000;14146784;1.21408;1.21414;1.21411;4;T;True;1
1621240726000;14146787;1.21409;1.21415;1.21412;2;T;True;1
1621240727000;14146788;1.21409;1.21415;1.21412;0;T;True;1
1621240728000;14146791;1.21409;1.21415;1.21412;2;T;True;1
1621240729000;14146793;1.21408;1.21414;1.21411;1;T;True;1
1621240730000;14146794;1.21408;1.21414;1.21411;0;T;True;1
1621240731000;14146795;1.21408;1.21414;1.21411;0;T;True;1
1621240732000;14146796;1.21408;1.21414;1.21411;0;T;True;1
1621240733000;14146799;1.21409;1.21415;1.21412;2;T;True;1
1621240734000;14146801;1.2141;1.21416;1.21413;1;T;True;1
1621240735000;14146802;1.2141;1.21416;1.21413;0;T;True;1
1621240736000;14146803;1.2141;1.21416;1.21413;0;T;True;1
1621240737000;14146804;1.2141;1.21416;1.21413;0;T;True;1
1621240738000;14146805;1.2141;1.21416;1.21413;0;T;True;1
1621240739000;14146806;1.2141;1.21416;1.21413;0;T;True;1
1621240740000;14146813;1.21411;1.21417;1.21414;6;T;True;1
1621240741000;14146814;1.21411;1.21417;1.21414;0;T;True;1
1621240742000;14146819;1.21411;1.21417;1.21414;4;T;True;1
1621240743000;14146822;1.21412;1.21418;1.21415;2;T;True;1
1621240744000;14146824;1.21412;1.21418;1.21415;1;T;True;1
1621240745000;14146830;1.21412;1.21418;1.21415;5;T;True;1
1621240746000;14146833;1.21412;1.21418;1.21415;2;T;True;1
1621240747000;14146835;1.21414;1.2142;1.21417;1;T;True;1
1621240748000;14146836;1.21414;1.2142;1.21417;0;T;True;1
1621240749000;14146837;1.21414;1.2142;1.21417;0;T;True;1
1621240750000;14146841;1.21411;1.21417;1.21414;3;T;True;1
1621240751000;14146845;1.21411;1.21417;1.21414;3;T;True;1
1621240752000;14146852;1.21408;1.21414;1.21411;6;T;True;1
1621240753000;14146853;1.21408;1.21414;1.21411;0;T;True;1
1621240754000;14146855;1.21408;1.21414;1.21411;1;T;True;1
1621240755000;14146856;1.21408;1.21414;1.21411;0;T;True;1
1621240756000;14146863;1.21408;1.21414;1.21411;6;T;True;1
1621240757000;14146865;1.21407;1.21413;1.2141;1;T;True;1
1621240758000;14146866;1.21407;1.21413;1.2141;0;T;True;1
1621240759000;14146867;1.21407;1.21413;1.2141;0;T;True;1
1621240760000;14146868;1.21407;1.21413;1.2141;0;T;True;1
1621240761000;14146869;1.21407;1.21413;1.2141;0;T;True;1
1621240762000;14146870;1.21407;1.21413;1.2141;0;T;True;1
1621240763000;14146871;1.21407;1.21413;1.2141;0;T;True;1
1621240764000;14146873;1.21406;1.21412;1.21409;1;T;True;1
1621240765000;14146875;1.21406;1.21412;1.21409;1;T;True;1
1621240766000;14146876;1.21406;1.21412;1.21409;0;T;True;1
1621240767000;14146877;1.21406;1.21412;1.21409;0;T;True;1
1621240768000;14146881;1.21408;1.21414;1.21411;3;T;True;1
1621240769000;14146882;1.21408;1.21414;1.21411;0;T;True;1
1621240770000;14146883;1.21408;1.21414;1.21411;0;T;True;1
1621240771000;14146885;1.21407;1.21413;1.2141;1;T;True;1
1621240772000;14146886;1.21407;1.21413;1.2141;0;T;True;1
1621240773000;14146888;1.21408;1.21414;1.21411;1;T;True;1
1621240774000;14146890;1.21408;1.21414;1.21411;1;T;True;1
1621240775000;14146898;1.21415;1.21421;1.21418;7;T;True;1
1621240776000;14146906;1.21418;1.21424;1.21421;7;T;True;1
1621240777000;14146908;1.21418;1.21424;1.21421;1;T;True;1
1621240778000;14146909;1.21418;1.21424;1.21421;0;T;True;1
1621240779000;14146911;1.21418;1.21424;1.21421;1;T;True;1
1621240780000;14146914;1.21418;1.21424;1.21421;2;T;True;1
1621240781000;14146917;1.21418;1.21424;1.21421;2;T;True;1
1621240782000;14146918;1.21418;1.21424;1.21421;0;T;True;1
1621240783000;14146919;1.21418;1.21424;1.21421;0;T;True;1
1621240784000;14146922;1.21418;1.21424;1.21421;2;T;True;1
1621240785000;14146924;1.21419;1.21425;1.21422;1;T;True;1
1621240786000;14146927;1.21418;1.21424;1.21421;2;T;True;1
1621240787000;14146928;1.21418;1.21424;1.21421;0;T;True;1
1621240788000;14146929;1.21418;1.21424;1.21421;0;T;True;1
1621240789000;14146935;1.21414;1.2142;1.21417;5;T;True;1
1621240790000;14146936;1.21414;1.2142;1.21417;0;T;True;1
1621240791000;14146939;1.21413;1.21419;1.21416;2;T;True;1
1621240792000;14146942;1.21413;1.21419;1.21416;2;T;True;1
1621240793000;14146947;1.21418;1.21424;1.21421;4;T;True;1
1621240794000;14146948;1.21418;1.21424;1.21421;0;T;True;1
1621240795000;14146950;1.21418;1.21424;1.21421;1;T;True;1
1621240796000;14146953;1.21418;1.21424;1.21421;2;T;True;1
1621240797000;14146956;1.21419;1.21425;1.21422;2;T;True;1
1621240798000;14146957;1.21419;1.21425;1.21422;0;T;True;1
1621240799000;14146963;1.21422;1.21428;1.21425;5;T;True;1
1621240800000;14146964;1.21422;1.21428;1.21425;0;T;True;1
1621240801000;14146966;1.21421;1.21427;1.21424;1;T;True;1
1621240802000;14146969;1.2142;1.21426;1.21423;2;T;True;1
1621240803000;14146972;1.2142;1.21426;1.21423;2;T;True;1
1621240804000;14146977;1.21418;1.21424;1.21421;4;T;True;1
1621240805000;14146979;1.21418;1.21424;1.21421;1;T;True;1
1621240806000;14146988;1.21414;1.2142;1.21417;8;T;True;1
1621240807000;14146992;1.21414;1.2142;1.21417;3;T;True;1
1621240808000;14146995;1.21414;1.2142;1.21417;2;T;True;1
1621240809000;14146997;1.21414;1.2142;1.21417;1;T;True;1
1621240810000;14146998;1.21414;1.2142;1.21417;0;T;True;1
1621240811000;14146999;1.21414;1.2142;1.21417;0;T;True;1
1621240812000;14147000;1.21414;1.2142;1.21417;0;T;True;1
1621240813000;14147001;1.21414;1.2142;1.21417;0;T;True;1
1621240814000;14147006;1.21415;1.21421;1.21418;4;T;True;1
1621240815000;14147015;1.21416;1.21422;1.21419;8;T;True;1
1621240816000;14147017;1.21414;1.2142;1.21417;1;T;True;1
1621240817000;14147018;1.21414;1.2142;1.21417;0;T;True;1
1621240818000;14147020;1.21415;1.21421;1.21418;1;T;True;1
1621240819000;14147022;1.21416;1.21422;1.21419;1;T;True;1
1621240820000;14147023;1.21416;1.21422;1.21419;0;T;True;1
1621240821000;14147027;1.21414;1.2142;1.21417;3;T;True;1
1621240822000;14147029;1.21415;1.21421;1.21418;1;T;True;1
1621240823000;14147030;1.21415;1.21421;1.21418;0;T;True;1
1621240824000;14147031;1.21415;1.21421;1.21418;0;T;True;1
1621240825000;14147033;1.21415;1.21421;1.21418;1;T;True;1
1621240826000;14147034;1.21415;1.21421;1.21418;0;T;True;1
1621240827000;14147035;1.21415;1.21421;1.21418;0;T;True;1
1621240828000;14147036;1.21415;1.21421;1.21418;0;T;True;1
1621240829000;14147045;1.21413;1.21419;1.21416;8;T;True;1
1621240830000;14147048;1.21414;1.2142;1.21417;2;T;True;1
1621240831000;14147057;1.21419;1.21425;1.21422;8;T;True;1
1621240832000;14147058;1.21419;1.21425;1.21422;0;T;True;1
1621240833000;14147062;1.21418;1.21424;1.21421;3;T;True;1
1621240834000;14147063;1.21418;1.21424;1.21421;0;T;True;1
1621240835000;14147065;1.2142;1.21426;1.21423;1;T;True;1
1621240836000;14147067;1.2142;1.21426;1.21423;1;T;True;1
1621240837000;14147068;1.2142;1.21426;1.21423;0;T;True;1
1621240838000;14147069;1.2142;1.21426;1.21423;0;T;True;1
1621240839000;14147070;1.2142;1.21426;1.21423;0;T;True;1
1621240840000;14147082;1.21411;1.21417;1.21414;11;T;True;1
1621240841000;14147084;1.21412;1.21418;1.21415;1;T;True;1
1621240842000;14147085;1.21412;1.21418;1.21415;0;T;True;1
1621240843000;14147087;1.21412;1.21418;1.21415;1;T;True;1
1621240844000;14147088;1.21412;1.21418;1.21415;0;T;True;1
1621240845000;14147089;1.21412;1.21418;1.21415;0;T;True;1
1621240846000;14147091;1.21411;1.21417;1.21414;1;T;True;1
1621240847000;14147099;1.21407;1.21413;1.2141;7;T;True;1
1621240848000;14147100;1.21407;1.21413;1.2141;0;T;True;1
1621240849000;14147102;1.21408;1.21414;1.21411;1;T;True;1
1621240850000;14147103;1.21408;1.21414;1.21411;0;T;True;1
1621240851000;14147105;1.21408;1.21414;1.21411;1;T;True;1
1621240852000;14147106;1.21408;1.21414;1.21411;0;T;True;1
1621240853000;14147107;1.21408;1.21414;1.21411;0;T;True;1
1621240854000;14147108;1.21408;1.21414;1.21411;0;T;True;1
1621240855000;14147109;1.21408;1.21414;1.21411;0;T;True;1
1621240856000;14147110;1.21408;1.21414;1.21411;0;T;True;1
1621240857000;14147111;1.21408;1.21414;1.21411;0;T;True;1
1621240858000;14147115;1.21408;1.21414;1.21411;3;T;True;1
1621240859000;14147116;1.21408;1.21414;1.21411;0;T;True;1
1621240860000;14147117;1.21408;1.21414;1.21411;0;T;True;1
1621240861000;14147118;1.21408;1.21414;1.21411;0;T;True;1
1621240862000;14147119;1.21408;1.21414;1.21411;0;T;True;1
1621240863000;14147125;1.21411;1.21417;1.21414;5;T;True;1
1621240864000;14147127;1.21412;1.21418;1.21415;1;T;True;1
1621240865000;14147128;1.21412;1.21418;1.21415;0;T;True;1
1621240866000;14147132;1.21415;1.21421;1.21418;3;T;True;1
1621240867000;14147135;1.21414;1.2142;1.21417;2;T;True;1
1621240868000;14147136;1.21414;1.2142;1.21417;0;T;True;1
1621240869000;14147138;1.21413;1.21419;1.21416;1;T;True;1
1621240870000;14147143;1.21414;1.2142;1.21417;4;T;True;1
1621240871000;14147146;1.21414;1.2142;1.21417;2;T;True;1
1621240872000;14147149;1.21416;1.21422;1.21419;2;T;True;1
1621240873000;14147151;1.21416;1.21422;1.21419;1;T;True;1
1621240874000;14147152;1.21416;1.21422;1.21419;0;T;True;1
1621240875000;14147153;1.21416;1.21422;1.21419;0;T;True;1
1621240876000;14147159;1.21412;1.21418;1.21415;5;T;True;1
1621240877000;14147161;1.21412;1.21418;1.21415;1;T;True;1
1621240878000;14147162;1.21412;1.21418;1.21415;0;T;True;1
1621240879000;14147163;1.21412;1.21418;1.21415;0;T;True;1
1621240880000;14147164;1.21412;1.21418;1.21415;0;T;True;1
1621240881000;14147165;1.21412;1.21418;1.21415;0;T;True;1
1621240882000;14147166;1.21412;1.21418;1.21415;0;T;True;1
1621240883000;14147167;1.21412;1.21418;1.21415;0;T;True;1
1621240884000;14147172;1.2141;1.21416;1.21413;4;T;True;1
1621240885000;14147175;1.2141;1.21416;1.21413;2;T;True;1
1621240886000;14147179;1.21408;1.21414;1.21411;3;T;True;1
1621240887000;14147181;1.21408;1.21414;1.21411;1;T;True;1
1621240888000;14147186;1.21406;1.21412;1.21409;4;T;True;1
1621240889000;14147188;1.21406;1.21412;1.21409;1;T;True;1
1621240890000;14147189;1.21406;1.21412;1.21409;0;T;True;1
1621240891000;14147190;1.21406;1.21412;1.21409;0;T;True;1
1621240892000;14147193;1.21407;1.21413;1.2141;2;T;True;1
1621240893000;14147194;1.21407;1.21413;1.2141;0;T;True;1
1621240894000;14147195;1.21407;1.21413;1.2141;0;T;True;1
1621240895000;14147196;1.21407;1.21413;1.2141;0;T;True;1
1621240896000;14147198;1.21407;1.21413;1.2141;1;T;True;1
1621240897000;14147199;1.21407;1.21413;1.2141;0;T;True;1
1621240898000;14147200;1.21407;1.21413;1.2141;0;T;True;1
1621240899000;14147201;1.21407;1.21413;1.2141;0;T;True;1
1621240900000;14147207;1.21409;1.21415;1.21412;5;T;True;1
1621240901000;14147210;1.21408;1.21414;1.21411;2;T;True;1
1621240902000;14147213;1.21407;1.21413;1.2141;2;T;True;1
1621240903000;14147216;1.21406;1.21412;1.21409;2;T;True;1
1621240904000;14147221;1.21402;1.21408;1.21405;4;T;True;1
1621240905000;14147223;1.21403;1.21409;1.21406;1;T;True;1
1621240906000;14147225;1.21404;1.2141;1.21407;1;T;True;1
1621240907000;14147226;1.21404;1.2141;1.21407;0;T;True;1
1621240908000;14147227;1.21404;1.2141;1.21407;0;T;True;1
1621240909000;14147228;1.21404;1.2141;1.21407;0;T;True;1
1621240910000;14147231;1.21404;1.2141;1.21407;2;T;True;1
1621240911000;14147237;1.21408;1.21414;1.21411;5;T;True;1
1621240912000;14147238;1.21408;1.21414;1.21411;0;T;True;1
1621240913000;14147239;1.21408;1.21414;1.21411;0;T;True;1
1621240914000;14147244;1.21409;1.21415;1.21412;4;T;True;1
1621240915000;14147245;1.21409;1.21415;1.21412;0;T;True;1
1621240916000;14147246;1.21409;1.21415;1.21412;0;T;True;1
1621240917000;14147247;1.21409;1.21415;1.21412;0;T;True;1
1621240918000;14147248;1.21409;1.21415;1.21412;0;T;True;1
1621240919000;14147249;1.21409;1.21415;1.21412;0;T;True;1
1621240920000;14147250;1.21409;1.21415;1.21412;0;T;True;1
1621240921000;14147252;1.21408;1.21414;1.21411;1;T;True;1
1621240922000;14147253;1.21408;1.21414;1.21411;0;T;True;1
1621240923000;14147257;1.21408;1.21414;1.21411;3;T;True;1
1621240924000;14147266;1.21414;1.2142;1.21417;8;T;True;1
1621240925000;14147270;1.21416;1.21422;1.21419;3;T;True;1
1621240926000;14147271;1.21416;1.21422;1.21419;0;T;True;1
1621240927000;14147272;1.21416;1.21422;1.21419;0;T;True;1
1621240928000;14147273;1.21416;1.21422;1.21419;0;T;True;1
1621240929000;14147275;1.21416;1.21422;1.21419;1;T;True;1
1621240930000;14147280;1.21415;1.21421;1.21418;4;T;True;1
1621240931000;14147285;1.21416;1.21422;1.21419;4;T;True;1
1621240932000;14147289;1.21414;1.2142;1.21417;3;T;True;1
1621240933000;14147291;1.21414;1.2142;1.21417;1;T;True;1
1621240934000;14147292;1.21414;1.2142;1.21417;0;T;True;1
1621240935000;14147296;1.21412;1.21418;1.21415;3;T;True;1
1621240936000;14147297;1.21412;1.21418;1.21415;0;T;True;1
1621240937000;14147298;1.21412;1.21418;1.21415;0;T;True;1
1621240938000;14147301;1.2141;1.21416;1.21413;2;T;True;1
1621240939000;14147302;1.2141;1.21416;1.21413;0;T;True;1
1621240940000;14147306;1.21409;1.21415;1.21412;3;T;True;1
1621240941000;14147307;1.21409;1.21415;1.21412;0;T;True;1
1621240942000;14147309;1.2141;1.21416;1.21413;1;T;True;1
1621240943000;14147311;1.21407;1.21413;1.2141;1;T;True;1
1621240944000;14147312;1.21407;1.21413;1.2141;0;T;True;1
1621240945000;14147314;1.21407;1.21413;1.2141;1;T;True;1
1621240946000;14147315;1.21407;1.21413;1.2141;0;T;True;1
1621240947000;14147317;1.21407;1.21413;1.2141;1;T;True;1
1621240948000;14147321;1.21406;1.21412;1.21409;3;T;True;1
1621240949000;14147323;1.21406;1.21412;1.21409;1;T;True;1
1621240950000;14147327;1.21404;1.2141;1.21407;3;T;True;1
1621240951000;14147328;1.21404;1.2141;1.21407;0;T;True;1
1621240952000;14147329;1.21404;1.2141;1.21407;0;T;True;1
1621240953000;14147335;1.21406;1.21412;1.21409;5;T;True;1
1621240954000;14147337;1.21406;1.21412;1.21409;1;T;True;1
1621240955000;14147338;1.21406;1.21412;1.21409;0;T;True;1
1621240956000;14147339;1.21406;1.21412;1.21409;0;T;True;1
1621240957000;14147342;1.21407;1.21413;1.2141;2;T;True;1
1621240958000;14147343;1.21407;1.21413;1.2141;0;T;True;1
1621240959000;14147344;1.21407;1.21413;1.2141;0;T;True;1
1621240960000;14147345;1.21407;1.21413;1.2141;0;T;True;1
1621240961000;14147346;1.21407;1.21413;1.2141;0;T;True;1
1621240962000;14147348;1.21408;1.21414;1.21411;1;T;True;1
1621240963000;14147349;1.21408;1.21414;1.21411;0;T;True;1
1621240964000;14147350;1.21408;1.21414;1.21411;0;T;True;1
1621240965000;14147351;1.21408;1.21414;1.21411;0;T;True;1
1621240966000;14147352;1.21408;1.21414;1.21411;0;T;True;1
1621240967000;14147353;1.21408;1.21414;1.21411;0;T;True;1
1621240968000;14147354;1.21408;1.21414;1.21411;0;T;True;1
1621240969000;14147355;1.21408;1.21414;1.21411;0;T;True;1
1621240970000;14147363;1.21405;1.21411;1.21408;7;T;True;1
1621240971000;14147366;1.21404;1.2141;1.21407;2;T;True;1
1621240972000;14147369;1.21404;1.2141;1.21407;2;T;True;1
1621240973000;14147376;1.21408;1.21414;1.21411;6;T;True;1
1621240974000;14147377;1.21408;1.21414;1.21411;0;T;True;1
1621240975000;14147378;1.21408;1.21414;1.21411;0;T;True;1
1621240976000;14147379;1.21408;1.21414;1.21411;0;T;True;1
1621240977000;14147381;1.21408;1.21414;1.21411;1;T;True;1
1621240978000;14147383;1.21408;1.21414;1.21411;1;T;True;1
1621240979000;14147384;1.21408;1.21414;1.21411;0;T;True;1
1621240980000;14147385;1.21408;1.21414;1.21411;0;T;True;1
1621240981000;14147386;1.21408;1.21414;1.21411;0;T;True;1
1621240982000;14147390;1.21408;1.21414;1.21411;3;T;True;1
1621240983000;14147391;1.21408;1.21414;1.21411;0;T;True;1
1621240984000;14147393;1.21408;1.21414;1.21411;1;T;True;1
1621240985000;14147394;1.21408;1.21414;1.21411;0;T;True;1
1621240986000;14147395;1.21408;1.21414;1.21411;0;T;True;1
1621240987000;14147396;1.21408;1.21414;1.21411;0;T;True;1
1621240988000;14147397;1.21408;1.21414;1.21411;0;T;True;1
1621240989000;14147398;1.21408;1.21414;1.21411;0;T;True;1
1621240990000;14147400;1.21408;1.21414;1.21411;1;T;True;1
1621240991000;14147401;1.21408;1.21414;1.21411;0;T;True;1
1621240992000;14147402;1.21408;1.21414;1.21411;0;T;True;1
1621240993000;14147403;1.21408;1.21414;1.21411;0;T;True;1
1621240994000;14147404;1.21408;1.21414;1.21411;0;T;True;1
1621240995000;14147405;1.21408;1.21414;1.21411;0;T;True;1
1621240996000;14147406;1.21408;1.21414;1.21411;0;T;True;1
1621240997000;14147407;1.21408;1.21414;1.21411;0;T;True;1
1621240998000;14147408;1.21408;1.21414;1.21411;0;T;True;1
1621240999000;14147409;1.21408;1.21414;1.21411;0;T;True;1
1621241000000;14147410;1.21408;1.21414;1.21411;0;T;True;1
1621241001000;14147411;1.21408;1.21414;1.21411;0;T;True;1
1621241002000;14147412;1.21408;1.21414;1.21411;0;T;True;1
1621241003000;14147419;1.21408;1.21414;1.21411;6;T;True;1
1621241004000;14147421;1.21408;1.21414;1.21411;1;T;True;1
1621241005000;14147422;1.21408;1.21414;1.21411;0;T;True;1
1621241006000;14147424;1.21408;1.21414;1.21411;1;T;True;1
1621241007000;14147425;1.21408;1.21414;1.21411;0;T;True;1
1621241008000;14147426;1.21408;1.21414;1.21411;0;T;True;1
1621241009000;14147427;1.21408;1.21414;1.21411;0;T;True;1
1621241010000;14147428;1.21408;1.21414;1.21411;0;T;True;1
1621241011000;14147429;1.21408;1.21414;1.21411;0;T;True;1
1621241012000;14147430;1.21408;1.21414;1.21411;0;T;True;1
1621241013000;14147431;1.21408;1.21414;1.21411;0;T;True;1
1621241014000;14147433;1.21408;1.21414;1.21411;1;T;True;1
1621241015000;14147434;1.21408;1.21414;1.21411;0;T;True;1
1621241016000;14147435;1.21408;1.21414;1.21411;0;T;True;1
1621241017000;14147436;1.21408;1.21414;1.21411;0;T;True;1
1621241018000;14147438;1.21408;1.21414;1.21411;1;T;True;1
1621241019000;14147439;1.21408;1.21414;1.21411;0;T;True;1
1621241020000;14147440;1.21408;1.21414;1.21411;0;T;True;1
1621241021000;14147441;1.21408;1.21414;1.21411;0;T;True;1
1621241022000;14147442;1.21408;1.21414;1.21411;0;T;True;1
1621241023000;14147443;1.21408;1.21414;1.21411;0;T;True;1
1621241024000;14147444;1.21408;1.21414;1.21411;0;T;True;1
1621241025000;14147445;1.21408;1.21414;1.21411;0;T;True;1
1621241026000;14147446;1.21408;1.21414;1.21411;0;T;True;1
1621241027000;14147447;1.21408;1.21414;1.21411;0;T;True;1
1621241028000;14147448;1.21408;1.21414;1.21411;0;T;True;1
1621241029000;14147449;1.21408;1.21414;1.21411;0;T;True;1
1621241030000;14147450;1.21408;1.21414;1.21411;0;T;True;1
1621241031000;14147451;1.21408;1.21414;1.21411;0;T;True;1
1621241032000;14147453;1.21408;1.21414;1.21411;1;T;True;1
1621241033000;14147455;1.21408;1.21414;1.21411;1;T;True;1
1621241034000;14147456;1.21408;1.21414;1.21411;0;T;True;1
1621241035000;14147457;1.21408;1.21414;1.21411;0;T;True;1
1621241036000;14147458;1.21408;1.21414;1.21411;0;T;True;1
1621241037000;14147466;1.2141;1.21416;1.21413;7;T;True;1
1621241038000;14147475;1.21412;1.21418;1.21415;8;T;True;1
1621241039000;14147476;1.21412;1.21418;1.21415;0;T;True;1
1621241040000;14147477;1.21412;1.21418;1.21415;0;T;True;1
1621241041000;14147479;1.21412;1.21418;1.21415;1;T;True;1
1621241042000;14147488;1.21409;1.21415;1.21412;8;T;True;1
1621241043000;14147490;1.2141;1.21416;1.21413;1;T;True;1
1621241044000;14147491;1.2141;1.21416;1.21413;0;T;True;1
1621241045000;14147497;1.21413;1.21419;1.21416;5;T;True;1
1621241046000;14147499;1.21412;1.21418;1.21415;1;T;True;1
1621241047000;14147500;1.21412;1.21418;1.21415;0;T;True;1
1621241048000;14147507;1.21415;1.21421;1.21418;6;T;True;1
1621241049000;14147508;1.21415;1.21421;1.21418;0;T;True;1
1621241050000;14147511;1.21416;1.21422;1.21419;2;T;True;1
1621241051000;14147517;1.2142;1.21426;1.21423;5;T;True;1
1621241052000;14147520;1.21419;1.21425;1.21422;2;T;True;1
1621241053000;14147524;1.21416;1.21422;1.21419;3;T;True;1
1621241054000;14147526;1.21416;1.21422;1.21419;1;T;True;1
1621241055000;14147527;1.21416;1.21422;1.21419;0;T;True;1
1621241056000;14147531;1.21417;1.21423;1.2142;3;T;True;1
1621241057000;14147534;1.21416;1.21422;1.21419;2;T;True;1
1621241058000;14147536;1.21416;1.21422;1.21419;1;T;True;1
1621241059000;14147538;1.21415;1.21421;1.21418;1;T;True;1
1621241060000;14147539;1.21415;1.21421;1.21418;0;T;True;1
1621241061000;14147540;1.21415;1.21421;1.21418;0;T;True;1
1621241062000;14147541;1.21415;1.21421;1.21418;0;T;True;1
1621241063000;14147542;1.21415;1.21421;1.21418;0;T;True;1
1621241064000;14147543;1.21415;1.21421;1.21418;0;T;True;1
1621241065000;14147544;1.21415;1.21421;1.21418;0;T;True;1
1621241066000;14147545;1.21415;1.21421;1.21418;0;T;True;1
1621241067000;14147546;1.21415;1.21421;1.21418;0;T;True;1
1621241068000;14147547;1.21415;1.21421;1.21418;0;T;True;1
1621241069000;14147548;1.21415;1.21421;1.21418;0;T;True;1
1621241070000;14147549;1.21415;1.21421;1.21418;0;T;True;1
1621241071000;14147550;1.21415;1.21421;1.21418;0;T;True;1
1621241072000;14147559;1.21419;1.21425;1.21422;8;T;True;1
1621241073000;14147562;1.2142;1.21426;1.21423;2;T;True;1
1621241074000;14147564;1.21421;1.21427;1.21424;1;T;True;1
1621241075000;14147565;1.21421;1.21427;1.21424;0;T;True;1
1621241076000;14147567;1.2142;1.21426;1.21423;1;T;True;1
1621241077000;14147569;1.2142;1.21426;1.21423;1;T;True;1
1621241078000;14147571;1.2142;1.21426;1.21423;1;T;True;1
1621241079000;14147572;1.2142;1.21426;1.21423;0;T;True;1
1621241080000;14147573;1.2142;1.21426;1.21423;0;T;True;1
1621241081000;14147574;1.2142;1.21426;1.21423;0;T;True;1
1621241082000;14147577;1.21421;1.21427;1.21424;2;T;True;1
1621241083000;14147581;1.21424;1.2143;1.21427;3;T;True;1
1621241084000;14147583;1.21424;1.2143;1.21427;1;T;True;1
1621241085000;14147590;1.21428;1.21434;1.21431;6;T;True;1
1621241086000;14147593;1.21428;1.21434;1.21431;2;T;True;1
1621241087000;14147595;1.21428;1.21434;1.21431;1;T;True;1
1621241088000;14147599;1.21426;1.21432;1.21429;3;T;True;1
1621241089000;14147601;1.21426;1.21432;1.21429;1;T;True;1
1621241090000;14147602;1.21426;1.21432;1.21429;0;T;True;1
1621241091000;14147603;1.21426;1.21432;1.21429;0;T;True;1
1621241092000;14147606;1.21426;1.21432;1.21429;2;T;True;1
1621241093000;14147609;1.21426;1.21432;1.21429;2;T;True;1
1621241094000;14147610;1.21426;1.21432;1.21429;0;T;True;1
1621241095000;14147613;1.21426;1.21432;1.21429;2;T;True;1
1621241096000;14147615;1.21426;1.21432;1.21429;1;T;True;1
1621241097000;14147621;1.21429;1.21435;1.21432;5;T;True;1
1621241098000;14147622;1.21429;1.21435;1.21432;0;T;True;1
1621241099000;14147624;1.21429;1.21435;1.21432;1;T;True;1
1621241100000;14147626;1.21429;1.21435;1.21432;1;T;True;1
1621241101000;14147627;1.21429;1.21435;1.21432;0;T;True;1
1621241102000;14147628;1.21429;1.21435;1.21432;0;T;True;1
1621241103000;14147632;1.21428;1.21434;1.21431;3;T;True;1
1621241104000;14147634;1.21428;1.21434;1.21431;1;T;True;1
1621241105000;14147635;1.21428;1.21434;1.21431;0;T;True;1
1621241106000;14147636;1.21428;1.21434;1.21431;0;T;True;1
1621241107000;14147637;1.21428;1.21434;1.21431;0;T;True;1
1621241108000;14147638;1.21428;1.21434;1.21431;0;T;True;1
1621241109000;14147639;1.21428;1.21434;1.21431;0;T;True;1
1621241110000;14147640;1.21428;1.21434;1.21431;0;T;True;1
1621241111000;14147642;1.21428;1.21434;1.21431;1;T;True;1
1621241112000;14147643;1.21428;1.21434;1.21431;0;T;True;1
1621241113000;14147644;1.21428;1.21434;1.21431;0;T;True;1
1621241114000;14147645;1.21428;1.21434;1.21431;0;T;True;1
1621241115000;14147648;1.21432;1.21438;1.21435;2;T;True;1
1621241116000;14147652;1.21433;1.21439;1.21436;3;T;True;1
1621241117000;14147654;1.21433;1.21439;1.21436;1;T;True;1
1621241118000;14147656;1.21434;1.2144;1.21437;1;T;True;1
1621241119000;14147658;1.21436;1.21442;1.21439;1;T;True;1
1621241120000;14147660;1.21436;1.21442;1.21439;1;T;True;1
1621241121000;14147661;1.21436;1.21442;1.21439;0;T;True;1
1621241122000;14147664;1.21434;1.2144;1.21437;2;T;True;1
1621241123000;14147665;1.21434;1.2144;1.21437;0;T;True;1
1621241124000;14147666;1.21434;1.2144;1.21437;0;T;True;1
1621241125000;14147669;1.21431;1.21437;1.21434;2;T;True;1
1621241126000;14147670;1.21431;1.21437;1.21434;0;T;True;1
1621241127000;14147671;1.21431;1.21437;1.21434;0;T;True;1
1621241128000;14147674;1.2143;1.21436;1.21433;2;T;True;1
1621241129000;14147676;1.2143;1.21436;1.21433;1;T;True;1
1621241130000;14147677;1.2143;1.21436;1.21433;0;T;True;1
1621241131000;14147678;1.2143;1.21436;1.21433;0;T;True;1
1621241132000;14147679;1.2143;1.21436;1.21433;0;T;True;1
1621241133000;14147680;1.2143;1.21436;1.21433;0;T;True;1
1621241134000;14147681;1.2143;1.21436;1.21433;0;T;True;1
1621241135000;14147682;1.2143;1.21436;1.21433;0;T;True;1
1621241136000;14147683;1.2143;1.21436;1.21433;0;T;True;1
1621241137000;14147684;1.2143;1.21436;1.21433;0;T;True;1
1621241138000;14147685;1.2143;1.21436;1.21433;0;T;True;1
1621241139000;14147686;1.2143;1.21436;1.21433;0;T;True;1
1621241140000;14147687;1.2143;1.21436;1.21433;0;T;True;1
1621241141000;14147688;1.2143;1.21436;1.21433;0;T;True;1
1621241142000;14147689;1.2143;1.21436;1.21433;0;T;True;1
1621241143000;14147696;1.21435;1.21441;1.21438;6;T;True;1
1621241144000;14147697;1.21435;1.21441;1.21438;0;T;True;1
1621241145000;14147698;1.21435;1.21441;1.21438;0;T;True;1
1621241146000;14147699;1.21435;1.21441;1.21438;0;T;True;1
1621241147000;14147700;1.21435;1.21441;1.21438;0;T;True;1
1621241148000;14147701;1.21435;1.21441;1.21438;0;T;True;1
1621241149000;14147702;1.21435;1.21441;1.21438;0;T;True;1
1621241150000;14147703;1.21435;1.21441;1.21438;0;T;True;1
1621241151000;14147704;1.21435;1.21441;1.21438;0;T;True;1
1621241152000;14147705;1.21435;1.21441;1.21438;0;T;True;1
1621241153000;14147706;1.21435;1.21441;1.21438;0;T;True;1
1621241154000;14147707;1.21435;1.21441;1.21438;0;T;True;1
1621241155000;14147708;1.21435;1.21441;1.21438;0;T;True;1
1621241156000;14147709;1.21435;1.21441;1.21438;0;T;True;1
1621241157000;14147710;1.21435;1.21441;1.21438;0;T;True;1
1621241158000;14147711;1.21435;1.21441;1.21438;0;T;True;1
1621241159000;14147712;1.21435;1.21441;1.21438;0;T;True;1
1621241160000;14147713;1.21435;1.21441;1.21438;0;T;True;1
1621241161000;14147714;1.21435;1.21441;1.21438;0;T;True;1
1621241162000;14147715;1.21435;1.21441;1.21438;0;T;True;1
1621241163000;14147716;1.21435;1.21441;1.21438;0;T;True;1
1621241164000;14147717;1.21435;1.21441;1.21438;0;T;True;1
1621241165000;14147719;1.21435;1.21441;1.21438;1;T;True;1
1621241166000;14147720;1.21435;1.21441;1.21438;0;T;True;1
1621241167000;14147721;1.21435;1.21441;1.21438;0;T;True;1
1621241168000;14147722;1.21435;1.21441;1.21438;0;T;True;1
1621241169000;14147725;1.21432;1.21438;1.21435;2;T;True;1
1621241170000;14147728;1.21432;1.21438;1.21435;2;T;True;1
1621241171000;14147729;1.21432;1.21438;1.21435;0;T;True;1
1621241172000;14147730;1.21432;1.21438;1.21435;0;T;True;1
1621241173000;14147733;1.21432;1.21438;1.21435;2;T;True;1
1621241174000;14147735;1.21434;1.2144;1.21437;1;T;True;1
1621241175000;14147736;1.21434;1.2144;1.21437;0;T;True;1
1621241176000;14147739;1.21434;1.2144;1.21437;2;T;True;1
1621241177000;14147740;1.21434;1.2144;1.21437;0;T;True;1
1621241178000;14147741;1.21434;1.2144;1.21437;0;T;True;1
1621241179000;14147742;1.21434;1.2144;1.21437;0;T;True;1
1621241180000;14147744;1.21434;1.2144;1.21437;1;T;True;1
1621241181000;14147745;1.21434;1.2144;1.21437;0;T;True;1
1621241182000;14147746;1.21434;1.2144;1.21437;0;T;True;1
1621241183000;14147747;1.21434;1.2144;1.21437;0;T;True;1
1621241184000;14147748;1.21434;1.2144;1.21437;0;T;True;1
1621241185000;14147751;1.21432;1.21438;1.21435;2;T;True;1
1621241186000;14147757;1.2143;1.21436;1.21433;5;T;True;1
1621241187000;14147758;1.2143;1.21436;1.21433;0;T;True;1
1621241188000;14147759;1.2143;1.21436;1.21433;0;T;True;1
1621241189000;14147764;1.21428;1.21434;1.21431;4;T;True;1
1621241190000;14147765;1.21428;1.21434;1.21431;0;T;True;1
1621241191000;14147766;1.21428;1.21434;1.21431;0;T;True;1
1621241192000;14147767;1.21428;1.21434;1.21431;0;T;True;1
1621241193000;14147770;1.21428;1.21434;1.21431;2;T;True;1
1621241194000;14147774;1.21428;1.21434;1.21431;3;T;True;1
1621241195000;14147776;1.21428;1.21434;1.21431;1;T;True;1
1621241196000;14147780;1.21428;1.21434;1.21431;3;T;True;1
1621241197000;14147782;1.21428;1.21434;1.21431;1;T;True;1
1621241198000;14147783;1.21428;1.21434;1.21431;0;T;True;1
1621241199000;14147784;1.21428;1.21434;1.21431;0;T;True;1
1621241200000;14147786;1.21428;1.21434;1.21431;1;T;True;1
1621241201000;14147789;1.21428;1.21434;1.21431;2;T;True;1
1621241202000;14147791;1.21428;1.21434;1.21431;1;T;True;1
1621241203000;14147792;1.21428;1.21434;1.21431;0;T;True;1
1621241204000;14147793;1.21428;1.21434;1.21431;0;T;True;1
1621241205000;14147794;1.21428;1.21434;1.21431;0;T;True;1
1621241206000;14147802;1.21433;1.21439;1.21436;7;T;True;1
1621241207000;14147804;1.21433;1.21439;1.21436;1;T;True;1
1621241208000;14147805;1.21433;1.21439;1.21436;0;T;True;1
1621241209000;14147806;1.21433;1.21439;1.21436;0;T;True;1
1621241210000;14147807;1.21433;1.21439;1.21436;0;T;True;1
1621241211000;14147808;1.21433;1.21439;1.21436;0;T;True;1
1621241212000;14147810;1.21433;1.21439;1.21436;1;T;True;1
1621241213000;14147811;1.21433;1.21439;1.21436;0;T;True;1
1621241214000;14147815;1.2143;1.21436;1.21433;3;T;True;1
1621241215000;14147816;1.2143;1.21436;1.21433;0;T;True;1
1621241216000;14147817;1.2143;1.21436;1.21433;0;T;True;1
1621241217000;14147822;1.21432;1.21438;1.21435;4;T;True;1
1621241218000;14147824;1.21434;1.2144;1.21437;1;T;True;1
1621241219000;14147825;1.21434;1.2144;1.21437;0;T;True;1
1621241220000;14147826;1.21434;1.2144;1.21437;0;T;True;1
1621241221000;14147827;1.21434;1.2144;1.21437;0;T;True;1
1621241222000;14147828;1.21434;1.2144;1.21437;0;T;True;1
1621241223000;14147830;1.21434;1.2144;1.21437;1;T;True;1
1621241224000;14147831;1.21434;1.2144;1.21437;0;T;True;1
1621241225000;14147832;1.21434;1.2144;1.21437;0;T;True;1
1621241226000;14147833;1.21434;1.2144;1.21437;0;T;True;1
1621241227000;14147834;1.21434;1.2144;1.21437;0;T;True;1
1621241228000;14147836;1.21434;1.2144;1.21437;1;T;True;1
1621241229000;14147837;1.21434;1.2144;1.21437;0;T;True;1
1621241230000;14147838;1.21434;1.2144;1.21437;0;T;True;1
1621241231000;14147839;1.21434;1.2144;1.21437;0;T;True;1
1621241232000;14147840;1.21434;1.2144;1.21437;0;T;True;1
1621241233000;14147842;1.21433;1.21439;1.21436;1;T;True;1
1621241234000;14147843;1.21433;1.21439;1.21436;0;T;True;1
1621241235000;14147844;1.21433;1.21439;1.21436;0;T;True;1
1621241236000;14147847;1.21432;1.21438;1.21435;2;T;True;1
1621241237000;14147850;1.21432;1.21438;1.21435;2;T;True;1
1621241238000;14147852;1.21432;1.21438;1.21435;1;T;True;1
1621241239000;14147854;1.21433;1.21439;1.21436;1;T;True;1
1621241240000;14147855;1.21433;1.21439;1.21436;0;T;True;1
1621241241000;14147856;1.21433;1.21439;1.21436;0;T;True;1
1621241242000;14147858;1.21433;1.21439;1.21436;1;T;True;1
1621241243000;14147864;1.21432;1.21438;1.21435;5;T;True;1
1621241244000;14147865;1.21432;1.21438;1.21435;0;T;True;1
1621241245000;14147867;1.21432;1.21438;1.21435;1;T;True;1
1621241246000;14147868;1.21432;1.21438;1.21435;0;T;True;1
1621241247000;14147869;1.21432;1.21438;1.21435;0;T;True;1
1621241248000;14147873;1.21432;1.21438;1.21435;3;T;True;1
1621241249000;14147877;1.21434;1.2144;1.21437;3;T;True;1
1621241250000;14147878;1.21434;1.2144;1.21437;0;T;True;1
1621241251000;14147880;1.21434;1.2144;1.21437;1;T;True;1
1621241252000;14147883;1.21434;1.2144;1.21437;2;T;True;1
1621241253000;14147884;1.21434;1.2144;1.21437;0;T;True;1
1621241254000;14147886;1.21435;1.21441;1.21438;1;T;True;1
1621241255000;14147887;1.21435;1.21441;1.21438;0;T;True;1
1621241256000;14147888;1.21435;1.21441;1.21438;0;T;True;1
1621241257000;14147889;1.21435;1.21441;1.21438;0;T;True;1
1621241258000;14147890;1.21435;1.21441;1.21438;0;T;True;1
1621241259000;14147891;1.21435;1.21441;1.21438;0;T;True;1
1621241260000;14147893;1.21436;1.21442;1.21439;1;T;True;1
1621241261000;14147894;1.21436;1.21442;1.21439;0;T;True;1
1621241262000;14147895;1.21436;1.21442;1.21439;0;T;True;1
1621241263000;14147896;1.21436;1.21442;1.21439;0;T;True;1
1621241264000;14147897;1.21436;1.21442;1.21439;0;T;True;1
1621241265000;14147898;1.21436;1.21442;1.21439;0;T;True;1
1621241266000;14147899;1.21436;1.21442;1.21439;0;T;True;1
1621241267000;14147900;1.21436;1.21442;1.21439;0;T;True;1
1621241268000;14147901;1.21436;1.21442;1.21439;0;T;True;1
1621241269000;14147902;1.21436;1.21442;1.21439;0;T;True;1
1621241270000;14147903;1.21436;1.21442;1.21439;0;T;True;1
1621241271000;14147904;1.21436;1.21442;1.21439;0;T;True;1
1621241272000;14147905;1.21436;1.21442;1.21439;0;T;True;1
1621241273000;14147906;1.21436;1.21442;1.21439;0;T;True;1
1621241274000;14147910;1.2144;1.21446;1.21443;3;T;True;1
1621241275000;14147911;1.2144;1.21446;1.21443;0;T;True;1
1621241276000;14147913;1.21441;1.21447;1.21444;1;T;True;1
1621241277000;14147914;1.21441;1.21447;1.21444;0;T;True;1
1621241278000;14147915;1.21441;1.21447;1.21444;0;T;True;1
1621241279000;14147918;1.21442;1.21448;1.21445;2;T;True;1
1621241280000;14147921;1.21444;1.2145;1.21447;2;T;True;1
1621241281000;14147923;1.21446;1.21452;1.21449;1;T;True;1
1621241282000;14147926;1.21445;1.21451;1.21448;2;T;True;1
1621241283000;14147927;1.21445;1.21451;1.21448;0;T;True;1
1621241284000;14147928;1.21445;1.21451;1.21448;0;T;True;1
1621241285000;14147929;1.21445;1.21451;1.21448;0;T;True;1
1621241286000;14147933;1.21444;1.2145;1.21447;3;T;True;1
1621241287000;14147934;1.21444;1.2145;1.21447;0;T;True;1
1621241288000;14147936;1.21444;1.2145;1.21447;1;T;True;1
1621241289000;14147938;1.21444;1.2145;1.21447;1;T;True;1
1621241290000;14147940;1.21443;1.21449;1.21446;1;T;True;1
1621241291000;14147941;1.21443;1.21449;1.21446;0;T;True;1
1621241292000;14147942;1.21443;1.21449;1.21446;0;T;True;1
1621241293000;14147945;1.21443;1.21449;1.21446;2;T;True;1
1621241294000;14147951;1.21438;1.21444;1.21441;5;T;True;1
1621241295000;14147955;1.21438;1.21444;1.21441;3;T;True;1
1621241296000;14147956;1.21438;1.21444;1.21441;0;T;True;1
1621241297000;14147957;1.21438;1.21444;1.21441;0;T;True;1
1621241298000;14147958;1.21438;1.21444;1.21441;0;T;True;1
1621241299000;14147960;1.21438;1.21444;1.21441;1;T;True;1
1621241300000;14147962;1.21438;1.21444;1.21441;1;T;True;1
1621241301000;14147963;1.21438;1.21444;1.21441;0;T;True;1
1621241302000;14147964;1.21438;1.21444;1.21441;0;T;True;1
1621241303000;14147966;1.21437;1.21443;1.2144;1;T;True;1
1621241304000;14147970;1.21438;1.21444;1.21441;3;T;True;1
1621241305000;14147973;1.21438;1.21444;1.21441;2;T;True;1
1621241306000;14147978;1.21436;1.21442;1.21439;4;T;True;1
1621241307000;14147979;1.21436;1.21442;1.21439;0;T;True;1
1621241308000;14147980;1.21436;1.21442;1.21439;0;T;True;1
1621241309000;14147981;1.21436;1.21442;1.21439;0;T;True;1
1621241310000;14147982;1.21436;1.21442;1.21439;0;T;True;1
1621241311000;14147983;1.21436;1.21442;1.21439;0;T;True;1
1621241312000;14147984;1.21436;1.21442;1.21439;0;T;True;1
1621241313000;14147986;1.21436;1.21442;1.21439;1;T;True;1
1621241314000;14147989;1.21435;1.21441;1.21438;2;T;True;1
1621241315000;14147990;1.21435;1.21441;1.21438;0;T;True;1
1621241316000;14147991;1.21435;1.21441;1.21438;0;T;True;1
1621241317000;14147992;1.21435;1.21441;1.21438;0;T;True;1
1621241318000;14147993;1.21435;1.21441;1.21438;0;T;True;1
1621241319000;14147994;1.21435;1.21441;1.21438;0;T;True;1
1621241320000;14147995;1.21435;1.21441;1.21438;0;T;True;1
1621241321000;14147997;1.21436;1.21442;1.21439;1;T;True;1
1621241322000;14147999;1.21436;1.21442;1.21439;1;T;True;1
1621241323000;14148000;1.21436;1.21442;1.21439;0;T;True;1
1621241324000;14148001;1.21436;1.21442;1.21439;0;T;True;1
1621241325000;14148003;1.21436;1.21442;1.21439;1;T;True;1
1621241326000;14148005;1.21438;1.21444;1.21441;1;T;True;1
1621241327000;14148006;1.21438;1.21444;1.21441;0;T;True;1
1621241328000;14148009;1.21438;1.21444;1.21441;2;T;True;1
1621241329000;14148011;1.21438;1.21444;1.21441;1;T;True;1
1621241330000;14148012;1.21438;1.21444;1.21441;0;T;True;1
1621241331000;14148013;1.21438;1.21444;1.21441;0;T;True;1
1621241332000;14148018;1.21444;1.2145;1.21447;4;T;True;1
1621241333000;14148019;1.21444;1.2145;1.21447;0;T;True;1
1621241334000;14148020;1.21444;1.2145;1.21447;0;T;True;1
1621241335000;14148021;1.21444;1.2145;1.21447;0;T;True;1
1621241336000;14148022;1.21444;1.2145;1.21447;0;T;True;1
1621241337000;14148023;1.21444;1.2145;1.21447;0;T;True;1
1621241338000;14148024;1.21444;1.2145;1.21447;0;T;True;1
1621241339000;14148025;1.21444;1.2145;1.21447;0;T;True;1
1621241340000;14148026;1.21444;1.2145;1.21447;0;T;True;1
1621241341000;14148028;1.21446;1.21452;1.21449;1;T;True;1
1621241342000;14148034;1.21446;1.21452;1.21449;5;T;True;1
1621241343000;14148035;1.21446;1.21452;1.21449;0;T;True;1
1621241344000;14148036;1.21446;1.21452;1.21449;0;T;True;1
1621241345000;14148038;1.21446;1.21452;1.21449;1;T;True;1
1621241346000;14148039;1.21446;1.21452;1.21449;0;T;True;1
1621241347000;14148047;1.21446;1.21452;1.21449;7;T;True;1
1621241348000;14148048;1.21446;1.21452;1.21449;0;T;True;1
1621241349000;14148050;1.21445;1.21451;1.21448;1;T;True;1
1621241350000;14148054;1.21448;1.21454;1.21451;3;T;True;1
1621241351000;14148055;1.21448;1.21454;1.21451;0;T;True;1
1621241352000;14148056;1.21448;1.21454;1.21451;0;T;True;1
1621241353000;14148058;1.21447;1.21453;1.2145;1;T;True;1
1621241354000;14148059;1.21447;1.21453;1.2145;0;T;True;1
1621241355000;14148061;1.21446;1.21452;1.21449;1;T;True;1
1621241356000;14148064;1.21448;1.21454;1.21451;2;T;True;1
1621241357000;14148071;1.21449;1.21455;1.21452;6;T;True;1
1621241358000;14148074;1.21448;1.21454;1.21451;2;T;True;1
1621241359000;14148080;1.21444;1.2145;1.21447;5;T;True;1
1621241360000;14148081;1.21444;1.2145;1.21447;0;T;True;1
1621241361000;14148082;1.21444;1.2145;1.21447;0;T;True;1
1621241362000;14148084;1.21444;1.2145;1.21447;1;T;True;1
1621241363000;14148087;1.21444;1.2145;1.21447;2;T;True;1
1621241364000;14148088;1.21444;1.2145;1.21447;0;T;True;1
1621241365000;14148089;1.21444;1.2145;1.21447;0;T;True;1
1621241366000;14148093;1.21448;1.21454;1.21451;3;T;True;1
1621241367000;14148098;1.21448;1.21454;1.21451;4;T;True;1
1621241368000;14148099;1.21448;1.21454;1.21451;0;T;True;1
1621241369000;14148100;1.21448;1.21454;1.21451;0;T;True;1
1621241370000;14148105;1.21448;1.21454;1.21451;4;T;True;1
1621241371000;14148106;1.21448;1.21454;1.21451;0;T;True;1
1621241372000;14148118;1.21448;1.21454;1.21451;11;T;True;1
1621241373000;14148121;1.21448;1.21454;1.21451;2;T;True;1
1621241374000;14148122;1.21448;1.21454;1.21451;0;T;True;1
1621241375000;14148124;1.21448;1.21454;1.21451;1;T;True;1
1621241376000;14148125;1.21448;1.21454;1.21451;0;T;True;1
1621241377000;14148126;1.21448;1.21454;1.21451;0;T;True;1
1621241378000;14148127;1.21448;1.21454;1.21451;0;T;True;1
1621241379000;14148128;1.21448;1.21454;1.21451;0;T;True;1
1621241380000;14148130;1.2145;1.21456;1.21453;1;T;True;1
1621241381000;14148134;1.21452;1.21458;1.21455;3;T;True;1
1621241382000;14148136;1.21452;1.21458;1.21455;1;T;True;1
1621241383000;14148137;1.21452;1.21458;1.21455;0;T;True;1
1621241384000;14148138;1.21452;1.21458;1.21455;0;T;True;1
1621241385000;14148143;1.21455;1.21461;1.21458;4;T;True;1
1621241386000;14148151;1.21456;1.21462;1.21459;7;T;True;1
1621241387000;14148159;1.21454;1.2146;1.21457;7;T;True;1
1621241388000;14148163;1.21454;1.2146;1.21457;3;T;True;1
1621241389000;14148171;1.21456;1.21462;1.21459;7;T;True;1
1621241390000;14148172;1.21456;1.21462;1.21459;0;T;True;1
1621241391000;14148173;1.21456;1.21462;1.21459;0;T;True;1
1621241392000;14148177;1.2146;1.21466;1.21463;3;T;True;1
1621241393000;14148178;1.2146;1.21466;1.21463;0;T;True;1
1621241394000;14148179;1.2146;1.21466;1.21463;0;T;True;1
1621241395000;14148180;1.2146;1.21466;1.21463;0;T;True;1
1621241396000;14148181;1.2146;1.21466;1.21463;0;T;True;1
1621241397000;14148182;1.2146;1.21466;1.21463;0;T;True;1
1621241398000;14148183;1.2146;1.21466;1.21463;0;T;True;1
1621241399000;14148184;1.2146;1.21466;1.21463;0;T;True;1
1621241400000;14148187;1.2146;1.21466;1.21463;2;T;True;1
1621241401000;14148189;1.2146;1.21466;1.21463;1;T;True;1
1621241402000;14148199;1.21463;1.21469;1.21466;9;T;True;1
1621241403000;14148202;1.21462;1.21468;1.21465;2;T;True;1
1621241404000;14148207;1.21464;1.2147;1.21467;4;T;True;1
1621241405000;14148208;1.21464;1.2147;1.21467;0;T;True;1
1621241406000;14148216;1.21471;1.21477;1.21474;7;T;True;1
1621241407000;14148230;1.21467;1.21473;1.2147;13;T;True;1
1621241408000;14148235;1.21469;1.21475;1.21472;4;T;True;1
1621241409000;14148236;1.21469;1.21475;1.21472;0;T;True;1
1621241410000;14148239;1.21472;1.21478;1.21475;2;T;True;1
1621241411000;14148244;1.21468;1.21474;1.21471;4;T;True;1
1621241412000;14148248;1.2147;1.21476;1.21473;3;T;True;1
1621241413000;14148250;1.21471;1.21477;1.21474;1;T;True;1
1621241414000;14148251;1.21471;1.21477;1.21474;0;T;True;1
1621241415000;14148253;1.2147;1.21476;1.21473;1;T;True;1
1621241416000;14148256;1.2147;1.21476;1.21473;2;T;True;1
1621241417000;14148257;1.2147;1.21476;1.21473;0;T;True;1
1621241418000;14148258;1.2147;1.21476;1.21473;0;T;True;1
1621241419000;14148259;1.2147;1.21476;1.21473;0;T;True;1
1621241420000;14148261;1.2147;1.21476;1.21473;1;T;True;1
1621241421000;14148266;1.21468;1.21474;1.21471;4;T;True;1
1621241422000;14148267;1.21468;1.21474;1.21471;0;T;True;1
1621241423000;14148271;1.21469;1.21475;1.21472;3;T;True;1
1621241424000;14148274;1.2147;1.21476;1.21473;2;T;True;1
1621241425000;14148275;1.2147;1.21476;1.21473;0;T;True;1
1621241426000;14148276;1.2147;1.21476;1.21473;0;T;True;1
1621241427000;14148277;1.2147;1.21476;1.21473;0;T;True;1
1621241428000;14148280;1.21468;1.21474;1.21471;2;T;True;1
1621241429000;14148283;1.21468;1.21474;1.21471;2;T;True;1
1621241430000;14148286;1.2147;1.21476;1.21473;2;T;True;1
1621241431000;14148290;1.21472;1.21478;1.21475;3;T;True;1
1621241432000;14148295;1.21472;1.21478;1.21475;4;T;True;1
1621241433000;14148299;1.21472;1.21478;1.21475;3;T;True;1
1621241434000;14148301;1.21473;1.21479;1.21476;1;T;True;1
1621241435000;14148306;1.21476;1.21482;1.21479;4;T;True;1
1621241436000;14148313;1.21472;1.21478;1.21475;6;T;True;1
1621241437000;14148315;1.21474;1.2148;1.21477;1;T;True;1
1621241438000;14148316;1.21474;1.2148;1.21477;0;T;True;1
1621241439000;14148317;1.21474;1.2148;1.21477;0;T;True;1
1621241440000;14148318;1.21474;1.2148;1.21477;0;T;True;1
1621241441000;14148320;1.21473;1.21479;1.21476;1;T;True;1
1621241442000;14148322;1.21474;1.2148;1.21477;1;T;True;1
1621241443000;14148324;1.21476;1.21482;1.21479;1;T;True;1
1621241444000;14148331;1.21474;1.2148;1.21477;6;T;True;1
1621241445000;14148333;1.21474;1.2148;1.21477;1;T;True;1
1621241446000;14148334;1.21474;1.2148;1.21477;0;T;True;1
1621241447000;14148336;1.21476;1.21482;1.21479;1;T;True;1
1621241448000;14148341;1.21474;1.2148;1.21477;4;T;True;1
1621241449000;14148342;1.21474;1.2148;1.21477;0;T;True;1
1621241450000;14148343;1.21474;1.2148;1.21477;0;T;True;1
1621241451000;14148345;1.21474;1.2148;1.21477;1;T;True;1
1621241452000;14148347;1.21475;1.21481;1.21478;1;T;True;1
1621241453000;14148348;1.21475;1.21481;1.21478;0;T;True;1
1621241454000;14148352;1.21475;1.21481;1.21478;3;T;True;1
1621241455000;14148354;1.21476;1.21482;1.21479;1;T;True;1
1621241456000;14148356;1.21476;1.21482;1.21479;1;T;True;1
1621241457000;14148357;1.21476;1.21482;1.21479;0;T;True;1
1621241458000;14148363;1.21478;1.21484;1.21481;5;T;True;1
1621241459000;14148364;1.21478;1.21484;1.21481;0;T;True;1
1621241460000;14148371;1.21477;1.21483;1.2148;6;T;True;1
1621241461000;14148379;1.2148;1.21486;1.21483;7;T;True;1
1621241462000;14148383;1.21479;1.21485;1.21482;3;T;True;1
1621241463000;14148385;1.21478;1.21484;1.21481;1;T;True;1
1621241464000;14148389;1.21476;1.21482;1.21479;3;T;True;1
1621241465000;14148390;1.21476;1.21482;1.21479;0;T;True;1
1621241466000;14148391;1.21476;1.21482;1.21479;0;T;True;1
1621241467000;14148397;1.21476;1.21482;1.21479;5;T;True;1
1621241468000;14148401;1.21475;1.21481;1.21478;3;T;True;1
1621241469000;14148402;1.21475;1.21481;1.21478;0;T;True;1
1621241470000;14148403;1.21475;1.21481;1.21478;0;T;True;1
1621241471000;14148406;1.21474;1.2148;1.21477;2;T;True;1
1621241472000;14148407;1.21474;1.2148;1.21477;0;T;True;1
1621241473000;14148408;1.21474;1.2148;1.21477;0;T;True;1
1621241474000;14148409;1.21474;1.2148;1.21477;0;T;True;1
1621241475000;14148410;1.21474;1.2148;1.21477;0;T;True;1
1621241476000;14148411;1.21474;1.2148;1.21477;0;T;True;1
1621241477000;14148412;1.21474;1.2148;1.21477;0;T;True;1
1621241478000;14148413;1.21474;1.2148;1.21477;0;T;True;1
1621241479000;14148417;1.21477;1.21483;1.2148;3;T;True;1
1621241480000;14148419;1.21478;1.21484;1.21481;1;T;True;1
1621241481000;14148420;1.21478;1.21484;1.21481;0;T;True;1
1621241482000;14148421;1.21478;1.21484;1.21481;0;T;True;1
1621241483000;14148422;1.21478;1.21484;1.21481;0;T;True;1
1621241484000;14148424;1.21478;1.21484;1.21481;1;T;True;1
1621241485000;14148428;1.21478;1.21484;1.21481;3;T;True;1
1621241486000;14148429;1.21478;1.21484;1.21481;0;T;True;1
1621241487000;14148431;1.21478;1.21484;1.21481;1;T;True;1
1621241488000;14148433;1.21478;1.21484;1.21481;1;T;True;1
1621241489000;14148434;1.21478;1.21484;1.21481;0;T;True;1
1621241490000;14148435;1.21478;1.21484;1.21481;0;T;True;1
1621241491000;14148436;1.21478;1.21484;1.21481;0;T;True;1
1621241492000;14148437;1.21478;1.21484;1.21481;0;T;True;1
1621241493000;14148440;1.21479;1.21485;1.21482;2;T;True;1
1621241494000;14148441;1.21479;1.21485;1.21482;0;T;True;1
1621241495000;14148442;1.21479;1.21485;1.21482;0;T;True;1
1621241496000;14148444;1.2148;1.21486;1.21483;1;T;True;1
1621241497000;14148445;1.2148;1.21486;1.21483;0;T;True;1
1621241498000;14148446;1.2148;1.21486;1.21483;0;T;True;1
1621241499000;14148448;1.2148;1.21486;1.21483;1;T;True;1
1621241500000;14148450;1.2148;1.21486;1.21483;1;T;True;1
1621241501000;14148452;1.21479;1.21485;1.21482;1;T;True;1
1621241502000;14148453;1.21479;1.21485;1.21482;0;T;True;1
1621241503000;14148455;1.21478;1.21484;1.21481;1;T;True;1
1621241504000;14148459;1.21476;1.21482;1.21479;3;T;True;1
1621241505000;14148460;1.21476;1.21482;1.21479;0;T;True;1
1621241506000;14148465;1.21478;1.21484;1.21481;4;T;True;1
1621241507000;14148466;1.21478;1.21484;1.21481;0;T;True;1
1621241508000;14148469;1.21478;1.21484;1.21481;2;T;True;1
1621241509000;14148471;1.21478;1.21484;1.21481;1;T;True;1
1621241510000;14148472;1.21478;1.21484;1.21481;0;T;True;1
1621241511000;14148478;1.21475;1.21481;1.21478;5;T;True;1
1621241512000;14148485;1.21472;1.21478;1.21475;6;T;True;1
1621241513000;14148486;1.21472;1.21478;1.21475;0;T;True;1
1621241514000;14148492;1.21476;1.21482;1.21479;5;T;True;1
1621241515000;14148495;1.21477;1.21483;1.2148;2;T;True;1
1621241516000;14148496;1.21477;1.21483;1.2148;0;T;True;1
1621241517000;14148497;1.21477;1.21483;1.2148;0;T;True;1
1621241518000;14148500;1.21476;1.21482;1.21479;2;T;True;1
1621241519000;14148502;1.21478;1.21484;1.21481;1;T;True;1
1621241520000;14148503;1.21478;1.21484;1.21481;0;T;True;1
1621241521000;14148505;1.21476;1.21482;1.21479;1;T;True;1
1621241522000;14148506;1.21476;1.21482;1.21479;0;T;True;1
1621241523000;14148507;1.21476;1.21482;1.21479;0;T;True;1
1621241524000;14148508;1.21476;1.21482;1.21479;0;T;True;1
1621241525000;14148511;1.21477;1.21483;1.2148;2;T;True;1
1621241526000;14148513;1.21476;1.21482;1.21479;1;T;True;1
1621241527000;14148517;1.21476;1.21482;1.21479;3;T;True;1
1621241528000;14148518;1.21476;1.21482;1.21479;0;T;True;1
1621241529000;14148519;1.21476;1.21482;1.21479;0;T;True;1
1621241530000;14148520;1.21476;1.21482;1.21479;0;T;True;1
1621241531000;14148521;1.21476;1.21482;1.21479;0;T;True;1
1621241532000;14148524;1.21475;1.21481;1.21478;2;T;True;1
1621241533000;14148526;1.21475;1.21481;1.21478;1;T;True;1
1621241534000;14148529;1.21475;1.21481;1.21478;2;T;True;1
1621241535000;14148531;1.21476;1.21482;1.21479;1;T;True;1
1621241536000;14148532;1.21476;1.21482;1.21479;0;T;True;1
1621241537000;14148533;1.21476;1.21482;1.21479;0;T;True;1
1621241538000;14148536;1.21476;1.21482;1.21479;2;T;True;1
1621241539000;14148538;1.21476;1.21482;1.21479;1;T;True;1
1621241540000;14148539;1.21476;1.21482;1.21479;0;T;True;1
1621241541000;14148540;1.21476;1.21482;1.21479;0;T;True;1
1621241542000;14148542;1.21476;1.21482;1.21479;1;T;True;1
1621241543000;14148546;1.21474;1.2148;1.21477;3;T;True;1
1621241544000;14148549;1.21474;1.2148;1.21477;2;T;True;1
1621241545000;14148550;1.21474;1.2148;1.21477;0;T;True;1
1621241546000;14148551;1.21474;1.2148;1.21477;0;T;True;1
1621241547000;14148552;1.21474;1.2148;1.21477;0;T;True;1
1621241548000;14148553;1.21474;1.2148;1.21477;0;T;True;1
1621241549000;14148558;1.21474;1.2148;1.21477;4;T;True;1
1621241550000;14148559;1.21474;1.2148;1.21477;0;T;True;1
1621241551000;14148560;1.21474;1.2148;1.21477;0;T;True;1
1621241552000;14148561;1.21474;1.2148;1.21477;0;T;True;1
1621241553000;14148565;1.21476;1.21482;1.21479;3;T;True;1
1621241554000;14148566;1.21476;1.21482;1.21479;0;T;True;1
1621241555000;14148567;1.21476;1.21482;1.21479;0;T;True;1
1621241556000;14148568;1.21476;1.21482;1.21479;0;T;True;1
1621241557000;14148569;1.21476;1.21482;1.21479;0;T;True;1
1621241558000;14148570;1.21476;1.21482;1.21479;0;T;True;1
1621241559000;14148571;1.21476;1.21482;1.21479;0;T;True;1
1621241560000;14148574;1.21475;1.21481;1.21478;2;T;True;1
1621241561000;14148578;1.21474;1.2148;1.21477;3;T;True;1
1621241562000;14148579;1.21474;1.2148;1.21477;0;T;True;1
1621241563000;14148580;1.21474;1.2148;1.21477;0;T;True;1
1621241564000;14148581;1.21474;1.2148;1.21477;0;T;True;1
1621241565000;14148586;1.21474;1.2148;1.21477;4;T;True;1
1621241566000;14148587;1.21474;1.2148;1.21477;0;T;True;1
1621241567000;14148588;1.21474;1.2148;1.21477;0;T;True;1
1621241568000;14148592;1.21476;1.21482;1.21479;3;T;True;1
1621241569000;14148593;1.21476;1.21482;1.21479;0;T;True;1
1621241570000;14148594;1.21476;1.21482;1.21479;0;T;True;1
1621241571000;14148595;1.21476;1.21482;1.21479;0;T;True;1
1621241572000;14148597;1.21476;1.21482;1.21479;1;T;True;1
1621241573000;14148598;1.21476;1.21482;1.21479;0;T;True;1
1621241574000;14148599;1.21476;1.21482;1.21479;0;T;True;1
1621241575000;14148600;1.21476;1.21482;1.21479;0;T;True;1
1621241576000;14148601;1.21476;1.21482;1.21479;0;T;True;1
1621241577000;14148602;1.21476;1.21482;1.21479;0;T;True;1
1621241578000;14148604;1.21476;1.21482;1.21479;1;T;True;1
1621241579000;14148605;1.21476;1.21482;1.21479;0;T;True;1
1621241580000;14148607;1.21476;1.21482;1.21479;1;T;True;1
1621241581000;14148608;1.21476;1.21482;1.21479;0;T;True;1
1621241582000;14148609;1.21476;1.21482;1.21479;0;T;True;1
1621241583000;14148611;1.21476;1.21482;1.21479;1;T;True;1
1621241584000;14148612;1.21476;1.21482;1.21479;0;T;True;1
1621241585000;14148613;1.21476;1.21482;1.21479;0;T;True;1
1621241586000;14148615;1.21475;1.21481;1.21478;1;T;True;1
1621241587000;14148617;1.21476;1.21482;1.21479;1;T;True;1
1621241588000;14148618;1.21476;1.21482;1.21479;0;T;True;1
1621241589000;14148624;1.2148;1.21486;1.21483;5;T;True;1
1621241590000;14148626;1.2148;1.21486;1.21483;1;T;True;1
1621241591000;14148627;1.2148;1.21486;1.21483;0;T;True;1
1621241592000;14148628;1.2148;1.21486;1.21483;0;T;True;1
1621241593000;14148629;1.2148;1.21486;1.21483;0;T;True;1
1621241594000;14148630;1.2148;1.21486;1.21483;0;T;True;1
1621241595000;14148631;1.2148;1.21486;1.21483;0;T;True;1
1621241596000;14148632;1.2148;1.21486;1.21483;0;T;True;1
1621241597000;14148633;1.2148;1.21486;1.21483;0;T;True;1
1621241598000;14148634;1.2148;1.21486;1.21483;0;T;True;1
1621241599000;14148635;1.2148;1.21486;1.21483;0;T;True;1
1621241600000;14148636;1.2148;1.21486;1.21483;0;T;True;1
1621241601000;14148640;1.21484;1.2149;1.21487;3;T;True;1
1621241602000;14148641;1.21484;1.2149;1.21487;0;T;True;1
1621241603000;14148642;1.21484;1.2149;1.21487;0;T;True;1
1621241604000;14148647;1.2148;1.21486;1.21483;4;T;True;1
1621241605000;14148649;1.21481;1.21487;1.21484;1;T;True;1
1621241606000;14148650;1.21481;1.21487;1.21484;0;T;True;1
1621241607000;14148651;1.21481;1.21487;1.21484;0;T;True;1
1621241608000;14148652;1.21481;1.21487;1.21484;0;T;True;1
1621241609000;14148653;1.21481;1.21487;1.21484;0;T;True;1
1621241610000;14148655;1.21481;1.21487;1.21484;1;T;True;1
1621241611000;14148660;1.2148;1.21486;1.21483;4;T;True;1
1621241612000;14148661;1.2148;1.21486;1.21483;0;T;True;1
1621241613000;14148663;1.2148;1.21486;1.21483;1;T;True;1
1621241614000;14148665;1.2148;1.21486;1.21483;1;T;True;1
1621241615000;14148666;1.2148;1.21486;1.21483;0;T;True;1
1621241616000;14148667;1.2148;1.21486;1.21483;0;T;True;1
1621241617000;14148668;1.2148;1.21486;1.21483;0;T;True;1
1621241618000;14148669;1.2148;1.21486;1.21483;0;T;True;1
1621241619000;14148670;1.2148;1.21486;1.21483;0;T;True;1
1621241620000;14148671;1.2148;1.21486;1.21483;0;T;True;1
1621241621000;14148672;1.2148;1.21486;1.21483;0;T;True;1
1621241622000;14148675;1.21481;1.21487;1.21484;2;T;True;1
1621241623000;14148677;1.21481;1.21487;1.21484;1;T;True;1
1621241624000;14148683;1.2148;1.21486;1.21483;5;T;True;1
1621241625000;14148688;1.21482;1.21488;1.21485;4;T;True;1
1621241626000;14148690;1.21481;1.21487;1.21484;1;T;True;1
1621241627000;14148691;1.21481;1.21487;1.21484;0;T;True;1
1621241628000;14148692;1.21481;1.21487;1.21484;0;T;True;1
1621241629000;14148695;1.21482;1.21488;1.21485;2;T;True;1
1621241630000;14148697;1.21482;1.21488;1.21485;1;T;True;1
1621241631000;14148699;1.21482;1.21488;1.21485;1;T;True;1
1621241632000;14148700;1.21482;1.21488;1.21485;0;T;True;1
1621241633000;14148701;1.21482;1.21488;1.21485;0;T;True;1
1621241634000;14148702;1.21482;1.21488;1.21485;0;T;True;1
1621241635000;14148704;1.21483;1.21489;1.21486;1;T;True;1
1621241636000;14148705;1.21483;1.21489;1.21486;0;T;True;1
1621241637000;14148709;1.21484;1.2149;1.21487;3;T;True;1
1621241638000;14148711;1.21484;1.2149;1.21487;1;T;True;1
1621241639000;14148715;1.21485;1.21491;1.21488;3;T;True;1
1621241640000;14148716;1.21485;1.21491;1.21488;0;T;True;1
1621241641000;14148717;1.21485;1.21491;1.21488;0;T;True;1
1621241642000;14148718;1.21485;1.21491;1.21488;0;T;True;1
1621241643000;14148719;1.21485;1.21491;1.21488;0;T;True;1
1621241644000;14148723;1.21484;1.2149;1.21487;3;T;True;1
1621241645000;14148725;1.21484;1.2149;1.21487;1;T;True;1
1621241646000;14148726;1.21484;1.2149;1.21487;0;T;True;1
1621241647000;14148727;1.21484;1.2149;1.21487;0;T;True;1
1621241648000;14148728;1.21484;1.2149;1.21487;0;T;True;1
1621241649000;14148729;1.21484;1.2149;1.21487;0;T;True;1
1621241650000;14148730;1.21484;1.2149;1.21487;0;T;True;1
1621241651000;14148731;1.21484;1.2149;1.21487;0;T;True;1
1621241652000;14148735;1.2148;1.21486;1.21483;3;T;True;1
1621241653000;14148736;1.2148;1.21486;1.21483;0;T;True;1
1621241654000;14148738;1.21479;1.21485;1.21482;1;T;True;1
1621241655000;14148739;1.21479;1.21485;1.21482;0;T;True;1
1621241656000;14148740;1.21479;1.21485;1.21482;0;T;True;1
1621241657000;14148741;1.21479;1.21485;1.21482;0;T;True;1
1621241658000;14148742;1.21479;1.21485;1.21482;0;T;True;1
1621241659000;14148743;1.21479;1.21485;1.21482;0;T;True;1
1621241660000;14148744;1.21479;1.21485;1.21482;0;T;True;1
1621241661000;14148746;1.21479;1.21485;1.21482;1;T;True;1
1621241662000;14148748;1.2148;1.21486;1.21483;1;T;True;1
1621241663000;14148750;1.21481;1.21487;1.21484;1;T;True;1
1621241664000;14148752;1.2148;1.21486;1.21483;1;T;True;1
1621241665000;14148753;1.2148;1.21486;1.21483;0;T;True;1
1621241666000;14148755;1.21481;1.21487;1.21484;1;T;True;1
1621241667000;14148756;1.21481;1.21487;1.21484;0;T;True;1
1621241668000;14148757;1.21481;1.21487;1.21484;0;T;True;1
1621241669000;14148759;1.21482;1.21488;1.21485;1;T;True;1
1621241670000;14148766;1.21484;1.2149;1.21487;6;T;True;1
1621241671000;14148767;1.21484;1.2149;1.21487;0;T;True;1
1621241672000;14148771;1.21484;1.2149;1.21487;3;T;True;1
1621241673000;14148772;1.21484;1.2149;1.21487;0;T;True;1
1621241674000;14148773;1.21484;1.2149;1.21487;0;T;True;1
1621241675000;14148775;1.21484;1.2149;1.21487;1;T;True;1
1621241676000;14148777;1.21484;1.2149;1.21487;1;T;True;1
1621241677000;14148778;1.21484;1.2149;1.21487;0;T;True;1
1621241678000;14148786;1.21483;1.21489;1.21486;7;T;True;1
1621241679000;14148789;1.21483;1.21489;1.21486;2;T;True;1
1621241680000;14148791;1.21483;1.21489;1.21486;1;T;True;1
1621241681000;14148793;1.21482;1.21488;1.21485;1;T;True;1
1621241682000;14148794;1.21482;1.21488;1.21485;0;T;True;1
1621241683000;14148796;1.21482;1.21488;1.21485;1;T;True;1
1621241684000;14148798;1.21482;1.21488;1.21485;1;T;True;1
1621241685000;14148800;1.21481;1.21487;1.21484;1;T;True;1
1621241686000;14148801;1.21481;1.21487;1.21484;0;T;True;1
1621241687000;14148804;1.21481;1.21487;1.21484;2;T;True;1
1621241688000;14148806;1.21482;1.21488;1.21485;1;T;True;1
1621241689000;14148808;1.21482;1.21488;1.21485;1;T;True;1
1621241690000;14148811;1.21482;1.21488;1.21485;2;T;True;1
1621241691000;14148814;1.21483;1.21489;1.21486;2;T;True;1
1621241692000;14148815;1.21483;1.21489;1.21486;0;T;True;1
1621241693000;14148816;1.21483;1.21489;1.21486;0;T;True;1
1621241694000;14148817;1.21483;1.21489;1.21486;0;T;True;1
1621241695000;14148818;1.21483;1.21489;1.21486;0;T;True;1
1621241696000;14148820;1.21484;1.2149;1.21487;1;T;True;1
1621241697000;14148821;1.21484;1.2149;1.21487;0;T;True;1
1621241698000;14148822;1.21484;1.2149;1.21487;0;T;True;1
1621241699000;14148823;1.21484;1.2149;1.21487;0;T;True;1
1621241700000;14148824;1.21484;1.2149;1.21487;0;T;True;1
1621241701000;14148825;1.21484;1.2149;1.21487;0;T;True;1
1621241702000;14148826;1.21484;1.2149;1.21487;0;T;True;1
1621241703000;14148828;1.21483;1.21489;1.21486;1;T;True;1
1621241704000;14148829;1.21483;1.21489;1.21486;0;T;True;1
1621241705000;14148830;1.21483;1.21489;1.21486;0;T;True;1
1621241706000;14148832;1.21484;1.2149;1.21487;1;T;True;1
1621241707000;14148834;1.21483;1.21489;1.21486;1;T;True;1
1621241708000;14148836;1.21482;1.21488;1.21485;1;T;True;1
1621241709000;14148838;1.21484;1.2149;1.21487;1;T;True;1
1621241710000;14148843;1.21488;1.21494;1.21491;4;T;True;1
1621241711000;14148847;1.21492;1.21498;1.21495;3;T;True;1
1621241712000;14148848;1.21492;1.21498;1.21495;0;T;True;1
1621241713000;14148850;1.21492;1.21498;1.21495;1;T;True;1
1621241714000;14148852;1.21492;1.21498;1.21495;1;T;True;1
1621241715000;14148854;1.21491;1.21497;1.21494;1;T;True;1
1621241716000;14148856;1.2149;1.21496;1.21493;1;T;True;1
1621241717000;14148857;1.2149;1.21496;1.21493;0;T;True;1
1621241718000;14148858;1.2149;1.21496;1.21493;0;T;True;1
1621241719000;14148859;1.2149;1.21496;1.21493;0;T;True;1
1621241720000;14148863;1.21492;1.21498;1.21495;3;T;True;1
1621241721000;14148865;1.21492;1.21498;1.21495;1;T;True;1
1621241722000;14148868;1.2149;1.21496;1.21493;2;T;True;1
1621241723000;14148870;1.21491;1.21497;1.21494;1;T;True;1
1621241724000;14148875;1.21494;1.215;1.21497;4;T;True;1
1621241725000;14148876;1.21494;1.215;1.21497;0;T;True;1
1621241726000;14148877;1.21494;1.215;1.21497;0;T;True;1
1621241727000;14148879;1.21495;1.21501;1.21498;1;T;True;1
1621241728000;14148880;1.21495;1.21501;1.21498;0;T;True;1
1621241729000;14148881;1.21495;1.21501;1.21498;0;T;True;1
1621241730000;14148882;1.21495;1.21501;1.21498;0;T;True;1
1621241731000;14148883;1.21495;1.21501;1.21498;0;T;True;1
1621241732000;14148886;1.21494;1.215;1.21497;2;T;True;1
1621241733000;14148889;1.21494;1.215;1.21497;2;T;True;1
1621241734000;14148890;1.21494;1.215;1.21497;0;T;True;1
1621241735000;14148895;1.21491;1.21497;1.21494;4;T;True;1
1621241736000;14148896;1.21491;1.21497;1.21494;0;T;True;1
1621241737000;14148897;1.21491;1.21497;1.21494;0;T;True;1
1621241738000;14148898;1.21491;1.21497;1.21494;0;T;True;1
1621241739000;14148900;1.21491;1.21497;1.21494;1;T;True;1
1621241740000;14148906;1.21494;1.215;1.21497;5;T;True;1
1621241741000;14148907;1.21494;1.215;1.21497;0;T;True;1
1621241742000;14148908;1.21494;1.215;1.21497;0;T;True;1
1621241743000;14148909;1.21494;1.215;1.21497;0;T;True;1
1621241744000;14148910;1.21494;1.215;1.21497;0;T;True;1
1621241745000;14148911;1.21494;1.215;1.21497;0;T;True;1
1621241746000;14148912;1.21494;1.215;1.21497;0;T;True;1
1621241747000;14148914;1.21493;1.21499;1.21496;1;T;True;1
1621241748000;14148917;1.21492;1.21498;1.21495;2;T;True;1
1621241749000;14148918;1.21492;1.21498;1.21495;0;T;True;1
1621241750000;14148919;1.21492;1.21498;1.21495;0;T;True;1
1621241751000;14148920;1.21492;1.21498;1.21495;0;T;True;1
1621241752000;14148921;1.21492;1.21498;1.21495;0;T;True;1
1621241753000;14148922;1.21492;1.21498;1.21495;0;T;True;1
1621241754000;14148924;1.21492;1.21498;1.21495;1;T;True;1
1621241755000;14148925;1.21492;1.21498;1.21495;0;T;True;1
1621241756000;14148931;1.21492;1.21498;1.21495;5;T;True;1
1621241757000;14148932;1.21492;1.21498;1.21495;0;T;True;1
1621241758000;14148935;1.21492;1.21498;1.21495;2;T;True;1
1621241759000;14148937;1.21492;1.21498;1.21495;1;T;True;1
1621241760000;14148938;1.21492;1.21498;1.21495;0;T;True;1
1621241761000;14148939;1.21492;1.21498;1.21495;0;T;True;1
1621241762000;14148941;1.21492;1.21498;1.21495;1;T;True;1
1621241763000;14148942;1.21492;1.21498;1.21495;0;T;True;1
1621241764000;14148943;1.21492;1.21498;1.21495;0;T;True;1
1621241765000;14148944;1.21492;1.21498;1.21495;0;T;True;1
1621241766000;14148950;1.21494;1.215;1.21497;5;T;True;1
1621241767000;14148951;1.21494;1.215;1.21497;0;T;True;1
1621241768000;14148954;1.21494;1.215;1.21497;2;T;True;1
1621241769000;14148959;1.21496;1.21502;1.21499;4;T;True;1
1621241770000;14148960;1.21496;1.21502;1.21499;0;T;True;1
1621241771000;14148966;1.21494;1.215;1.21497;5;T;True;1
1621241772000;14148973;1.21491;1.21497;1.21494;6;T;True;1
1621241773000;14148976;1.21491;1.21497;1.21494;2;T;True;1
1621241774000;14148977;1.21491;1.21497;1.21494;0;T;True;1
1621241775000;14148978;1.21491;1.21497;1.21494;0;T;True;1
1621241776000;14148979;1.21491;1.21497;1.21494;0;T;True;1
1621241777000;14148983;1.2149;1.21496;1.21493;3;T;True;1
1621241778000;14148984;1.2149;1.21496;1.21493;0;T;True;1
1621241779000;14148985;1.2149;1.21496;1.21493;0;T;True;1
1621241780000;14148987;1.21489;1.21495;1.21492;1;T;True;1
1621241781000;14148991;1.21489;1.21495;1.21492;3;T;True;1
1621241782000;14148994;1.21489;1.21495;1.21492;2;T;True;1
1621241783000;14149001;1.21489;1.21495;1.21492;6;T;True;1
1621241784000;14149007;1.21485;1.21491;1.21488;5;T;True;1
1621241785000;14149008;1.21485;1.21491;1.21488;0;T;True;1
1621241786000;14149010;1.21485;1.21491;1.21488;1;T;True;1
1621241787000;14149011;1.21485;1.21491;1.21488;0;T;True;1
1621241788000;14149012;1.21485;1.21491;1.21488;0;T;True;1
1621241789000;14149013;1.21485;1.21491;1.21488;0;T;True;1
1621241790000;14149014;1.21485;1.21491;1.21488;0;T;True;1
1621241791000;14149016;1.21485;1.21491;1.21488;1;T;True;1
1621241792000;14149017;1.21485;1.21491;1.21488;0;T;True;1
1621241793000;14149025;1.21482;1.21488;1.21485;7;T;True;1
1621241794000;14149031;1.2148;1.21486;1.21483;5;T;True;1
1621241795000;14149034;1.21479;1.21485;1.21482;2;T;True;1
1621241796000;14149039;1.2148;1.21486;1.21483;4;T;True;1
