ts;n;bid;ask;value;volume;phase;round;active_id
1621261662000;14205203;1.2149;1.21496;1.21493;6;T;True;1
1621261663000;14205207;1.2149;1.21496;1.21493;3;T;True;1
1621261664000;14205210;1.21488;1.21494;1.21491;2;T;True;1
1621261665000;14205213;1.21486;1.21492;1.21489;2;T;True;1
1621261666000;14205216;1.21486;1.21492;1.21489;2;T;True;1
1621261667000;14205221;1.21486;1.21492;1.21489;4;T;True;1
1621261668000;14205222;1.21486;1.21492;1.21489;0;T;True;1
1621261669000;14205228;1.2149;1.21496;1.21493;5;T;True;1
1621261670000;14205229;1.2149;1.21496;1.21493;0;T;True;1
1621261671000;14205237;1.21492;1.21498;1.21495;7;T;True;1
1621261672000;14205239;1.21496;1.21502;1.21499;1;T;True;1
1621261673000;14205240;1.21496;1.21502;1.21499;0;T;True;1
1621261674000;14205241;1.21496;1.21502;1.21499;0;T;True;1
1621261675000;14205242;1.21496;1.21502;1.21499;0;T;True;1
1621261676000;14205243;1.21496;1.21502;1.21499;0;T;True;1
1621261677000;14205249;1.21496;1.21502;1.21499;5;T;True;1
1621261678000;14205254;1.21497;1.21503;1.215;4;T;True;1
1621261679000;14205257;1.21496;1.21502;1.21499;2;T;True;1
1621261680000;14205258;1.21496;1.21502;1.21499;0;T;True;1
1621261681000;14205260;1.21496;1.21502;1.21499;1;T;True;1
1621261682000;14205261;1.21496;1.21502;1.21499;0;T;True;1
1621261683000;14205265;1.21501;1.21507;1.21504;3;T;True;1
1621261684000;14205277;1.21506;1.21512;1.21509;11;T;True;1
1621261685000;14205279;1.21506;1.21512;1.21509;1;T;True;1
1621261686000;14205281;1.21505;1.21511;1.21508;1;T;True;1
1621261687000;14205288;1.21502;1.21508;1.21505;6;T;True;1
1621261688000;14205290;1.21502;1.21508;1.21505;1;T;True;1
1621261689000;14205294;1.21506;1.21512;1.21509;3;T;True;1
1621261690000;14205295;1.21506;1.21512;1.21509;0;T;True;1
1621261691000;14205296;1.21506;1.21512;1.21509;0;T;True;1
1621261692000;14205300;1.21505;1.21511;1.21508;3;T;True;1
1621261693000;14205310;1.21505;1.21511;1.21508;9;T;True;1
1621261694000;14205320;1.21504;1.2151;1.21507;9;T;True;1
1621261695000;14205321;1.21504;1.2151;1.21507;0;T;True;1
1621261696000;14205324;1.21504;1.2151;1.21507;2;T;True;1
1621261697000;14205329;1.21505;1.21511;1.21508;4;T;True;1
1621261698000;14205337;1.21514;1.2152;1.21517;7;T;True;1
1621261699000;14205340;1.21512;1.21518;1.21515;2;T;True;1
1621261700000;14205343;1.21512;1.21518;1.21515;2;T;True;1
1621261701000;14205344;1.21512;1.21518;1.21515;0;T;True;1
1621261702000;14205348;1.21508;1.21514;1.21511;3;T;True;1
1621261703000;14205350;1.21509;1.21515;1.21512;1;T;True;1
1621261704000;14205353;1.2151;1.21516;1.21513;2;T;True;1
1621261705000;14205355;1.2151;1.21516;1.21513;1;T;True;1
1621261706000;14205361;1.21509;1.21515;1.21512;5;T;True;1
1621261707000;14205363;1.2151;1.21516;1.21513;1;T;True;1
1621261708000;14205364;1.2151;1.21516;1.21513;0;T;True;1
1621261709000;14205373;1.2151;1.21516;1.21513;8;T;True;1
1621261710000;14205376;1.2151;1.21516;1.21513;2;T;True;1
1621261711000;14205377;1.2151;1.21516;1.21513;0;T;True;1
1621261712000;14205378;1.2151;1.21516;1.21513;0;T;True;1
1621261713000;14205384;1.2151;1.21516;1.21513;5;T;True;1
1621261714000;14205392;1.2151;1.21516;1.21513;7;T;True;1
1621261715000;14205400;1.2151;1.21516;1.21513;7;T;True;1
1621261716000;14205403;1.21509;1.21515;1.21512;2;T;True;1
1621261717000;14205416;1.21515;1.21521;1.21518;12;T;True;1
1621261718000;14205417;1.21515;1.21521;1.21518;0;T;True;1
1621261719000;14205418;1.21515;1.21521;1.21518;0;T;True;1
1621261720000;14205426;1.21515;1.21521;1.21518;7;T;True;1
1621261721000;14205430;1.21515;1.21521;1.21518;3;T;True;1
1621261722000;14205437;1.21514;1.2152;1.21517;6;T;True;1
1621261723000;14205440;1.21514;1.2152;1.21517;2;T;True;1
1621261724000;14205442;1.21516;1.21522;1.21519;1;T;True;1
1621261725000;14205443;1.21516;1.21522;1.21519;0;T;True;1
1621261726000;14205444;1.21516;1.21522;1.21519;0;T;True;1
1621261727000;14205446;1.21515;1.21521;1.21518;1;T;True;1
1621261728000;14205447;1.21515;1.21521;1.21518;0;T;True;1
1621261729000;14205449;1.21516;1.21522;1.21519;1;T;True;1
1621261730000;14205450;1.21516;1.21522;1.21519;0;T;True;1
1621261731000;14205454;1.21516;1.21522;1.21519;3;T;True;1
1621261732000;14205456;1.21516;1.21522;1.21519;1;T;True;1
1621261733000;14205457;1.21516;1.21522;1.21519;0;T;True;1
1621261734000;14205460;1.21516;1.21522;1.21519;2;T;True;1
1621261735000;14205461;1.21516;1.21522;1.21519;0;T;True;1
1621261736000;14205463;1.21516;1.21522;1.21519;1;T;True;1
1621261737000;14205470;1.21521;1.21527;1.21524;6;T;True;1
1621261738000;14205472;1.21522;1.21528;1.21525;1;T;True;1
1621261739000;14205481;1.21524;1.2153;1.21527;8;T;True;1
1621261740000;14205485;1.21522;1.21528;1.21525;3;T;True;1
1621261741000;14205490;1.21522;1.21528;1.21525;4;T;True;1
1621261742000;14205495;1.21516;1.21522;1.21519;4;T;True;1
1621261743000;14205505;1.21516;1.21522;1.21519;9;T;True;1
1621261744000;14205511;1.21516;1.21522;1.21519;5;T;True;1
1621261745000;14205513;1.21516;1.21522;1.21519;1;T;True;1
1621261746000;14205524;1.21522;1.21528;1.21525;10;T;True;1
1621261747000;14205530;1.21522;1.21528;1.21525;5;T;True;1
1621261748000;14205536;1.21523;1.21529;1.21526;5;T;True;1
1621261749000;14205545;1.21525;1.21531;1.21528;8;T;True;1
1621261750000;14205554;1.21531;1.21537;1.21534;8;T;True;1
1621261751000;14205558;1.2153;1.21536;1.21533;3;T;True;1
1621261752000;14205569;1.21521;1.21527;1.21524;10;T;True;1
1621261753000;14205579;1.21523;1.21529;1.21526;9;T;True;1
1621261754000;14205586;1.21522;1.21528;1.21525;6;T;True;1
1621261755000;14205587;1.21522;1.21528;1.21525;0;T;True;1
1621261756000;14205589;1.21522;1.21528;1.21525;1;T;True;1
1621261757000;14205599;1.21515;1.21521;1.21518;9;T;True;1
1621261758000;14205604;1.21516;1.21522;1.21519;4;T;True;1
1621261759000;14205611;1.21518;1.21524;1.21521;6;T;True;1
1621261760000;14205615;1.21515;1.21521;1.21518;3;T;True;1
1621261761000;14205623;1.2152;1.21526;1.21523;7;T;True;1
1621261762000;14205630;1.2152;1.21526;1.21523;6;T;True;1
1621261763000;14205635;1.21519;1.21525;1.21522;4;T;True;1
1621261764000;14205641;1.21516;1.21522;1.21519;5;T;True;1
1621261765000;14205652;1.21512;1.21518;1.21515;10;T;True;1
1621261766000;14205657;1.21512;1.21518;1.21515;4;T;True;1
1621261767000;14205666;1.21512;1.21518;1.21515;8;T;True;1
1621261768000;14205679;1.21514;1.2152;1.21517;12;T;True;1
1621261769000;14205686;1.21513;1.21519;1.21516;6;T;True;1
1621261770000;14205693;1.2151;1.21516;1.21513;6;T;True;1
1621261771000;14205697;1.21512;1.21518;1.21515;3;T;True;1
1621261772000;14205700;1.2151;1.21516;1.21513;2;T;True;1
1621261773000;14205709;1.21512;1.21518;1.21515;8;T;True;1
1621261774000;14205711;1.21512;1.21518;1.21515;1;T;True;1
1621261775000;14205719;1.21506;1.21512;1.21509;7;T;True;1
1621261776000;14205727;1.21506;1.21512;1.21509;7;T;True;1
1621261777000;14205732;1.21506;1.21512;1.21509;4;T;True;1
1621261778000;14205736;1.21505;1.21511;1.21508;3;T;True;1
1621261779000;14205739;1.21504;1.2151;1.21507;2;T;True;1
1621261780000;14205741;1.21504;1.2151;1.21507;1;T;True;1
1621261781000;14205746;1.21504;1.2151;1.21507;4;T;True;1
1621261782000;14205752;1.21505;1.21511;1.21508;5;T;True;1
1621261783000;14205758;1.21505;1.21511;1.21508;5;T;True;1
1621261784000;14205762;1.21502;1.21508;1.21505;3;T;True;1
1621261785000;14205765;1.21502;1.21508;1.21505;2;T;True;1
1621261786000;14205769;1.21502;1.21508;1.21505;3;T;True;1
1621261787000;14205781;1.21494;1.215;1.21497;11;T;True;1
1621261788000;14205784;1.21493;1.21499;1.21496;2;T;True;1
1621261789000;14205788;1.21492;1.21498;1.21495;3;T;True;1
1621261790000;14205798;1.2149;1.21496;1.21493;9;T;True;1
1621261791000;14205803;1.21486;1.21492;1.21489;4;T;True;1
1621261792000;14205810;1.21488;1.21494;1.21491;6;T;True;1
1621261793000;14205822;1.2149;1.21496;1.21493;11;T;True;1
1621261794000;14205826;1.2149;1.21496;1.21493;3;T;True;1
1621261795000;14205834;1.2149;1.21496;1.21493;7;T;True;1
1621261796000;14205837;1.21491;1.21497;1.21494;2;T;True;1
1621261797000;14205840;1.2149;1.21496;1.21493;2;T;True;1
1621261798000;14205842;1.2149;1.21496;1.21493;1;T;True;1
1621261799000;14205851;1.21484;1.2149;1.21487;8;T;True;1
1621261800000;14205858;1.21488;1.21494;1.21491;6;T;True;1
1621261801000;14205871;1.2149;1.21496;1.21493;12;T;True;1
1621261802000;14205881;1.21492;1.21498;1.21495;9;T;True;1
1621261803000;14205886;1.21492;1.21498;1.21495;4;T;True;1
1621261804000;14205901;1.2149;1.21496;1.21493;14;T;True;1
1621261805000;14205914;1.2149;1.21496;1.21493;12;T;True;1
1621261806000;14205919;1.2149;1.21496;1.21493;4;T;True;1
1621261807000;14205920;1.2149;1.21496;1.21493;0;T;True;1
1621261808000;14205930;1.2149;1.21496;1.21493;9;T;True;1
1621261809000;14205941;1.21486;1.21492;1.21489;10;T;True;1
1621261810000;14205953;1.21484;1.2149;1.21487;11;T;True;1
1621261811000;14205962;1.21483;1.21489;1.21486;8;T;True;1
1621261812000;14205974;1.2148;1.21486;1.21483;11;T;True;1
1621261813000;14205982;1.2148;1.21486;1.21483;7;T;True;1
1621261814000;14205986;1.21476;1.21482;1.21479;3;T;True;1
1621261815000;14205989;1.21476;1.21482;1.21479;2;T;True;1
1621261816000;14206010;1.21478;1.21484;1.21481;20;T;True;1
1621261817000;14206021;1.21476;1.21482;1.21479;10;T;True;1
1621261818000;14206035;1.21472;1.21478;1.21475;13;T;True;1
1621261819000;14206041;1.21472;1.21478;1.21475;5;T;True;1
1621261820000;14206051;1.21474;1.2148;1.21477;9;T;True;1
1621261821000;14206065;1.21471;1.21477;1.21474;13;T;True;1
1621261822000;14206071;1.21464;1.2147;1.21467;5;T;True;1
1621261823000;14206082;1.2147;1.21476;1.21473;10;T;True;1
1621261824000;14206085;1.2147;1.21476;1.21473;2;T;True;1
1621261825000;14206087;1.2147;1.21476;1.21473;1;T;True;1
1621261826000;14206092;1.21472;1.21478;1.21475;4;T;True;1
1621261827000;14206096;1.21473;1.21479;1.21476;3;T;True;1
1621261828000;14206106;1.21478;1.21484;1.21481;9;T;True;1
1621261829000;14206113;1.21476;1.21482;1.21479;6;T;True;1
1621261830000;14206120;1.21476;1.21482;1.21479;6;T;True;1
1621261831000;14206123;1.21477;1.21483;1.2148;2;T;True;1
1621261832000;14206128;1.21478;1.21484;1.21481;4;T;True;1
1621261833000;14206132;1.21476;1.21482;1.21479;3;T;True;1
1621261834000;14206133;1.21476;1.21482;1.21479;0;T;True;1
1621261835000;14206136;1.21477;1.21483;1.2148;2;T;True;1
1621261836000;14206138;1.21477;1.21483;1.2148;1;T;True;1
1621261837000;14206144;1.21478;1.21484;1.21481;5;T;True;1
1621261838000;14206152;1.2148;1.21486;1.21483;7;T;True;1
1621261839000;14206154;1.2148;1.21486;1.21483;1;T;True;1
1621261840000;14206162;1.21485;1.21491;1.21488;7;T;True;1
1621261841000;14206172;1.21489;1.21495;1.21492;9;T;True;1
1621261842000;14206175;1.2149;1.21496;1.21493;2;T;True;1
1621261843000;14206186;1.2149;1.21496;1.21493;10;T;True;1
1621261844000;14206191;1.21492;1.21498;1.21495;4;T;True;1
1621261845000;14206195;1.21492;1.21498;1.21495;3;T;True;1
1621261846000;14206201;1.21488;1.21494;1.21491;5;T;True;1
1621261847000;14206208;1.21488;1.21494;1.21491;6;T;True;1
1621261848000;14206216;1.21488;1.21494;1.21491;7;T;True;1
1621261849000;14206229;1.21492;1.21498;1.21495;12;T;True;1
1621261850000;14206233;1.21492;1.21498;1.21495;3;T;True;1
1621261851000;14206246;1.21497;1.21503;1.215;12;T;True;1
1621261852000;14206249;1.21496;1.21502;1.21499;2;T;True;1
1621261853000;14206250;1.21496;1.21502;1.21499;0;T;True;1
1621261854000;14206252;1.21495;1.21501;1.21498;1;T;True;1
1621261855000;14206254;1.21494;1.215;1.21497;1;T;True;1
1621261856000;14206256;1.21492;1.21498;1.21495;1;T;True;1
1621261857000;14206264;1.21492;1.21498;1.21495;7;T;True;1
1621261858000;14206266;1.21492;1.21498;1.21495;1;T;True;1
1621261859000;14206271;1.21494;1.215;1.21497;4;T;True;1
1621261860000;14206276;1.21492;1.21498;1.21495;4;T;True;1
1621261861000;14206283;1.21494;1.215;1.21497;6;T;True;1
1621261862000;14206292;1.21499;1.21505;1.21502;8;T;True;1
1621261863000;14206303;1.21504;1.2151;1.21507;10;T;True;1
1621261864000;14206305;1.21504;1.2151;1.21507;1;T;True;1
1621261865000;14206307;1.21502;1.21508;1.21505;1;T;True;1
1621261866000;14206312;1.21502;1.21508;1.21505;4;T;True;1
1621261867000;14206313;1.21502;1.21508;1.21505;0;T;True;1
1621261868000;14206318;1.21502;1.21508;1.21505;4;T;True;1
1621261869000;14206322;1.21502;1.21508;1.21505;3;T;True;1
1621261870000;14206326;1.21505;1.21511;1.21508;3;T;True;1
1621261871000;14206330;1.21506;1.21512;1.21509;3;T;True;1
1621261872000;14206338;1.2151;1.21516;1.21513;7;T;True;1
1621261873000;14206342;1.2151;1.21516;1.21513;3;T;True;1
1621261874000;14206345;1.2151;1.21516;1.21513;2;T;True;1
1621261875000;14206346;1.2151;1.21516;1.21513;0;T;True;1
1621261876000;14206348;1.21511;1.21517;1.21514;1;T;True;1
1621261877000;14206349;1.21511;1.21517;1.21514;0;T;True;1
1621261878000;14206351;1.2151;1.21516;1.21513;1;T;True;1
1621261879000;14206352;1.2151;1.21516;1.21513;0;T;True;1
1621261880000;14206354;1.2151;1.21516;1.21513;1;T;True;1
1621261881000;14206362;1.21506;1.21512;1.21509;7;T;True;1
1621261882000;14206364;1.21506;1.21512;1.21509;1;T;True;1
1621261883000;14206371;1.21504;1.2151;1.21507;6;T;True;1
1621261884000;14206373;1.21504;1.2151;1.21507;1;T;True;1
1621261885000;14206376;1.21504;1.2151;1.21507;2;T;True;1
1621261886000;14206385;1.21504;1.2151;1.21507;8;T;True;1
1621261887000;14206391;1.21504;1.2151;1.21507;5;T;True;1
1621261888000;14206394;1.21503;1.21509;1.21506;2;T;True;1
1621261889000;14206400;1.21504;1.2151;1.21507;5;T;True;1
1621261890000;14206406;1.21506;1.21512;1.21509;5;T;True;1
1621261891000;14206415;1.21504;1.2151;1.21507;8;T;True;1
1621261892000;14206418;1.21502;1.21508;1.21505;2;T;True;1
1621261893000;14206425;1.21498;1.21504;1.21501;6;T;True;1
1621261894000;14206437;1.21498;1.21504;1.21501;11;T;True;1
1621261895000;14206438;1.21498;1.21504;1.21501;0;T;True;1
1621261896000;14206440;1.21498;1.21504;1.21501;1;T;True;1
1621261897000;14206450;1.21492;1.21498;1.21495;9;T;True;1
1621261898000;14206460;1.21494;1.215;1.21497;9;T;True;1
1621261899000;14206467;1.21495;1.21501;1.21498;6;T;True;1
1621261900000;14206479;1.21488;1.21494;1.21491;11;T;True;1
1621261901000;14206499;1.21493;1.21499;1.21496;19;T;True;1
1621261902000;14206508;1.21492;1.21498;1.21495;8;T;True;1
1621261903000;14206515;1.2149;1.21496;1.21493;6;T;True;1
1621261904000;14206519;1.2149;1.21496;1.21493;3;T;True;1
1621261905000;14206523;1.2149;1.21496;1.21493;3;T;True;1
1621261906000;14206532;1.21494;1.215;1.21497;8;T;True;1
1621261907000;14206536;1.21493;1.21499;1.21496;3;T;True;1
1621261908000;14206544;1.21494;1.215;1.21497;7;T;True;1
1621261909000;14206552;1.21498;1.21504;1.21501;7;T;True;1
1621261910000;14206553;1.21498;1.21504;1.21501;0;T;True;1
1621261911000;14206555;1.21498;1.21504;1.21501;1;T;True;1
1621261912000;14206565;1.21499;1.21505;1.21502;9;T;True;1
1621261913000;14206566;1.21499;1.21505;1.21502;0;T;True;1
1621261914000;14206568;1.21498;1.21504;1.21501;1;T;True;1
1621261915000;14206569;1.21498;1.21504;1.21501;0;T;True;1
1621261916000;14206579;1.21499;1.21505;1.21502;9;T;True;1
1621261917000;14206583;1.215;1.21506;1.21503;3;T;True;1
1621261918000;14206593;1.21496;1.21502;1.21499;9;T;True;1
1621261919000;14206595;1.21496;1.21502;1.21499;1;T;True;1
1621261920000;14206605;1.21492;1.21498;1.21495;9;T;True;1
1621261921000;14206615;1.21497;1.21503;1.215;9;T;True;1
1621261922000;14206619;1.21496;1.21502;1.21499;3;T;True;1
1621261923000;14206626;1.21496;1.21502;1.21499;6;T;True;1
1621261924000;14206628;1.21496;1.21502;1.21499;1;T;True;1
1621261925000;14206634;1.21496;1.21502;1.21499;5;T;True;1
1621261926000;14206641;1.21496;1.21502;1.21499;6;T;True;1
1621261927000;14206642;1.21496;1.21502;1.21499;0;T;True;1
1621261928000;14206643;1.21496;1.21502;1.21499;0;T;True;1
1621261929000;14206646;1.21496;1.21502;1.21499;2;T;True;1
1621261930000;14206654;1.21496;1.21502;1.21499;7;T;True;1
1621261931000;14206662;1.21492;1.21498;1.21495;7;T;True;1
1621261932000;14206668;1.21491;1.21497;1.21494;5;T;True;1
1621261933000;14206671;1.2149;1.21496;1.21493;2;T;True;1
1621261934000;14206680;1.21496;1.21502;1.21499;8;T;True;1
1621261935000;14206682;1.21496;1.21502;1.21499;1;T;True;1
1621261936000;14206686;1.21494;1.215;1.21497;3;T;True;1
1621261937000;14206689;1.21492;1.21498;1.21495;2;T;True;1
1621261938000;14206697;1.21489;1.21495;1.21492;7;T;True;1
1621261939000;14206699;1.21489;1.21495;1.21492;1;T;True;1
1621261940000;14206701;1.21489;1.21495;1.21492;1;T;True;1
1621261941000;14206704;1.21488;1.21494;1.21491;2;T;True;1
1621261942000;14206710;1.21488;1.21494;1.21491;5;T;True;1
1621261943000;14206717;1.21485;1.21491;1.21488;6;T;True;1
1621261944000;14206720;1.21484;1.2149;1.21487;2;T;True;1
1621261945000;14206721;1.21484;1.2149;1.21487;0;T;True;1
1621261946000;14206726;1.21482;1.21488;1.21485;4;T;True;1
1621261947000;14206738;1.21492;1.21498;1.21495;11;T;True;1
1621261948000;14206744;1.21492;1.21498;1.21495;5;T;True;1
1621261949000;14206748;1.21491;1.21497;1.21494;3;T;True;1
1621261950000;14206756;1.21485;1.21491;1.21488;7;T;True;1
1621261951000;14206761;1.21482;1.21488;1.21485;4;T;True;1
1621261952000;14206768;1.21484;1.2149;1.21487;6;T;True;1
1621261953000;14206770;1.21484;1.2149;1.21487;1;T;True;1
1621261954000;14206773;1.21486;1.21492;1.21489;2;T;True;1
1621261955000;14206777;1.21486;1.21492;1.21489;3;T;True;1
1621261956000;14206778;1.21486;1.21492;1.21489;0;T;True;1
1621261957000;14206779;1.21486;1.21492;1.21489;0;T;True;1
1621261958000;14206780;1.21486;1.21492;1.21489;0;T;True;1
1621261959000;14206781;1.21486;1.21492;1.21489;0;T;True;1
1621261960000;14206782;1.21486;1.21492;1.21489;0;T;True;1
1621261961000;14206783;1.21486;1.21492;1.21489;0;T;True;1
1621261962000;14206784;1.21486;1.21492;1.21489;0;T;True;1
1621261963000;14206785;1.21486;1.21492;1.21489;0;T;True;1
1621261964000;14206787;1.21486;1.21492;1.21489;1;T;True;1
1621261965000;14206788;1.21486;1.21492;1.21489;0;T;True;1
1621261966000;14206789;1.21486;1.21492;1.21489;0;T;True;1
1621261967000;14206791;1.21486;1.21492;1.21489;1;T;True;1
1621261968000;14206794;1.21486;1.21492;1.21489;2;T;True;1
1621261969000;14206798;1.21486;1.21492;1.21489;3;T;True;1
1621261970000;14206802;1.21486;1.21492;1.21489;3;T;True;1
1621261971000;14206807;1.21487;1.21493;1.2149;4;T;True;1
1621261972000;14206809;1.21487;1.21493;1.2149;1;T;True;1
1621261973000;14206815;1.21488;1.21494;1.21491;5;T;True;1
1621261974000;14206816;1.21488;1.21494;1.21491;0;T;True;1
1621261975000;14206817;1.21488;1.21494;1.21491;0;T;True;1
1621261976000;14206819;1.21488;1.21494;1.21491;1;T;True;1
1621261977000;14206820;1.21488;1.21494;1.21491;0;T;True;1
1621261978000;14206826;1.21484;1.2149;1.21487;5;T;True;1
1621261979000;14206831;1.21484;1.2149;1.21487;4;T;True;1
1621261980000;14206834;1.21484;1.2149;1.21487;2;T;True;1
1621261981000;14206841;1.21484;1.2149;1.21487;6;T;True;1
1621261982000;14206845;1.21485;1.21491;1.21488;3;T;True;1
1621261983000;14206850;1.21484;1.2149;1.21487;4;T;True;1
1621261984000;14206852;1.21484;1.2149;1.21487;1;T;True;1
1621261985000;14206862;1.2148;1.21486;1.21483;9;T;True;1
1621261986000;14206871;1.21482;1.21488;1.21485;8;T;True;1
1621261987000;14206874;1.21482;1.21488;1.21485;2;T;True;1
1621261988000;14206886;1.2148;1.21486;1.21483;11;T;True;1
1621261989000;14206893;1.21476;1.21482;1.21479;6;T;True;1
1621261990000;14206898;1.21474;1.2148;1.21477;4;T;True;1
1621261991000;14206904;1.21468;1.21474;1.21471;5;T;True;1
1621261992000;14206907;1.2147;1.21476;1.21473;2;T;True;1
1621261993000;14206908;1.2147;1.21476;1.21473;0;T;True;1
1621261994000;14206911;1.21472;1.21478;1.21475;2;T;True;1
1621261995000;14206917;1.21475;1.21481;1.21478;5;T;True;1
1621261996000;14206919;1.21475;1.21481;1.21478;1;T;True;1
1621261997000;14206922;1.21476;1.21482;1.21479;2;T;True;1
1621261998000;14206925;1.21476;1.21482;1.21479;2;T;True;1
1621261999000;14206928;1.21476;1.21482;1.21479;2;T;True;1
1621262000000;14206930;1.21476;1.21482;1.21479;1;T;True;1
1621262001000;14206934;1.21477;1.21483;1.2148;3;T;True;1
1621262002000;14206941;1.21476;1.21482;1.21479;6;T;True;1
1621262003000;14206947;1.21475;1.21481;1.21478;5;T;True;1
1621262004000;14206952;1.21471;1.21477;1.21474;4;T;True;1
1621262005000;14206956;1.21471;1.21477;1.21474;3;T;True;1
1621262006000;14206958;1.2147;1.21476;1.21473;1;T;True;1
1621262007000;14206960;1.2147;1.21476;1.21473;1;T;True;1
1621262008000;14206964;1.2147;1.21476;1.21473;3;T;True;1
1621262009000;14206977;1.21475;1.21481;1.21478;12;T;True;1
1621262010000;14206983;1.21474;1.2148;1.21477;5;T;True;1
1621262011000;14206987;1.21474;1.2148;1.21477;3;T;True;1
1621262012000;14206989;1.21474;1.2148;1.21477;1;T;True;1
1621262013000;14206992;1.21475;1.21481;1.21478;2;T;True;1
1621262014000;14206996;1.21477;1.21483;1.2148;3;T;True;1
1621262015000;14207001;1.21474;1.2148;1.21477;4;T;True;1
1621262016000;14207002;1.21474;1.2148;1.21477;0;T;True;1
1621262017000;14207006;1.21474;1.2148;1.21477;3;T;True;1
1621262018000;14207011;1.21477;1.21483;1.2148;4;T;True;1
1621262019000;14207017;1.2148;1.21486;1.21483;5;T;True;1
1621262020000;14207021;1.2148;1.21486;1.21483;3;T;True;1
1621262021000;14207031;1.21479;1.21485;1.21482;9;T;True;1
1621262022000;14207037;1.21477;1.21483;1.2148;5;T;True;1
1621262023000;14207046;1.21476;1.21482;1.21479;8;T;True;1
1621262024000;14207050;1.21476;1.21482;1.21479;3;T;True;1
1621262025000;14207051;1.21476;1.21482;1.21479;0;T;True;1
1621262026000;14207058;1.21476;1.21482;1.21479;6;T;True;1
1621262027000;14207060;1.21476;1.21482;1.21479;1;T;True;1
1621262028000;14207065;1.21475;1.21481;1.21478;4;T;True;1
1621262029000;14207069;1.21476;1.21482;1.21479;3;T;True;1
1621262030000;14207071;1.21476;1.21482;1.21479;1;T;True;1
1621262031000;14207072;1.21476;1.21482;1.21479;0;T;True;1
1621262032000;14207073;1.21476;1.21482;1.21479;0;T;True;1
1621262033000;14207074;1.21476;1.21482;1.21479;0;T;True;1
1621262034000;14207077;1.21476;1.21482;1.21479;2;T;True;1
1621262035000;14207084;1.21477;1.21483;1.2148;6;T;True;1
1621262036000;14207092;1.21476;1.21482;1.21479;7;T;True;1
1621262037000;14207093;1.21476;1.21482;1.21479;0;T;True;1
1621262038000;14207101;1.21478;1.21484;1.21481;7;T;True;1
1621262039000;14207104;1.21476;1.21482;1.21479;2;T;True;1
1621262040000;14207107;1.21475;1.21481;1.21478;2;T;True;1
1621262041000;14207115;1.21474;1.2148;1.21477;7;T;True;1
1621262042000;14207125;1.21479;1.21485;1.21482;9;T;True;1
1621262043000;14207133;1.21476;1.21482;1.21479;7;T;True;1
1621262044000;14207138;1.21477;1.21483;1.2148;4;T;True;1
1621262045000;14207139;1.21477;1.21483;1.2148;0;T;True;1
1621262046000;14207141;1.21476;1.21482;1.21479;1;T;True;1
1621262047000;14207142;1.21476;1.21482;1.21479;0;T;True;1
1621262048000;14207147;1.21477;1.21483;1.2148;4;T;True;1
1621262049000;14207156;1.21476;1.21482;1.21479;8;T;True;1
1621262050000;14207162;1.21474;1.2148;1.21477;5;T;True;1
1621262051000;14207168;1.21474;1.2148;1.21477;5;T;True;1
1621262052000;14207170;1.21474;1.2148;1.21477;1;T;True;1
1621262053000;14207174;1.21474;1.2148;1.21477;3;T;True;1
1621262054000;14207179;1.2147;1.21476;1.21473;4;T;True;1
1621262055000;14207186;1.21474;1.2148;1.21477;6;T;True;1
1621262056000;14207196;1.21478;1.21484;1.21481;9;T;True;1
1621262057000;14207199;1.21478;1.21484;1.21481;2;T;True;1
1621262058000;14207203;1.21478;1.21484;1.21481;3;T;True;1
1621262059000;14207204;1.21478;1.21484;1.21481;0;T;True;1
1621262060000;14207207;1.21476;1.21482;1.21479;2;T;True;1
1621262061000;14207208;1.21476;1.21482;1.21479;0;T;True;1
1621262062000;14207213;1.21478;1.21484;1.21481;4;T;True;1
1621262063000;14207215;1.21478;1.21484;1.21481;1;T;True;1
1621262064000;14207219;1.2148;1.21486;1.21483;3;T;True;1
1621262065000;14207220;1.2148;1.21486;1.21483;0;T;True;1
1621262066000;14207229;1.21481;1.21487;1.21484;8;T;True;1
1621262067000;14207236;1.21482;1.21488;1.21485;6;T;True;1
1621262068000;14207237;1.21482;1.21488;1.21485;0;T;True;1
1621262069000;14207241;1.21482;1.21488;1.21485;3;T;True;1
1621262070000;14207244;1.2148;1.21486;1.21483;2;T;True;1
1621262071000;14207248;1.21479;1.21485;1.21482;3;T;True;1
1621262072000;14207249;1.21479;1.21485;1.21482;0;T;True;1
1621262073000;14207250;1.21479;1.21485;1.21482;0;T;True;1
1621262074000;14207252;1.21479;1.21485;1.21482;1;T;True;1
1621262075000;14207254;1.21479;1.21485;1.21482;1;T;True;1
1621262076000;14207257;1.21478;1.21484;1.21481;2;T;True;1
1621262077000;14207268;1.21481;1.21487;1.21484;10;T;True;1
1621262078000;14207270;1.2148;1.21486;1.21483;1;T;True;1
1621262079000;14207277;1.21482;1.21488;1.21485;6;T;True;1
1621262080000;14207289;1.21479;1.21485;1.21482;11;T;True;1
1621262081000;14207294;1.21476;1.21482;1.21479;4;T;True;1
1621262082000;14207301;1.21474;1.2148;1.21477;6;T;True;1
1621262083000;14207305;1.21472;1.21478;1.21475;3;T;True;1
1621262084000;14207313;1.2147;1.21476;1.21473;7;T;True;1
1621262085000;14207318;1.21472;1.21478;1.21475;4;T;True;1
1621262086000;14207322;1.2147;1.21476;1.21473;3;T;True;1
1621262087000;14207328;1.2147;1.21476;1.21473;5;T;True;1
1621262088000;14207339;1.21465;1.21471;1.21468;10;T;True;1
1621262089000;14207341;1.21466;1.21472;1.21469;1;T;True;1
1621262090000;14207351;1.2146;1.21466;1.21463;9;T;True;1
1621262091000;14207356;1.2146;1.21466;1.21463;4;T;True;1
1621262092000;14207361;1.21459;1.21465;1.21462;4;T;True;1
1621262093000;14207363;1.21459;1.21465;1.21462;1;T;True;1
1621262094000;14207367;1.2146;1.21466;1.21463;3;T;True;1
1621262095000;14207372;1.21459;1.21465;1.21462;4;T;True;1
1621262096000;14207377;1.21459;1.21465;1.21462;4;T;True;1
1621262097000;14207378;1.21459;1.21465;1.21462;0;T;True;1
1621262098000;14207379;1.21459;1.21465;1.21462;0;T;True;1
1621262099000;14207381;1.21458;1.21464;1.21461;1;T;True;1
1621262100000;14207385;1.21456;1.21462;1.21459;3;T;True;1
1621262101000;14207393;1.21456;1.21462;1.21459;7;T;True;1
1621262102000;14207404;1.21456;1.21462;1.21459;10;T;True;1
1621262103000;14207410;1.21455;1.21461;1.21458;5;T;True;1
1621262104000;14207416;1.21456;1.21462;1.21459;5;T;True;1
1621262105000;14207420;1.21456;1.21462;1.21459;3;T;True;1
1621262106000;14207426;1.21456;1.21462;1.21459;5;T;True;1
1621262107000;14207429;1.21456;1.21462;1.21459;2;T;True;1
1621262108000;14207435;1.21458;1.21464;1.21461;5;T;True;1
1621262109000;14207439;1.21455;1.21461;1.21458;3;T;True;1
1621262110000;14207444;1.21454;1.2146;1.21457;4;T;True;1
1621262111000;14207451;1.21452;1.21458;1.21455;6;T;True;1
1621262112000;14207453;1.21452;1.21458;1.21455;1;T;True;1
1621262113000;14207460;1.21452;1.21458;1.21455;6;T;True;1
1621262114000;14207463;1.21452;1.21458;1.21455;2;T;True;1
1621262115000;14207465;1.21452;1.21458;1.21455;1;T;True;1
1621262116000;14207466;1.21452;1.21458;1.21455;0;T;True;1
1621262117000;14207470;1.2145;1.21456;1.21453;3;T;True;1
1621262118000;14207472;1.2145;1.21456;1.21453;1;T;True;1
1621262119000;14207474;1.2145;1.21456;1.21453;1;T;True;1
1621262120000;14207482;1.21448;1.21454;1.21451;7;T;True;1
1621262121000;14207486;1.21454;1.2146;1.21457;3;T;True;1
1621262122000;14207487;1.21454;1.2146;1.21457;0;T;True;1
1621262123000;14207493;1.21453;1.21459;1.21456;5;T;True;1
1621262124000;14207502;1.21453;1.21459;1.21456;8;T;True;1
1621262125000;14207519;1.21464;1.2147;1.21467;16;T;True;1
1621262126000;14207534;1.21464;1.2147;1.21467;14;T;True;1
1621262127000;14207543;1.21462;1.21468;1.21465;8;T;True;1
1621262128000;14207550;1.21462;1.21468;1.21465;6;T;True;1
1621262129000;14207557;1.21458;1.21464;1.21461;6;T;True;1
1621262130000;14207569;1.21459;1.21465;1.21462;11;T;True;1
1621262131000;14207582;1.21456;1.21462;1.21459;12;T;True;1
1621262132000;14207583;1.21456;1.21462;1.21459;0;T;True;1
1621262133000;14207586;1.21456;1.21462;1.21459;2;T;True;1
1621262134000;14207588;1.21458;1.21464;1.21461;1;T;True;1
1621262135000;14207592;1.21458;1.21464;1.21461;3;T;True;1
1621262136000;14207595;1.21459;1.21465;1.21462;2;T;True;1
1621262137000;14207600;1.2146;1.21466;1.21463;4;T;True;1
1621262138000;14207601;1.2146;1.21466;1.21463;0;T;True;1
1621262139000;14207612;1.21453;1.21459;1.21456;10;T;True;1
1621262140000;14207617;1.2145;1.21456;1.21453;4;T;True;1
1621262141000;14207619;1.21449;1.21455;1.21452;1;T;True;1
1621262142000;14207622;1.2145;1.21456;1.21453;2;T;True;1
1621262143000;14207624;1.21449;1.21455;1.21452;1;T;True;1
1621262144000;14207633;1.21454;1.2146;1.21457;8;T;True;1
1621262145000;14207639;1.21451;1.21457;1.21454;5;T;True;1
1621262146000;14207642;1.2145;1.21456;1.21453;2;T;True;1
1621262147000;14207644;1.2145;1.21456;1.21453;1;T;True;1
1621262148000;14207645;1.2145;1.21456;1.21453;0;T;True;1
1621262149000;14207647;1.2145;1.21456;1.21453;1;T;True;1
1621262150000;14207648;1.2145;1.21456;1.21453;0;T;True;1
1621262151000;14207651;1.21451;1.21457;1.21454;2;T;True;1
1621262152000;14207653;1.21451;1.21457;1.21454;1;T;True;1
1621262153000;14207654;1.21451;1.21457;1.21454;0;T;True;1
1621262154000;14207655;1.21451;1.21457;1.21454;0;T;True;1
1621262155000;14207658;1.2145;1.21456;1.21453;2;T;True;1
1621262156000;14207659;1.2145;1.21456;1.21453;0;T;True;1
1621262157000;14207660;1.2145;1.21456;1.21453;0;T;True;1
1621262158000;14207662;1.21449;1.21455;1.21452;1;T;True;1
1621262159000;14207663;1.21449;1.21455;1.21452;0;T;True;1
1621262160000;14207667;1.21451;1.21457;1.21454;3;T;True;1
1621262161000;14207671;1.21452;1.21458;1.21455;3;T;True;1
1621262162000;14207676;1.21453;1.21459;1.21456;4;T;True;1
1621262163000;14207678;1.21453;1.21459;1.21456;1;T;True;1
1621262164000;14207681;1.21454;1.2146;1.21457;2;T;True;1
1621262165000;14207682;1.21454;1.2146;1.21457;0;T;True;1
1621262166000;14207693;1.21454;1.2146;1.21457;10;T;True;1
1621262167000;14207694;1.21454;1.2146;1.21457;0;T;True;1
1621262168000;14207700;1.21453;1.21459;1.21456;5;T;True;1
1621262169000;14207701;1.21453;1.21459;1.21456;0;T;True;1
1621262170000;14207704;1.21454;1.2146;1.21457;2;T;True;1
1621262171000;14207715;1.21462;1.21468;1.21465;10;T;True;1
1621262172000;14207726;1.21464;1.2147;1.21467;10;T;True;1
1621262173000;14207727;1.21464;1.2147;1.21467;0;T;True;1
1621262174000;14207728;1.21464;1.2147;1.21467;0;T;True;1
1621262175000;14207729;1.21464;1.2147;1.21467;0;T;True;1
1621262176000;14207730;1.21464;1.2147;1.21467;0;T;True;1
1621262177000;14207736;1.2146;1.21466;1.21463;5;T;True;1
1621262178000;14207738;1.21459;1.21465;1.21462;1;T;True;1
1621262179000;14207742;1.21457;1.21463;1.2146;3;T;True;1
1621262180000;14207745;1.21458;1.21464;1.21461;2;T;True;1
1621262181000;14207746;1.21458;1.21464;1.21461;0;T;True;1
1621262182000;14207747;1.21458;1.21464;1.21461;0;T;True;1
1621262183000;14207750;1.21458;1.21464;1.21461;2;T;True;1
1621262184000;14207753;1.21458;1.21464;1.21461;2;T;True;1
1621262185000;14207754;1.21458;1.21464;1.21461;0;T;True;1
1621262186000;14207757;1.21458;1.21464;1.21461;2;T;True;1
1621262187000;14207761;1.21458;1.21464;1.21461;3;T;True;1
1621262188000;14207764;1.21459;1.21465;1.21462;2;T;True;1
1621262189000;14207765;1.21459;1.21465;1.21462;0;T;True;1
1621262190000;14207766;1.21459;1.21465;1.21462;0;T;True;1
1621262191000;14207768;1.2146;1.21466;1.21463;1;T;True;1
1621262192000;14207769;1.2146;1.21466;1.21463;0;T;True;1
1621262193000;14207773;1.21462;1.21468;1.21465;3;T;True;1
1621262194000;14207780;1.21464;1.2147;1.21467;6;T;True;1
1621262195000;14207786;1.21466;1.21472;1.21469;5;T;True;1
1621262196000;14207797;1.21469;1.21475;1.21472;10;T;True;1
1621262197000;14207802;1.21469;1.21475;1.21472;4;T;True;1
1621262198000;14207808;1.21468;1.21474;1.21471;5;T;True;1
1621262199000;14207813;1.21466;1.21472;1.21469;4;T;True;1
1621262200000;14207817;1.21464;1.2147;1.21467;3;T;True;1
1621262201000;14207822;1.21462;1.21468;1.21465;4;T;True;1
1621262202000;14207825;1.21464;1.2147;1.21467;2;T;True;1
1621262203000;14207827;1.21465;1.21471;1.21468;1;T;True;1
1621262204000;14207828;1.21465;1.21471;1.21468;0;T;True;1
1621262205000;14207833;1.21467;1.21473;1.2147;4;T;True;1
1621262206000;14207835;1.21467;1.21473;1.2147;1;T;True;1
1621262207000;14207839;1.21467;1.21473;1.2147;3;T;True;1
1621262208000;14207842;1.21465;1.21471;1.21468;2;T;True;1
1621262209000;14207844;1.21466;1.21472;1.21469;1;T;True;1
1621262210000;14207845;1.21466;1.21472;1.21469;0;T;True;1
1621262211000;14207846;1.21466;1.21472;1.21469;0;T;True;1
1621262212000;14207847;1.21466;1.21472;1.21469;0;T;True;1
1621262213000;14207858;1.21471;1.21477;1.21474;10;T;True;1
1621262214000;14207865;1.21469;1.21475;1.21472;6;T;True;1
1621262215000;14207868;1.2147;1.21476;1.21473;2;T;True;1
1621262216000;14207869;1.2147;1.21476;1.21473;0;T;True;1
1621262217000;14207879;1.21474;1.2148;1.21477;9;T;True;1
1621262218000;14207882;1.21474;1.2148;1.21477;2;T;True;1
1621262219000;14207887;1.21473;1.21479;1.21476;4;T;True;1
1621262220000;14207889;1.21474;1.2148;1.21477;1;T;True;1
1621262221000;14207893;1.21475;1.21481;1.21478;3;T;True;1
1621262222000;14207895;1.21474;1.2148;1.21477;1;T;True;1
1621262223000;14207899;1.21475;1.21481;1.21478;3;T;True;1
1621262224000;14207900;1.21475;1.21481;1.21478;0;T;True;1
1621262225000;14207909;1.21472;1.21478;1.21475;8;T;True;1
1621262226000;14207915;1.21473;1.21479;1.21476;5;T;True;1
1621262227000;14207917;1.21474;1.2148;1.21477;1;T;True;1
1621262228000;14207920;1.21472;1.21478;1.21475;2;T;True;1
1621262229000;14207924;1.21472;1.21478;1.21475;3;T;True;1
1621262230000;14207930;1.21466;1.21472;1.21469;5;T;True;1
1621262231000;14207933;1.21465;1.21471;1.21468;2;T;True;1
1621262232000;14207938;1.21465;1.21471;1.21468;4;T;True;1
1621262233000;14207941;1.21465;1.21471;1.21468;2;T;True;1
1621262234000;14207951;1.21461;1.21467;1.21464;9;T;True;1
1621262235000;14207959;1.21461;1.21467;1.21464;7;T;True;1
1621262236000;14207963;1.21462;1.21468;1.21465;3;T;True;1
1621262237000;14207965;1.21462;1.21468;1.21465;1;T;True;1
1621262238000;14207969;1.2146;1.21466;1.21463;3;T;True;1
1621262239000;14207975;1.21462;1.21468;1.21465;5;T;True;1
1621262240000;14207982;1.21464;1.2147;1.21467;6;T;True;1
1621262241000;14207986;1.21465;1.21471;1.21468;3;T;True;1
1621262242000;14207987;1.21465;1.21471;1.21468;0;T;True;1
1621262243000;14207989;1.21465;1.21471;1.21468;1;T;True;1
1621262244000;14207991;1.21465;1.21471;1.21468;1;T;True;1
1621262245000;14207993;1.21464;1.2147;1.21467;1;T;True;1
1621262246000;14208004;1.21469;1.21475;1.21472;10;T;True;1
1621262247000;14208010;1.21472;1.21478;1.21475;5;T;True;1
1621262248000;14208012;1.21472;1.21478;1.21475;1;T;True;1
1621262249000;14208013;1.21472;1.21478;1.21475;0;T;True;1
1621262250000;14208018;1.21473;1.21479;1.21476;4;T;True;1
1621262251000;14208021;1.21474;1.2148;1.21477;2;T;True;1
1621262252000;14208023;1.21474;1.2148;1.21477;1;T;True;1
1621262253000;14208030;1.21475;1.21481;1.21478;6;T;True;1
1621262254000;14208034;1.21475;1.21481;1.21478;3;T;True;1
1621262255000;14208042;1.21475;1.21481;1.21478;7;T;True;1
1621262256000;14208045;1.21476;1.21482;1.21479;2;T;True;1
1621262257000;14208048;1.21476;1.21482;1.21479;2;T;True;1
1621262258000;14208064;1.21482;1.21488;1.21485;15;T;True;1
1621262259000;14208072;1.21482;1.21488;1.21485;7;T;True;1
1621262260000;14208076;1.21482;1.21488;1.21485;3;T;True;1
1621262261000;14208078;1.21482;1.21488;1.21485;1;T;True;1
1621262262000;14208086;1.21475;1.21481;1.21478;7;T;True;1
1621262263000;14208091;1.21474;1.2148;1.21477;4;T;True;1
1621262264000;14208096;1.21474;1.2148;1.21477;4;T;True;1
1621262265000;14208100;1.21474;1.2148;1.21477;3;T;True;1
1621262266000;14208109;1.21479;1.21485;1.21482;8;T;True;1
1621262267000;14208120;1.21482;1.21488;1.21485;10;T;True;1
1621262268000;14208123;1.21482;1.21488;1.21485;2;T;True;1
1621262269000;14208125;1.21482;1.21488;1.21485;1;T;True;1
1621262270000;14208128;1.21482;1.21488;1.21485;2;T;True;1
1621262271000;14208136;1.2148;1.21486;1.21483;7;T;True;1
1621262272000;14208137;1.2148;1.21486;1.21483;0;T;True;1
1621262273000;14208138;1.2148;1.21486;1.21483;0;T;True;1
1621262274000;14208142;1.2148;1.21486;1.21483;3;T;True;1
1621262275000;14208146;1.21482;1.21488;1.21485;3;T;True;1
1621262276000;14208148;1.21483;1.21489;1.21486;1;T;True;1
1621262277000;14208152;1.21484;1.2149;1.21487;3;T;True;1
1621262278000;14208153;1.21484;1.2149;1.21487;0;T;True;1
1621262279000;14208154;1.21484;1.2149;1.21487;0;T;True;1
1621262280000;14208158;1.21482;1.21488;1.21485;3;T;True;1
1621262281000;14208161;1.21484;1.2149;1.21487;2;T;True;1
1621262282000;14208163;1.21484;1.2149;1.21487;1;T;True;1
1621262283000;14208165;1.21486;1.21492;1.21489;1;T;True;1
1621262284000;14208166;1.21486;1.21492;1.21489;0;T;True;1
1621262285000;14208176;1.21485;1.21491;1.21488;9;T;True;1
1621262286000;14208179;1.21486;1.21492;1.21489;2;T;True;1
1621262287000;14208182;1.21486;1.21492;1.21489;2;T;True;1
1621262288000;14208188;1.21487;1.21493;1.2149;5;T;True;1
1621262289000;14208192;1.21486;1.21492;1.21489;3;T;True;1
1621262290000;14208197;1.2149;1.21496;1.21493;4;T;True;1
1621262291000;14208198;1.2149;1.21496;1.21493;0;T;True;1
1621262292000;14208200;1.2149;1.21496;1.21493;1;T;True;1
1621262293000;14208205;1.21493;1.21499;1.21496;4;T;True;1
1621262294000;14208207;1.21494;1.215;1.21497;1;T;True;1
1621262295000;14208208;1.21494;1.215;1.21497;0;T;True;1
1621262296000;14208210;1.21494;1.215;1.21497;1;T;True;1
1621262297000;14208215;1.2149;1.21496;1.21493;4;T;True;1
1621262298000;14208217;1.2149;1.21496;1.21493;1;T;True;1
1621262299000;14208220;1.21489;1.21495;1.21492;2;T;True;1
1621262300000;14208229;1.2149;1.21496;1.21493;8;T;True;1
1621262301000;14208230;1.2149;1.21496;1.21493;0;T;True;1
1621262302000;14208232;1.2149;1.21496;1.21493;1;T;True;1
1621262303000;14208237;1.21494;1.215;1.21497;4;T;True;1
1621262304000;14208242;1.21492;1.21498;1.21495;4;T;True;1
1621262305000;14208246;1.21486;1.21492;1.21489;3;T;True;1
1621262306000;14208249;1.21486;1.21492;1.21489;2;T;True;1
1621262307000;14208250;1.21486;1.21492;1.21489;0;T;True;1
1621262308000;14208254;1.21488;1.21494;1.21491;3;T;True;1
1621262309000;14208264;1.21486;1.21492;1.21489;9;T;True;1
1621262310000;14208267;1.21486;1.21492;1.21489;2;T;True;1
1621262311000;14208269;1.21486;1.21492;1.21489;1;T;True;1
1621262312000;14208273;1.21488;1.21494;1.21491;3;T;True;1
1621262313000;14208274;1.21488;1.21494;1.21491;0;T;True;1
1621262314000;14208276;1.21489;1.21495;1.21492;1;T;True;1
1621262315000;14208282;1.21494;1.215;1.21497;5;T;True;1
1621262316000;14208289;1.21496;1.21502;1.21499;6;T;True;1
1621262317000;14208292;1.21495;1.21501;1.21498;2;T;True;1
1621262318000;14208293;1.21495;1.21501;1.21498;0;T;True;1
1621262319000;14208296;1.21496;1.21502;1.21499;2;T;True;1
1621262320000;14208298;1.21496;1.21502;1.21499;1;T;True;1
1621262321000;14208301;1.21495;1.21501;1.21498;2;T;True;1
1621262322000;14208302;1.21495;1.21501;1.21498;0;T;True;1
1621262323000;14208304;1.21496;1.21502;1.21499;1;T;True;1
1621262324000;14208310;1.21492;1.21498;1.21495;5;T;True;1
1621262325000;14208314;1.21493;1.21499;1.21496;3;T;True;1
1621262326000;14208321;1.21496;1.21502;1.21499;6;T;True;1
1621262327000;14208330;1.21494;1.215;1.21497;8;T;True;1
1621262328000;14208331;1.21494;1.215;1.21497;0;T;True;1
1621262329000;14208339;1.21486;1.21492;1.21489;7;T;True;1
1621262330000;14208344;1.21484;1.2149;1.21487;4;T;True;1
1621262331000;14208349;1.21484;1.2149;1.21487;4;T;True;1
1621262332000;14208352;1.21486;1.21492;1.21489;2;T;True;1
1621262333000;14208356;1.21486;1.21492;1.21489;3;T;True;1
1621262334000;14208358;1.21486;1.21492;1.21489;1;T;True;1
1621262335000;14208360;1.21486;1.21492;1.21489;1;T;True;1
1621262336000;14208367;1.21486;1.21492;1.21489;6;T;True;1
1621262337000;14208372;1.21488;1.21494;1.21491;4;T;True;1
1621262338000;14208377;1.21488;1.21494;1.21491;4;T;True;1
1621262339000;14208385;1.21486;1.21492;1.21489;7;T;True;1
1621262340000;14208390;1.21485;1.21491;1.21488;4;T;True;1
1621262341000;14208394;1.21485;1.21491;1.21488;3;T;True;1
1621262342000;14208401;1.21488;1.21494;1.21491;6;T;True;1
1621262343000;14208402;1.21488;1.21494;1.21491;0;T;True;1
1621262344000;14208408;1.21486;1.21492;1.21489;5;T;True;1
1621262345000;14208412;1.21488;1.21494;1.21491;3;T;True;1
1621262346000;14208420;1.21481;1.21487;1.21484;7;T;True;1
1621262347000;14208429;1.21483;1.21489;1.21486;8;T;True;1
1621262348000;14208432;1.21481;1.21487;1.21484;2;T;True;1
1621262349000;14208435;1.21482;1.21488;1.21485;2;T;True;1
1621262350000;14208441;1.21476;1.21482;1.21479;5;T;True;1
1621262351000;14208448;1.21467;1.21473;1.2147;6;T;True;1
1621262352000;14208455;1.21467;1.21473;1.2147;6;T;True;1
1621262353000;14208461;1.21467;1.21473;1.2147;5;T;True;1
1621262354000;14208463;1.21466;1.21472;1.21469;1;T;True;1
1621262355000;14208465;1.21466;1.21472;1.21469;1;T;True;1
1621262356000;14208467;1.21467;1.21473;1.2147;1;T;True;1
1621262357000;14208474;1.21462;1.21468;1.21465;6;T;True;1
1621262358000;14208486;1.2146;1.21466;1.21463;11;T;True;1
1621262359000;14208492;1.2146;1.21466;1.21463;5;T;True;1
1621262360000;14208497;1.2146;1.21466;1.21463;4;T;True;1
1621262361000;14208503;1.21464;1.2147;1.21467;5;T;True;1
1621262362000;14208505;1.21464;1.2147;1.21467;1;T;True;1
1621262363000;14208510;1.21467;1.21473;1.2147;4;T;True;1
1621262364000;14208515;1.2147;1.21476;1.21473;4;T;True;1
1621262365000;14208516;1.2147;1.21476;1.21473;0;T;True;1
1621262366000;14208519;1.21472;1.21478;1.21475;2;T;True;1
1621262367000;14208527;1.21474;1.2148;1.21477;7;T;True;1
1621262368000;14208535;1.2147;1.21476;1.21473;7;T;True;1
1621262369000;14208542;1.21466;1.21472;1.21469;6;T;True;1
1621262370000;14208547;1.21466;1.21472;1.21469;4;T;True;1
1621262371000;14208552;1.21468;1.21474;1.21471;4;T;True;1
1621262372000;14208555;1.21468;1.21474;1.21471;2;T;True;1
1621262373000;14208558;1.21468;1.21474;1.21471;2;T;True;1
1621262374000;14208561;1.21468;1.21474;1.21471;2;T;True;1
1621262375000;14208567;1.2147;1.21476;1.21473;5;T;True;1
1621262376000;14208570;1.21468;1.21474;1.21471;2;T;True;1
1621262377000;14208579;1.21466;1.21472;1.21469;8;T;True;1
1621262378000;14208581;1.21466;1.21472;1.21469;1;T;True;1
1621262379000;14208583;1.21466;1.21472;1.21469;1;T;True;1
1621262380000;14208584;1.21466;1.21472;1.21469;0;T;True;1
1621262381000;14208585;1.21466;1.21472;1.21469;0;T;True;1
1621262382000;14208588;1.21468;1.21474;1.21471;2;T;True;1
1621262383000;14208589;1.21468;1.21474;1.21471;0;T;True;1
1621262384000;14208595;1.21466;1.21472;1.21469;5;T;True;1
1621262385000;14208598;1.21464;1.2147;1.21467;2;T;True;1
1621262386000;14208600;1.21463;1.21469;1.21466;1;T;True;1
1621262387000;14208606;1.21462;1.21468;1.21465;5;T;True;1
1621262388000;14208607;1.21462;1.21468;1.21465;0;T;True;1
1621262389000;14208608;1.21462;1.21468;1.21465;0;T;True;1
1621262390000;14208613;1.21462;1.21468;1.21465;4;T;True;1
1621262391000;14208614;1.21462;1.21468;1.21465;0;T;True;1
1621262392000;14208620;1.21462;1.21468;1.21465;5;T;True;1
1621262393000;14208631;1.21464;1.2147;1.21467;10;T;True;1
1621262394000;14208636;1.2146;1.21466;1.21463;4;T;True;1
1621262395000;14208641;1.2146;1.21466;1.21463;4;T;True;1
1621262396000;14208647;1.2146;1.21466;1.21463;5;T;True;1
1621262397000;14208648;1.2146;1.21466;1.21463;0;T;True;1
1621262398000;14208652;1.21459;1.21465;1.21462;3;T;True;1
1621262399000;14208654;1.21458;1.21464;1.21461;1;T;True;1
1621262400000;14208655;1.21458;1.21464;1.21461;0;T;True;1
1621262401000;14208662;1.2146;1.21466;1.21463;6;T;True;1
1621262402000;14208671;1.21461;1.21467;1.21464;8;T;True;1
1621262403000;14208678;1.21462;1.21468;1.21465;6;T;True;1
1621262404000;14208683;1.21459;1.21465;1.21462;4;T;True;1
1621262405000;14208687;1.21459;1.21465;1.21462;3;T;True;1
1621262406000;14208689;1.2146;1.21466;1.21463;1;T;True;1
1621262407000;14208692;1.2146;1.21466;1.21463;2;T;True;1
1621262408000;14208703;1.21466;1.21472;1.21469;10;T;True;1
1621262409000;14208707;1.21464;1.2147;1.21467;3;T;True;1
1621262410000;14208708;1.21464;1.2147;1.21467;0;T;True;1
1621262411000;14208709;1.21464;1.2147;1.21467;0;T;True;1
1621262412000;14208712;1.21464;1.2147;1.21467;2;T;True;1
1621262413000;14208713;1.21464;1.2147;1.21467;0;T;True;1
1621262414000;14208714;1.21464;1.2147;1.21467;0;T;True;1
1621262415000;14208721;1.21461;1.21467;1.21464;6;T;True;1
1621262416000;14208723;1.2146;1.21466;1.21463;1;T;True;1
1621262417000;14208732;1.21463;1.21469;1.21466;8;T;True;1
1621262418000;14208736;1.21463;1.21469;1.21466;3;T;True;1
1621262419000;14208739;1.21464;1.2147;1.21467;2;T;True;1
1621262420000;14208744;1.21464;1.2147;1.21467;4;T;True;1
1621262421000;14208745;1.21464;1.2147;1.21467;0;T;True;1
1621262422000;14208754;1.21462;1.21468;1.21465;8;T;True;1
1621262423000;14208758;1.2146;1.21466;1.21463;3;T;True;1
1621262424000;14208771;1.21463;1.21469;1.21466;12;T;True;1
1621262425000;14208777;1.21463;1.21469;1.21466;5;T;True;1
1621262426000;14208786;1.21462;1.21468;1.21465;8;T;True;1
1621262427000;14208789;1.21463;1.21469;1.21466;2;T;True;1
1621262428000;14208790;1.21463;1.21469;1.21466;0;T;True;1
1621262429000;14208792;1.21463;1.21469;1.21466;1;T;True;1
1621262430000;14208793;1.21463;1.21469;1.21466;0;T;True;1
1621262431000;14208794;1.21463;1.21469;1.21466;0;T;True;1
1621262432000;14208795;1.21463;1.21469;1.21466;0;T;True;1
1621262433000;14208797;1.21464;1.2147;1.21467;1;T;True;1
1621262434000;14208806;1.21469;1.21475;1.21472;8;T;True;1
1621262435000;14208810;1.21468;1.21474;1.21471;3;T;True;1
1621262436000;14208814;1.21468;1.21474;1.21471;3;T;True;1
1621262437000;14208815;1.21468;1.21474;1.21471;0;T;True;1
1621262438000;14208818;1.21467;1.21473;1.2147;2;T;True;1
1621262439000;14208822;1.21467;1.21473;1.2147;3;T;True;1
1621262440000;14208829;1.21467;1.21473;1.2147;6;T;True;1
1621262441000;14208838;1.21466;1.21472;1.21469;8;T;True;1
1621262442000;14208854;1.21474;1.2148;1.21477;15;T;True;1
1621262443000;14208858;1.21474;1.2148;1.21477;3;T;True;1
1621262444000;14208865;1.2147;1.21476;1.21473;6;T;True;1
1621262445000;14208870;1.21469;1.21475;1.21472;4;T;True;1
1621262446000;14208876;1.21464;1.2147;1.21467;5;T;True;1
1621262447000;14208879;1.21464;1.2147;1.21467;2;T;True;1
1621262448000;14208880;1.21464;1.2147;1.21467;0;T;True;1
1621262449000;14208885;1.2146;1.21466;1.21463;4;T;True;1
1621262450000;14208888;1.2146;1.21466;1.21463;2;T;True;1
1621262451000;14208892;1.2146;1.21466;1.21463;3;T;True;1
1621262452000;14208893;1.2146;1.21466;1.21463;0;T;True;1
1621262453000;14208898;1.21455;1.21461;1.21458;4;T;True;1
1621262454000;14208903;1.21449;1.21455;1.21452;4;T;True;1
1621262455000;14208913;1.21449;1.21455;1.21452;9;T;True;1
1621262456000;14208918;1.21447;1.21453;1.2145;4;T;True;1
1621262457000;14208923;1.21446;1.21452;1.21449;4;T;True;1
1621262458000;14208928;1.21448;1.21454;1.21451;4;T;True;1
1621262459000;14208929;1.21448;1.21454;1.21451;0;T;True;1
1621262460000;14208931;1.21448;1.21454;1.21451;1;T;True;1
1621262461000;14208937;1.21449;1.21455;1.21452;5;T;True;1
1621262462000;14208943;1.21448;1.21454;1.21451;5;T;True;1
1621262463000;14208950;1.21447;1.21453;1.2145;6;T;True;1
1621262464000;14208952;1.21447;1.21453;1.2145;1;T;True;1
1621262465000;14208956;1.21448;1.21454;1.21451;3;T;True;1
1621262466000;14208969;1.2145;1.21456;1.21453;12;T;True;1
1621262467000;14208971;1.2145;1.21456;1.21453;1;T;True;1
1621262468000;14208981;1.21451;1.21457;1.21454;9;T;True;1
1621262469000;14208982;1.21451;1.21457;1.21454;0;T;True;1
1621262470000;14208983;1.21451;1.21457;1.21454;0;T;True;1
1621262471000;14208984;1.21451;1.21457;1.21454;0;T;True;1
1621262472000;14208990;1.21453;1.21459;1.21456;5;T;True;1
1621262473000;14208995;1.21454;1.2146;1.21457;4;T;True;1
1621262474000;14208997;1.21454;1.2146;1.21457;1;T;True;1
1621262475000;14208998;1.21454;1.2146;1.21457;0;T;True;1
1621262476000;14208999;1.21454;1.2146;1.21457;0;T;True;1
1621262477000;14209001;1.21454;1.2146;1.21457;1;T;True;1
1621262478000;14209003;1.21454;1.2146;1.21457;1;T;True;1
1621262479000;14209006;1.21454;1.2146;1.21457;2;T;True;1
1621262480000;14209009;1.21454;1.2146;1.21457;2;T;True;1
1621262481000;14209010;1.21454;1.2146;1.21457;0;T;True;1
1621262482000;14209011;1.21454;1.2146;1.21457;0;T;True;1
1621262483000;14209015;1.21454;1.2146;1.21457;3;T;True;1
1621262484000;14209018;1.21454;1.2146;1.21457;2;T;True;1
1621262485000;14209020;1.21454;1.2146;1.21457;1;T;True;1
1621262486000;14209025;1.21454;1.2146;1.21457;4;T;True;1
1621262487000;14209026;1.21454;1.2146;1.21457;0;T;True;1
1621262488000;14209031;1.21454;1.2146;1.21457;4;T;True;1
1621262489000;14209033;1.21454;1.2146;1.21457;1;T;True;1
1621262490000;14209034;1.21454;1.2146;1.21457;0;T;True;1
1621262491000;14209037;1.21454;1.2146;1.21457;2;T;True;1
1621262492000;14209041;1.21454;1.2146;1.21457;3;T;True;1
1621262493000;14209042;1.21454;1.2146;1.21457;0;T;True;1
1621262494000;14209043;1.21454;1.2146;1.21457;0;T;True;1
1621262495000;14209054;1.21464;1.2147;1.21467;10;T;True;1
1621262496000;14209067;1.21469;1.21475;1.21472;12;T;True;1
1621262497000;14209071;1.2147;1.21476;1.21473;3;T;True;1
1621262498000;14209078;1.21472;1.21478;1.21475;6;T;True;1
1621262499000;14209082;1.21472;1.21478;1.21475;3;T;True;1
1621262500000;14209086;1.21472;1.21478;1.21475;3;T;True;1
1621262501000;14209093;1.21474;1.2148;1.21477;6;T;True;1
1621262502000;14209094;1.21474;1.2148;1.21477;0;T;True;1
1621262503000;14209095;1.21474;1.2148;1.21477;0;T;True;1
1621262504000;14209097;1.21474;1.2148;1.21477;1;T;True;1
1621262505000;14209098;1.21474;1.2148;1.21477;0;T;True;1
1621262506000;14209104;1.2147;1.21476;1.21473;5;T;True;1
1621262507000;14209107;1.21472;1.21478;1.21475;2;T;True;1
1621262508000;14209109;1.21472;1.21478;1.21475;1;T;True;1
1621262509000;14209114;1.21475;1.21481;1.21478;4;T;True;1
1621262510000;14209120;1.2148;1.21486;1.21483;5;T;True;1
1621262511000;14209127;1.21475;1.21481;1.21478;6;T;True;1
1621262512000;14209128;1.21475;1.21481;1.21478;0;T;True;1
1621262513000;14209130;1.21476;1.21482;1.21479;1;T;True;1
1621262514000;14209139;1.2148;1.21486;1.21483;8;T;True;1
1621262515000;14209144;1.2148;1.21486;1.21483;4;T;True;1
1621262516000;14209145;1.2148;1.21486;1.21483;0;T;True;1
1621262517000;14209146;1.2148;1.21486;1.21483;0;T;True;1
1621262518000;14209151;1.2148;1.21486;1.21483;4;T;True;1
1621262519000;14209152;1.2148;1.21486;1.21483;0;T;True;1
1621262520000;14209153;1.2148;1.21486;1.21483;0;T;True;1
1621262521000;14209155;1.21481;1.21487;1.21484;1;T;True;1
1621262522000;14209163;1.21479;1.21485;1.21482;7;T;True;1
1621262523000;14209171;1.21476;1.21482;1.21479;7;T;True;1
1621262524000;14209178;1.21476;1.21482;1.21479;6;T;True;1
1621262525000;14209181;1.21477;1.21483;1.2148;2;T;True;1
1621262526000;14209183;1.21476;1.21482;1.21479;1;T;True;1
1621262527000;14209184;1.21476;1.21482;1.21479;0;T;True;1
1621262528000;14209185;1.21476;1.21482;1.21479;0;T;True;1
1621262529000;14209189;1.21477;1.21483;1.2148;3;T;True;1
1621262530000;14209195;1.21476;1.21482;1.21479;5;T;True;1
1621262531000;14209199;1.21472;1.21478;1.21475;3;T;True;1
1621262532000;14209206;1.2147;1.21476;1.21473;6;T;True;1
1621262533000;14209210;1.21466;1.21472;1.21469;3;T;True;1
1621262534000;14209220;1.21469;1.21475;1.21472;9;T;True;1
1621262535000;14209227;1.21471;1.21477;1.21474;6;T;True;1
1621262536000;14209230;1.21471;1.21477;1.21474;2;T;True;1
1621262537000;14209234;1.21472;1.21478;1.21475;3;T;True;1
1621262538000;14209237;1.21472;1.21478;1.21475;2;T;True;1
1621262539000;14209242;1.21472;1.21478;1.21475;4;T;True;1
1621262540000;14209250;1.2147;1.21476;1.21473;7;T;True;1
1621262541000;14209251;1.2147;1.21476;1.21473;0;T;True;1
1621262542000;14209252;1.2147;1.21476;1.21473;0;T;True;1
1621262543000;14209255;1.21468;1.21474;1.21471;2;T;True;1
1621262544000;14209258;1.21466;1.21472;1.21469;2;T;True;1
1621262545000;14209261;1.21468;1.21474;1.21471;2;T;True;1
1621262546000;14209264;1.21467;1.21473;1.2147;2;T;True;1
1621262547000;14209266;1.21467;1.21473;1.2147;1;T;True;1
1621262548000;14209269;1.21466;1.21472;1.21469;2;T;True;1
1621262549000;14209270;1.21466;1.21472;1.21469;0;T;True;1
1621262550000;14209271;1.21466;1.21472;1.21469;0;T;True;1
1621262551000;14209273;1.21466;1.21472;1.21469;1;T;True;1
1621262552000;14209282;1.21464;1.2147;1.21467;8;T;True;1
1621262553000;14209293;1.21463;1.21469;1.21466;10;T;True;1
1621262554000;14209297;1.21463;1.21469;1.21466;3;T;True;1
1621262555000;14209303;1.21464;1.2147;1.21467;5;T;True;1
1621262556000;14209306;1.21464;1.2147;1.21467;2;T;True;1
1621262557000;14209314;1.2146;1.21466;1.21463;7;T;True;1
1621262558000;14209315;1.2146;1.21466;1.21463;0;T;True;1
1621262559000;14209316;1.2146;1.21466;1.21463;0;T;True;1
1621262560000;14209326;1.21462;1.21468;1.21465;9;T;True;1
1621262561000;14209327;1.21462;1.21468;1.21465;0;T;True;1
1621262562000;14209330;1.21463;1.21469;1.21466;2;T;True;1
1621262563000;14209334;1.21464;1.2147;1.21467;3;T;True;1
1621262564000;14209344;1.21469;1.21475;1.21472;9;T;True;1
1621262565000;14209351;1.21467;1.21473;1.2147;6;T;True;1
1621262566000;14209355;1.21466;1.21472;1.21469;3;T;True;1
1621262567000;14209365;1.21461;1.21467;1.21464;9;T;True;1
1621262568000;14209369;1.21463;1.21469;1.21466;3;T;True;1
1621262569000;14209374;1.21463;1.21469;1.21466;4;T;True;1
1621262570000;14209376;1.21463;1.21469;1.21466;1;T;True;1
1621262571000;14209380;1.21462;1.21468;1.21465;3;T;True;1
1621262572000;14209392;1.21462;1.21468;1.21465;11;T;True;1
1621262573000;14209407;1.2146;1.21466;1.21463;14;T;True;1
1621262574000;14209413;1.21461;1.21467;1.21464;5;T;True;1
1621262575000;14209420;1.21461;1.21467;1.21464;6;T;True;1
1621262576000;14209421;1.21461;1.21467;1.21464;0;T;True;1
1621262577000;14209429;1.21458;1.21464;1.21461;7;T;True;1
1621262578000;14209431;1.21458;1.21464;1.21461;1;T;True;1
1621262579000;14209432;1.21458;1.21464;1.21461;0;T;True;1
1621262580000;14209433;1.21458;1.21464;1.21461;0;T;True;1
1621262581000;14209434;1.21458;1.21464;1.21461;0;T;True;1
1621262582000;14209439;1.2146;1.21466;1.21463;4;T;True;1
1621262583000;14209441;1.2146;1.21466;1.21463;1;T;True;1
1621262584000;14209443;1.2146;1.21466;1.21463;1;T;True;1
1621262585000;14209445;1.2146;1.21466;1.21463;1;T;True;1
1621262586000;14209447;1.2146;1.21466;1.21463;1;T;True;1
1621262587000;14209448;1.2146;1.21466;1.21463;0;T;True;1
1621262588000;14209452;1.21462;1.21468;1.21465;3;T;True;1
1621262589000;14209453;1.21462;1.21468;1.21465;0;T;True;1
1621262590000;14209458;1.21458;1.21464;1.21461;4;T;True;1
1621262591000;14209464;1.21458;1.21464;1.21461;5;T;True;1
1621262592000;14209470;1.21456;1.21462;1.21459;5;T;True;1
1621262593000;14209480;1.2146;1.21466;1.21463;9;T;True;1
1621262594000;14209483;1.21459;1.21465;1.21462;2;T;True;1
1621262595000;14209488;1.21456;1.21462;1.21459;4;T;True;1
1621262596000;14209493;1.21458;1.21464;1.21461;4;T;True;1
1621262597000;14209494;1.21458;1.21464;1.21461;0;T;True;1
1621262598000;14209497;1.21458;1.21464;1.21461;2;T;True;1
1621262599000;14209500;1.21458;1.21464;1.21461;2;T;True;1
1621262600000;14209503;1.21456;1.21462;1.21459;2;T;True;1
1621262601000;14209505;1.21456;1.21462;1.21459;1;T;True;1
1621262602000;14209506;1.21456;1.21462;1.21459;0;T;True;1
1621262603000;14209509;1.21453;1.21459;1.21456;2;T;True;1
1621262604000;14209514;1.21451;1.21457;1.21454;4;T;True;1
1621262605000;14209520;1.2145;1.21456;1.21453;5;T;True;1
1621262606000;14209522;1.2145;1.21456;1.21453;1;T;True;1
1621262607000;14209525;1.21452;1.21458;1.21455;2;T;True;1
1621262608000;14209527;1.21451;1.21457;1.21454;1;T;True;1
1621262609000;14209529;1.21451;1.21457;1.21454;1;T;True;1
1621262610000;14209531;1.21451;1.21457;1.21454;1;T;True;1
1621262611000;14209535;1.21454;1.2146;1.21457;3;T;True;1
1621262612000;14209536;1.21454;1.2146;1.21457;0;T;True;1
1621262613000;14209537;1.21454;1.2146;1.21457;0;T;True;1
1621262614000;14209544;1.21454;1.2146;1.21457;6;T;True;1
1621262615000;14209545;1.21454;1.2146;1.21457;0;T;True;1
1621262616000;14209546;1.21454;1.2146;1.21457;0;T;True;1
1621262617000;14209549;1.21452;1.21458;1.21455;2;T;True;1
1621262618000;14209563;1.21464;1.2147;1.21467;13;T;True;1
1621262619000;14209567;1.21464;1.2147;1.21467;3;T;True;1
1621262620000;14209569;1.21463;1.21469;1.21466;1;T;True;1
1621262621000;14209575;1.21461;1.21467;1.21464;5;T;True;1
1621262622000;14209578;1.2146;1.21466;1.21463;2;T;True;1
1621262623000;14209581;1.2146;1.21466;1.21463;2;T;True;1
1621262624000;14209585;1.21459;1.21465;1.21462;3;T;True;1
1621262625000;14209588;1.21459;1.21465;1.21462;2;T;True;1
1621262626000;14209589;1.21459;1.21465;1.21462;0;T;True;1
1621262627000;14209596;1.21455;1.21461;1.21458;6;T;True;1
1621262628000;14209599;1.21454;1.2146;1.21457;2;T;True;1
1621262629000;14209607;1.21458;1.21464;1.21461;7;T;True;1
1621262630000;14209608;1.21458;1.21464;1.21461;0;T;True;1
1621262631000;14209617;1.21459;1.21465;1.21462;8;T;True;1
1621262632000;14209624;1.2146;1.21466;1.21463;6;T;True;1
1621262633000;14209626;1.2146;1.21466;1.21463;1;T;True;1
1621262634000;14209635;1.21453;1.21459;1.21456;8;T;True;1
1621262635000;14209640;1.21455;1.21461;1.21458;4;T;True;1
1621262636000;14209651;1.21452;1.21458;1.21455;10;T;True;1
1621262637000;14209655;1.21453;1.21459;1.21456;3;T;True;1
1621262638000;14209665;1.21452;1.21458;1.21455;9;T;True;1
1621262639000;14209668;1.21452;1.21458;1.21455;2;T;True;1
1621262640000;14209675;1.21452;1.21458;1.21455;6;T;True;1
1621262641000;14209681;1.21455;1.21461;1.21458;5;T;True;1
1621262642000;14209682;1.21455;1.21461;1.21458;0;T;True;1
1621262643000;14209684;1.21455;1.21461;1.21458;1;T;True;1
1621262644000;14209689;1.21454;1.2146;1.21457;4;T;True;1
1621262645000;14209699;1.21455;1.21461;1.21458;9;T;True;1
1621262646000;14209703;1.21455;1.21461;1.21458;3;T;True;1
1621262647000;14209704;1.21455;1.21461;1.21458;0;T;True;1
1621262648000;14209707;1.21456;1.21462;1.21459;2;T;True;1
1621262649000;14209709;1.21456;1.21462;1.21459;1;T;True;1
1621262650000;14209710;1.21456;1.21462;1.21459;0;T;True;1
1621262651000;14209711;1.21456;1.21462;1.21459;0;T;True;1
1621262652000;14209712;1.21456;1.21462;1.21459;0;T;True;1
1621262653000;14209713;1.21456;1.21462;1.21459;0;T;True;1
1621262654000;14209714;1.21456;1.21462;1.21459;0;T;True;1
1621262655000;14209717;1.21452;1.21458;1.21455;2;T;True;1
1621262656000;14209724;1.21455;1.21461;1.21458;6;T;True;1
1621262657000;14209726;1.21455;1.21461;1.21458;1;T;True;1
1621262658000;14209731;1.21452;1.21458;1.21455;4;T;True;1
1621262659000;14209732;1.21452;1.21458;1.21455;0;T;True;1
1621262660000;14209737;1.21453;1.21459;1.21456;4;T;True;1
1621262661000;14209740;1.21453;1.21459;1.21456;2;T;True;1
1621262662000;14209742;1.21452;1.21458;1.21455;1;T;True;1
1621262663000;14209744;1.21452;1.21458;1.21455;1;T;True;1
1621262664000;14209745;1.21452;1.21458;1.21455;0;T;True;1
1621262665000;14209748;1.21452;1.21458;1.21455;2;T;True;1
1621262666000;14209749;1.21452;1.21458;1.21455;0;T;True;1
1621262667000;14209753;1.21454;1.2146;1.21457;3;T;True;1
1621262668000;14209754;1.21454;1.2146;1.21457;0;T;True;1
1621262669000;14209759;1.21454;1.2146;1.21457;4;T;True;1
1621262670000;14209768;1.21456;1.21462;1.21459;8;T;True;1
1621262671000;14209776;1.21452;1.21458;1.21455;7;T;True;1
1621262672000;14209777;1.21452;1.21458;1.21455;0;T;True;1
1621262673000;14209778;1.21452;1.21458;1.21455;0;T;True;1
1621262674000;14209785;1.21451;1.21457;1.21454;6;T;True;1
1621262675000;14209786;1.21451;1.21457;1.21454;0;T;True;1
1621262676000;14209789;1.21451;1.21457;1.21454;2;T;True;1
1621262677000;14209793;1.21451;1.21457;1.21454;3;T;True;1
1621262678000;14209796;1.2145;1.21456;1.21453;2;T;True;1
1621262679000;14209799;1.21449;1.21455;1.21452;2;T;True;1
1621262680000;14209802;1.21449;1.21455;1.21452;2;T;True;1
1621262681000;14209806;1.2145;1.21456;1.21453;3;T;True;1
1621262682000;14209810;1.21448;1.21454;1.21451;3;T;True;1
1621262683000;14209811;1.21448;1.21454;1.21451;0;T;True;1
1621262684000;14209816;1.21452;1.21458;1.21455;4;T;True;1
1621262685000;14209817;1.21452;1.21458;1.21455;0;T;True;1
1621262686000;14209818;1.21452;1.21458;1.21455;0;T;True;1
1621262687000;14209823;1.21448;1.21454;1.21451;4;T;True;1
1621262688000;14209824;1.21448;1.21454;1.21451;0;T;True;1
1621262689000;14209825;1.21448;1.21454;1.21451;0;T;True;1
1621262690000;14209828;1.2145;1.21456;1.21453;2;T;True;1
1621262691000;14209833;1.21446;1.21452;1.21449;4;T;True;1
1621262692000;14209839;1.2145;1.21456;1.21453;5;T;True;1
1621262693000;14209840;1.2145;1.21456;1.21453;0;T;True;1
1621262694000;14209841;1.2145;1.21456;1.21453;0;T;True;1
1621262695000;14209846;1.2145;1.21456;1.21453;4;T;True;1
1621262696000;14209850;1.21447;1.21453;1.2145;3;T;True;1
1621262697000;14209853;1.21447;1.21453;1.2145;2;T;True;1
1621262698000;14209854;1.21447;1.21453;1.2145;0;T;True;1
1621262699000;14209860;1.2145;1.21456;1.21453;5;T;True;1
1621262700000;14209862;1.21451;1.21457;1.21454;1;T;True;1
1621262701000;14209871;1.21449;1.21455;1.21452;8;T;True;1
1621262702000;14209873;1.2145;1.21456;1.21453;1;T;True;1
1621262703000;14209877;1.21447;1.21453;1.2145;3;T;True;1
1621262704000;14209878;1.21447;1.21453;1.2145;0;T;True;1
1621262705000;14209893;1.21448;1.21454;1.21451;14;T;True;1
1621262706000;14209897;1.21448;1.21454;1.21451;3;T;True;1
1621262707000;14209899;1.2145;1.21456;1.21453;1;T;True;1
1621262708000;14209902;1.2145;1.21456;1.21453;2;T;True;1
1621262709000;14209904;1.2145;1.21456;1.21453;1;T;True;1
1621262710000;14209907;1.2145;1.21456;1.21453;2;T;True;1
1621262711000;14209910;1.2145;1.21456;1.21453;2;T;True;1
1621262712000;14209913;1.21447;1.21453;1.2145;2;T;True;1
1621262713000;14209917;1.21447;1.21453;1.2145;3;T;True;1
1621262714000;14209918;1.21447;1.21453;1.2145;0;T;True;1
1621262715000;14209920;1.21448;1.21454;1.21451;1;T;True;1
1621262716000;14209921;1.21448;1.21454;1.21451;0;T;True;1
1621262717000;14209922;1.21448;1.21454;1.21451;0;T;True;1
1621262718000;14209926;1.21449;1.21455;1.21452;3;T;True;1
1621262719000;14209929;1.21449;1.21455;1.21452;2;T;True;1
1621262720000;14209930;1.21449;1.21455;1.21452;0;T;True;1
1621262721000;14209931;1.21449;1.21455;1.21452;0;T;True;1
1621262722000;14209932;1.21449;1.21455;1.21452;0;T;True;1
1621262723000;14209933;1.21449;1.21455;1.21452;0;T;True;1
1621262724000;14209937;1.21447;1.21453;1.2145;3;T;True;1
1621262725000;14209940;1.21447;1.21453;1.2145;2;T;True;1
1621262726000;14209941;1.21447;1.21453;1.2145;0;T;True;1
1621262727000;14209945;1.21446;1.21452;1.21449;3;T;True;1
1621262728000;14209948;1.21446;1.21452;1.21449;2;T;True;1
1621262729000;14209951;1.21448;1.21454;1.21451;2;T;True;1
1621262730000;14209957;1.21451;1.21457;1.21454;5;T;True;1
1621262731000;14209964;1.21446;1.21452;1.21449;6;T;True;1
1621262732000;14209970;1.21444;1.2145;1.21447;5;T;True;1
1621262733000;14209977;1.21444;1.2145;1.21447;6;T;True;1
1621262734000;14209980;1.21444;1.2145;1.21447;2;T;True;1
1621262735000;14209983;1.21445;1.21451;1.21448;2;T;True;1
1621262736000;14209985;1.21444;1.2145;1.21447;1;T;True;1
1621262737000;14209988;1.21442;1.21448;1.21445;2;T;True;1
1621262738000;14209990;1.21441;1.21447;1.21444;1;T;True;1
1621262739000;14209997;1.21442;1.21448;1.21445;6;T;True;1
1621262740000;14210006;1.21442;1.21448;1.21445;8;T;True;1
1621262741000;14210009;1.21442;1.21448;1.21445;2;T;True;1
1621262742000;14210010;1.21442;1.21448;1.21445;0;T;True;1
1621262743000;14210015;1.21442;1.21448;1.21445;4;T;True;1
1621262744000;14210016;1.21442;1.21448;1.21445;0;T;True;1
1621262745000;14210019;1.21442;1.21448;1.21445;2;T;True;1
1621262746000;14210022;1.21442;1.21448;1.21445;2;T;True;1
1621262747000;14210028;1.21442;1.21448;1.21445;5;T;True;1
1621262748000;14210029;1.21442;1.21448;1.21445;0;T;True;1
1621262749000;14210031;1.21442;1.21448;1.21445;1;T;True;1
1621262750000;14210033;1.21442;1.21448;1.21445;1;T;True;1
1621262751000;14210036;1.21441;1.21447;1.21444;2;T;True;1
1621262752000;14210040;1.21441;1.21447;1.21444;3;T;True;1
1621262753000;14210050;1.2144;1.21446;1.21443;9;T;True;1
1621262754000;14210055;1.21442;1.21448;1.21445;4;T;True;1
1621262755000;14210059;1.21445;1.21451;1.21448;3;T;True;1
1621262756000;14210065;1.21442;1.21448;1.21445;5;T;True;1
1621262757000;14210071;1.21444;1.2145;1.21447;5;T;True;1
1621262758000;14210078;1.21442;1.21448;1.21445;6;T;True;1
1621262759000;14210079;1.21442;1.21448;1.21445;0;T;True;1
1621262760000;14210084;1.21446;1.21452;1.21449;4;T;True;1
1621262761000;14210088;1.21446;1.21452;1.21449;3;T;True;1
1621262762000;14210096;1.21452;1.21458;1.21455;7;T;True;1
1621262763000;14210098;1.21451;1.21457;1.21454;1;T;True;1
1621262764000;14210102;1.21451;1.21457;1.21454;3;T;True;1
1621262765000;14210106;1.21452;1.21458;1.21455;3;T;True;1
1621262766000;14210107;1.21452;1.21458;1.21455;0;T;True;1
1621262767000;14210114;1.21452;1.21458;1.21455;6;T;True;1
1621262768000;14210117;1.21452;1.21458;1.21455;2;T;True;1
1621262769000;14210126;1.21456;1.21462;1.21459;8;T;True;1
1621262770000;14210131;1.21461;1.21467;1.21464;4;T;True;1
1621262771000;14210135;1.21457;1.21463;1.2146;3;T;True;1
1621262772000;14210139;1.21457;1.21463;1.2146;3;T;True;1
1621262773000;14210142;1.21456;1.21462;1.21459;2;T;True;1
1621262774000;14210145;1.21456;1.21462;1.21459;2;T;True;1
1621262775000;14210149;1.21456;1.21462;1.21459;3;T;True;1
1621262776000;14210150;1.21456;1.21462;1.21459;0;T;True;1
1621262777000;14210154;1.21457;1.21463;1.2146;3;T;True;1
1621262778000;14210156;1.21456;1.21462;1.21459;1;T;True;1
1621262779000;14210157;1.21456;1.21462;1.21459;0;T;True;1
1621262780000;14210158;1.21456;1.21462;1.21459;0;T;True;1
1621262781000;14210169;1.21456;1.21462;1.21459;10;T;True;1
1621262782000;14210173;1.21456;1.21462;1.21459;3;T;True;1
1621262783000;14210175;1.21456;1.21462;1.21459;1;T;True;1
1621262784000;14210180;1.21455;1.21461;1.21458;4;T;True;1
1621262785000;14210181;1.21455;1.21461;1.21458;0;T;True;1
1621262786000;14210182;1.21455;1.21461;1.21458;0;T;True;1
1621262787000;14210183;1.21455;1.21461;1.21458;0;T;True;1
1621262788000;14210185;1.21456;1.21462;1.21459;1;T;True;1
1621262789000;14210186;1.21456;1.21462;1.21459;0;T;True;1
1621262790000;14210187;1.21456;1.21462;1.21459;0;T;True;1
1621262791000;14210188;1.21456;1.21462;1.21459;0;T;True;1
1621262792000;14210189;1.21456;1.21462;1.21459;0;T;True;1
1621262793000;14210190;1.21456;1.21462;1.21459;0;T;True;1
1621262794000;14210191;1.21456;1.21462;1.21459;0;T;True;1
1621262795000;14210195;1.21453;1.21459;1.21456;3;T;True;1
1621262796000;14210197;1.21451;1.21457;1.21454;1;T;True;1
1621262797000;14210205;1.21446;1.21452;1.21449;7;T;True;1
1621262798000;14210206;1.21446;1.21452;1.21449;0;T;True;1
1621262799000;14210207;1.21446;1.21452;1.21449;0;T;True;1
1621262800000;14210211;1.2145;1.21456;1.21453;3;T;True;1
1621262801000;14210221;1.2145;1.21456;1.21453;9;T;True;1
1621262802000;14210225;1.2145;1.21456;1.21453;3;T;True;1
1621262803000;14210232;1.2145;1.21456;1.21453;6;T;True;1
1621262804000;14210234;1.2145;1.21456;1.21453;1;T;True;1
1621262805000;14210235;1.2145;1.21456;1.21453;0;T;True;1
1621262806000;14210240;1.21448;1.21454;1.21451;4;T;True;1
1621262807000;14210244;1.21445;1.21451;1.21448;3;T;True;1
1621262808000;14210247;1.21446;1.21452;1.21449;2;T;True;1
1621262809000;14210249;1.21446;1.21452;1.21449;1;T;True;1
1621262810000;14210255;1.21446;1.21452;1.21449;5;T;True;1
1621262811000;14210261;1.21442;1.21448;1.21445;5;T;True;1
1621262812000;14210262;1.21442;1.21448;1.21445;0;T;True;1
1621262813000;14210263;1.21442;1.21448;1.21445;0;T;True;1
1621262814000;14210265;1.21442;1.21448;1.21445;1;T;True;1
1621262815000;14210268;1.21443;1.21449;1.21446;2;T;True;1
1621262816000;14210270;1.21444;1.2145;1.21447;1;T;True;1
1621262817000;14210272;1.21444;1.2145;1.21447;1;T;True;1
1621262818000;14210274;1.21444;1.2145;1.21447;1;T;True;1
1621262819000;14210277;1.21445;1.21451;1.21448;2;T;True;1
1621262820000;14210283;1.21446;1.21452;1.21449;5;T;True;1
1621262821000;14210291;1.21452;1.21458;1.21455;7;T;True;1
1621262822000;14210296;1.21453;1.21459;1.21456;4;T;True;1
1621262823000;14210298;1.21453;1.21459;1.21456;1;T;True;1
1621262824000;14210300;1.21452;1.21458;1.21455;1;T;True;1
1621262825000;14210303;1.21452;1.21458;1.21455;2;T;True;1
1621262826000;14210306;1.21454;1.2146;1.21457;2;T;True;1
1621262827000;14210314;1.21452;1.21458;1.21455;7;T;True;1
1621262828000;14210317;1.21452;1.21458;1.21455;2;T;True;1
1621262829000;14210318;1.21452;1.21458;1.21455;0;T;True;1
1621262830000;14210319;1.21452;1.21458;1.21455;0;T;True;1
1621262831000;14210323;1.21452;1.21458;1.21455;3;T;True;1
1621262832000;14210325;1.21451;1.21457;1.21454;1;T;True;1
1621262833000;14210327;1.21451;1.21457;1.21454;1;T;True;1
1621262834000;14210328;1.21451;1.21457;1.21454;0;T;True;1
1621262835000;14210335;1.21449;1.21455;1.21452;6;T;True;1
1621262836000;14210337;1.21448;1.21454;1.21451;1;T;True;1
1621262837000;14210339;1.21449;1.21455;1.21452;1;T;True;1
1621262838000;14210341;1.2145;1.21456;1.21453;1;T;True;1
1621262839000;14210345;1.21447;1.21453;1.2145;3;T;True;1
1621262840000;14210351;1.21445;1.21451;1.21448;5;T;True;1
1621262841000;14210354;1.21446;1.21452;1.21449;2;T;True;1
1621262842000;14210356;1.21446;1.21452;1.21449;1;T;True;1
1621262843000;14210358;1.21446;1.21452;1.21449;1;T;True;1
1621262844000;14210360;1.21445;1.21451;1.21448;1;T;True;1
1621262845000;14210367;1.21442;1.21448;1.21445;6;T;True;1
1621262846000;14210369;1.2144;1.21446;1.21443;1;T;True;1
1621262847000;14210371;1.2144;1.21446;1.21443;1;T;True;1
1621262848000;14210375;1.21436;1.21442;1.21439;3;T;True;1
1621262849000;14210377;1.21436;1.21442;1.21439;1;T;True;1
1621262850000;14210385;1.2144;1.21446;1.21443;7;T;True;1
1621262851000;14210391;1.21444;1.2145;1.21447;5;T;True;1
1621262852000;14210393;1.21443;1.21449;1.21446;1;T;True;1
1621262853000;14210397;1.21445;1.21451;1.21448;3;T;True;1
1621262854000;14210399;1.21444;1.2145;1.21447;1;T;True;1
1621262855000;14210401;1.21444;1.2145;1.21447;1;T;True;1
1621262856000;14210406;1.21442;1.21448;1.21445;4;T;True;1
1621262857000;14210411;1.21445;1.21451;1.21448;4;T;True;1
1621262858000;14210418;1.2145;1.21456;1.21453;6;T;True;1
1621262859000;14210423;1.21448;1.21454;1.21451;4;T;True;1
1621262860000;14210427;1.21444;1.2145;1.21447;3;T;True;1
1621262861000;14210429;1.21442;1.21448;1.21445;1;T;True;1
1621262862000;14210430;1.21442;1.21448;1.21445;0;T;True;1
1621262863000;14210431;1.21442;1.21448;1.21445;0;T;True;1
1621262864000;14210437;1.21439;1.21445;1.21442;5;T;True;1
1621262865000;14210442;1.21436;1.21442;1.21439;4;T;True;1
1621262866000;14210444;1.21436;1.21442;1.21439;1;T;True;1
1621262867000;14210448;1.21431;1.21437;1.21434;3;T;True;1
1621262868000;14210450;1.2143;1.21436;1.21433;1;T;True;1
1621262869000;14210456;1.2143;1.21436;1.21433;5;T;True;1
1621262870000;14210457;1.2143;1.21436;1.21433;0;T;True;1
1621262871000;14210460;1.21427;1.21433;1.2143;2;T;True;1
1621262872000;14210475;1.21421;1.21427;1.21424;14;T;True;1
1621262873000;14210480;1.21421;1.21427;1.21424;4;T;True;1
1621262874000;14210483;1.2142;1.21426;1.21423;2;T;True;1
1621262875000;14210488;1.21423;1.21429;1.21426;4;T;True;1
1621262876000;14210495;1.21423;1.21429;1.21426;6;T;True;1
1621262877000;14210497;1.21423;1.21429;1.21426;1;T;True;1
1621262878000;14210498;1.21423;1.21429;1.21426;0;T;True;1
1621262879000;14210501;1.21424;1.2143;1.21427;2;T;True;1
1621262880000;14210510;1.21422;1.21428;1.21425;8;T;True;1
1621262881000;14210518;1.2142;1.21426;1.21423;7;T;True;1
1621262882000;14210524;1.21418;1.21424;1.21421;5;T;True;1
1621262883000;14210531;1.2142;1.21426;1.21423;6;T;True;1
1621262884000;14210533;1.2142;1.21426;1.21423;1;T;True;1
1621262885000;14210535;1.2142;1.21426;1.21423;1;T;True;1
1621262886000;14210540;1.21416;1.21422;1.21419;4;T;True;1
1621262887000;14210543;1.21416;1.21422;1.21419;2;T;True;1
1621262888000;14210544;1.21416;1.21422;1.21419;0;T;True;1
1621262889000;14210548;1.21415;1.21421;1.21418;3;T;True;1
1621262890000;14210561;1.21409;1.21415;1.21412;12;T;True;1
1621262891000;14210572;1.21399;1.21405;1.21402;10;T;True;1
1621262892000;14210578;1.214;1.21406;1.21403;5;T;True;1
1621262893000;14210580;1.214;1.21406;1.21403;1;T;True;1
1621262894000;14210587;1.214;1.21406;1.21403;6;T;True;1
1621262895000;14210592;1.214;1.21406;1.21403;4;T;True;1
1621262896000;14210593;1.214;1.21406;1.21403;0;T;True;1
1621262897000;14210595;1.21401;1.21407;1.21404;1;T;True;1
1621262898000;14210610;1.214;1.21406;1.21403;14;T;True;1
1621262899000;14210623;1.21405;1.21411;1.21408;12;T;True;1
1621262900000;14210627;1.21405;1.21411;1.21408;3;T;True;1
1621262901000;14210634;1.21405;1.21411;1.21408;6;T;True;1
1621262902000;14210641;1.2141;1.21416;1.21413;6;T;True;1
1621262903000;14210649;1.21414;1.2142;1.21417;7;T;True;1
1621262904000;14210652;1.21413;1.21419;1.21416;2;T;True;1
1621262905000;14210657;1.21413;1.21419;1.21416;4;T;True;1
1621262906000;14210660;1.21411;1.21417;1.21414;2;T;True;1
1621262907000;14210662;1.21411;1.21417;1.21414;1;T;True;1
1621262908000;14210667;1.21412;1.21418;1.21415;4;T;True;1
1621262909000;14210675;1.21411;1.21417;1.21414;7;T;True;1
1621262910000;14210677;1.21412;1.21418;1.21415;1;T;True;1
1621262911000;14210680;1.21412;1.21418;1.21415;2;T;True;1
1621262912000;14210686;1.21408;1.21414;1.21411;5;T;True;1
1621262913000;14210693;1.2141;1.21416;1.21413;6;T;True;1
1621262914000;14210699;1.21414;1.2142;1.21417;5;T;True;1
1621262915000;14210703;1.21414;1.2142;1.21417;3;T;True;1
1621262916000;14210710;1.21416;1.21422;1.21419;6;T;True;1
1621262917000;14210718;1.21413;1.21419;1.21416;7;T;True;1
1621262918000;14210724;1.21415;1.21421;1.21418;5;T;True;1
1621262919000;14210727;1.21416;1.21422;1.21419;2;T;True;1
1621262920000;14210728;1.21416;1.21422;1.21419;0;T;True;1
1621262921000;14210732;1.21416;1.21422;1.21419;3;T;True;1
1621262922000;14210741;1.21421;1.21427;1.21424;8;T;True;1
1621262923000;14210746;1.21422;1.21428;1.21425;4;T;True;1
1621262924000;14210755;1.2142;1.21426;1.21423;8;T;True;1
1621262925000;14210757;1.21419;1.21425;1.21422;1;T;True;1
1621262926000;14210767;1.2141;1.21416;1.21413;9;T;True;1
1621262927000;14210778;1.21408;1.21414;1.21411;10;T;True;1
1621262928000;14210782;1.2141;1.21416;1.21413;3;T;True;1
1621262929000;14210783;1.2141;1.21416;1.21413;0;T;True;1
1621262930000;14210791;1.21406;1.21412;1.21409;7;T;True;1
1621262931000;14210799;1.21406;1.21412;1.21409;7;T;True;1
1621262932000;14210803;1.21404;1.2141;1.21407;3;T;True;1
1621262933000;14210808;1.21406;1.21412;1.21409;4;T;True;1
1621262934000;14210809;1.21406;1.21412;1.21409;0;T;True;1
1621262935000;14210811;1.21406;1.21412;1.21409;1;T;True;1
1621262936000;14210816;1.21405;1.21411;1.21408;4;T;True;1
1621262937000;14210817;1.21405;1.21411;1.21408;0;T;True;1
1621262938000;14210820;1.21405;1.21411;1.21408;2;T;True;1
1621262939000;14210823;1.21405;1.21411;1.21408;2;T;True;1
1621262940000;14210828;1.21406;1.21412;1.21409;4;T;True;1
1621262941000;14210834;1.21406;1.21412;1.21409;5;T;True;1
1621262942000;14210838;1.21406;1.21412;1.21409;3;T;True;1
1621262943000;14210841;1.21406;1.21412;1.21409;2;T;True;1
1621262944000;14210852;1.21402;1.21408;1.21405;10;T;True;1
1621262945000;14210855;1.214;1.21406;1.21403;2;T;True;1
1621262946000;14210864;1.21395;1.21401;1.21398;8;T;True;1
1621262947000;14210868;1.21398;1.21404;1.21401;3;T;True;1
1621262948000;14210872;1.21396;1.21402;1.21399;3;T;True;1
1621262949000;14210880;1.21401;1.21407;1.21404;7;T;True;1
1621262950000;14210886;1.21402;1.21408;1.21405;5;T;True;1
1621262951000;14210890;1.21403;1.21409;1.21406;3;T;True;1
1621262952000;14210894;1.21403;1.21409;1.21406;3;T;True;1
1621262953000;14210898;1.21404;1.2141;1.21407;3;T;True;1
1621262954000;14210906;1.21406;1.21412;1.21409;7;T;True;1
1621262955000;14210911;1.21404;1.2141;1.21407;4;T;True;1
1621262956000;14210916;1.21405;1.21411;1.21408;4;T;True;1
1621262957000;14210921;1.21407;1.21413;1.2141;4;T;True;1
1621262958000;14210922;1.21407;1.21413;1.2141;0;T;True;1
1621262959000;14210925;1.21404;1.2141;1.21407;2;T;True;1
1621262960000;14210928;1.21404;1.2141;1.21407;2;T;True;1
1621262961000;14210929;1.21404;1.2141;1.21407;0;T;True;1
1621262962000;14210938;1.21402;1.21408;1.21405;8;T;True;1
1621262963000;14210946;1.21408;1.21414;1.21411;7;T;True;1
1621262964000;14210948;1.21406;1.21412;1.21409;1;T;True;1
1621262965000;14210956;1.21405;1.21411;1.21408;7;T;True;1
1621262966000;14210958;1.21404;1.2141;1.21407;1;T;True;1
1621262967000;14210960;1.21404;1.2141;1.21407;1;T;True;1
1621262968000;14210963;1.21404;1.2141;1.21407;2;T;True;1
1621262969000;14210969;1.21405;1.21411;1.21408;5;T;True;1
1621262970000;14210974;1.21405;1.21411;1.21408;4;T;True;1
1621262971000;14210985;1.21406;1.21412;1.21409;10;T;True;1
1621262972000;14210989;1.21406;1.21412;1.21409;3;T;True;1
1621262973000;14210994;1.21405;1.21411;1.21408;4;T;True;1
1621262974000;14211003;1.21405;1.21411;1.21408;8;T;True;1
1621262975000;14211009;1.21402;1.21408;1.21405;5;T;True;1
1621262976000;14211010;1.21402;1.21408;1.21405;0;T;True;1
1621262977000;14211015;1.21402;1.21408;1.21405;4;T;True;1
1621262978000;14211023;1.21403;1.21409;1.21406;7;T;True;1
1621262979000;14211029;1.21402;1.21408;1.21405;5;T;True;1
1621262980000;14211039;1.21398;1.21404;1.21401;9;T;True;1
1621262981000;14211047;1.21398;1.21404;1.21401;7;T;True;1
1621262982000;14211048;1.21398;1.21404;1.21401;0;T;True;1
1621262983000;14211050;1.21398;1.21404;1.21401;1;T;True;1
1621262984000;14211054;1.21396;1.21402;1.21399;3;T;True;1
1621262985000;14211059;1.21394;1.214;1.21397;4;T;True;1
1621262986000;14211061;1.21394;1.214;1.21397;1;T;True;1
1621262987000;14211062;1.21394;1.214;1.21397;0;T;True;1
1621262988000;14211070;1.21398;1.21404;1.21401;7;T;True;1
1621262989000;14211076;1.214;1.21406;1.21403;5;T;True;1
1621262990000;14211090;1.21404;1.2141;1.21407;13;T;True;1
1621262991000;14211098;1.21406;1.21412;1.21409;7;T;True;1
1621262992000;14211108;1.21408;1.21414;1.21411;9;T;True;1
1621262993000;14211111;1.21408;1.21414;1.21411;2;T;True;1
1621262994000;14211113;1.21408;1.21414;1.21411;1;T;True;1
1621262995000;14211118;1.21409;1.21415;1.21412;4;T;True;1
1621262996000;14211134;1.21416;1.21422;1.21419;15;T;True;1
1621262997000;14211144;1.21411;1.21417;1.21414;9;T;True;1
1621262998000;14211146;1.2141;1.21416;1.21413;1;T;True;1
1621262999000;14211156;1.21411;1.21417;1.21414;9;T;True;1
1621263000000;14211162;1.21413;1.21419;1.21416;5;T;True;1
1621263001000;14211166;1.21414;1.2142;1.21417;3;T;True;1
1621263002000;14211167;1.21414;1.2142;1.21417;0;T;True;1
1621263003000;14211168;1.21414;1.2142;1.21417;0;T;True;1
1621263004000;14211171;1.21418;1.21424;1.21421;2;T;True;1
1621263005000;14211184;1.21421;1.21427;1.21424;12;T;True;1
1621263006000;14211185;1.21421;1.21427;1.21424;0;T;True;1
1621263007000;14211186;1.21421;1.21427;1.21424;0;T;True;1
1621263008000;14211189;1.2142;1.21426;1.21423;2;T;True;1
1621263009000;14211197;1.21417;1.21423;1.2142;7;T;True;1
1621263010000;14211205;1.21422;1.21428;1.21425;7;T;True;1
1621263011000;14211208;1.21421;1.21427;1.21424;2;T;True;1
1621263012000;14211220;1.2142;1.21426;1.21423;11;T;True;1
1621263013000;14211225;1.2142;1.21426;1.21423;4;T;True;1
1621263014000;14211226;1.2142;1.21426;1.21423;0;T;True;1
1621263015000;14211228;1.21418;1.21424;1.21421;1;T;True;1
1621263016000;14211235;1.21424;1.2143;1.21427;6;T;True;1
1621263017000;14211238;1.21424;1.2143;1.21427;2;T;True;1
1621263018000;14211246;1.21425;1.21431;1.21428;7;T;True;1
1621263019000;14211252;1.21424;1.2143;1.21427;5;T;True;1
1621263020000;14211259;1.21428;1.21434;1.21431;6;T;True;1
1621263021000;14211270;1.2143;1.21436;1.21433;10;T;True;1
1621263022000;14211274;1.21428;1.21434;1.21431;3;T;True;1
1621263023000;14211280;1.21425;1.21431;1.21428;5;T;True;1
1621263024000;14211292;1.21414;1.2142;1.21417;11;T;True;1
1621263025000;14211299;1.21416;1.21422;1.21419;6;T;True;1
1621263026000;14211304;1.21412;1.21418;1.21415;4;T;True;1
1621263027000;14211306;1.21412;1.21418;1.21415;1;T;True;1
1621263028000;14211310;1.21412;1.21418;1.21415;3;T;True;1
1621263029000;14211314;1.2141;1.21416;1.21413;3;T;True;1
1621263030000;14211315;1.2141;1.21416;1.21413;0;T;True;1
1621263031000;14211319;1.21414;1.2142;1.21417;3;T;True;1
1621263032000;14211321;1.21414;1.2142;1.21417;1;T;True;1
1621263033000;14211323;1.21415;1.21421;1.21418;1;T;True;1
1621263034000;14211328;1.21414;1.2142;1.21417;4;T;True;1
1621263035000;14211334;1.2141;1.21416;1.21413;5;T;True;1
1621263036000;14211339;1.21411;1.21417;1.21414;4;T;True;1
1621263037000;14211343;1.21414;1.2142;1.21417;3;T;True;1
1621263038000;14211344;1.21414;1.2142;1.21417;0;T;True;1
1621263039000;14211345;1.21414;1.2142;1.21417;0;T;True;1
1621263040000;14211347;1.21412;1.21418;1.21415;1;T;True;1
1621263041000;14211348;1.21412;1.21418;1.21415;0;T;True;1
1621263042000;14211349;1.21412;1.21418;1.21415;0;T;True;1
1621263043000;14211350;1.21412;1.21418;1.21415;0;T;True;1
1621263044000;14211354;1.21408;1.21414;1.21411;3;T;True;1
1621263045000;14211355;1.21408;1.21414;1.21411;0;T;True;1
1621263046000;14211362;1.21408;1.21414;1.21411;6;T;True;1
1621263047000;14211368;1.21406;1.21412;1.21409;5;T;True;1
1621263048000;14211369;1.21406;1.21412;1.21409;0;T;True;1
1621263049000;14211371;1.21408;1.21414;1.21411;1;T;True;1
1621263050000;14211381;1.2141;1.21416;1.21413;9;T;True;1
1621263051000;14211384;1.21408;1.21414;1.21411;2;T;True;1
1621263052000;14211385;1.21408;1.21414;1.21411;0;T;True;1
1621263053000;14211387;1.21407;1.21413;1.2141;1;T;True;1
1621263054000;14211389;1.21406;1.21412;1.21409;1;T;True;1
1621263055000;14211395;1.21408;1.21414;1.21411;5;T;True;1
1621263056000;14211396;1.21408;1.21414;1.21411;0;T;True;1
1621263057000;14211399;1.21405;1.21411;1.21408;2;T;True;1
1621263058000;14211400;1.21405;1.21411;1.21408;0;T;True;1
1621263059000;14211401;1.21405;1.21411;1.21408;0;T;True;1
1621263060000;14211403;1.21404;1.2141;1.21407;1;T;True;1
1621263061000;14211405;1.21405;1.21411;1.21408;1;T;True;1
1621263062000;14211407;1.21405;1.21411;1.21408;1;T;True;1
1621263063000;14211411;1.21401;1.21407;1.21404;3;T;True;1
1621263064000;14211416;1.21404;1.2141;1.21407;4;T;True;1
1621263065000;14211418;1.21404;1.2141;1.21407;1;T;True;1
1621263066000;14211419;1.21404;1.2141;1.21407;0;T;True;1
1621263067000;14211421;1.21404;1.2141;1.21407;1;T;True;1
1621263068000;14211422;1.21404;1.2141;1.21407;0;T;True;1
1621263069000;14211423;1.21404;1.2141;1.21407;0;T;True;1
1621263070000;14211428;1.214;1.21406;1.21403;4;T;True;1
1621263071000;14211436;1.21398;1.21404;1.21401;7;T;True;1
1621263072000;14211438;1.21398;1.21404;1.21401;1;T;True;1
1621263073000;14211443;1.21398;1.21404;1.21401;4;T;True;1
1621263074000;14211446;1.21398;1.21404;1.21401;2;T;True;1
1621263075000;14211451;1.21398;1.21404;1.21401;4;T;True;1
1621263076000;14211455;1.21396;1.21402;1.21399;3;T;True;1
1621263077000;14211457;1.21396;1.21402;1.21399;1;T;True;1
1621263078000;14211459;1.21396;1.21402;1.21399;1;T;True;1
1621263079000;14211467;1.21389;1.21395;1.21392;7;T;True;1
1621263080000;14211472;1.21388;1.21394;1.21391;4;T;True;1
1621263081000;14211484;1.2139;1.21396;1.21393;11;T;True;1
1621263082000;14211492;1.2139;1.21396;1.21393;7;T;True;1
1621263083000;14211497;1.21392;1.21398;1.21395;4;T;True;1
1621263084000;14211501;1.21391;1.21397;1.21394;3;T;True;1
1621263085000;14211506;1.2139;1.21396;1.21393;4;T;True;1
1621263086000;14211507;1.2139;1.21396;1.21393;0;T;True;1
1621263087000;14211512;1.21392;1.21398;1.21395;4;T;True;1
1621263088000;14211517;1.21392;1.21398;1.21395;4;T;True;1
1621263089000;14211522;1.21391;1.21397;1.21394;4;T;True;1
1621263090000;14211529;1.2139;1.21396;1.21393;6;T;True;1
1621263091000;14211538;1.21391;1.21397;1.21394;8;T;True;1
1621263092000;14211544;1.21393;1.21399;1.21396;5;T;True;1
1621263093000;14211556;1.21392;1.21398;1.21395;11;T;True;1
1621263094000;14211560;1.2139;1.21396;1.21393;3;T;True;1
1621263095000;14211566;1.21391;1.21397;1.21394;5;T;True;1
1621263096000;14211571;1.21391;1.21397;1.21394;4;T;True;1
1621263097000;14211577;1.21394;1.214;1.21397;5;T;True;1
1621263098000;14211585;1.21398;1.21404;1.21401;7;T;True;1
1621263099000;14211589;1.21397;1.21403;1.214;3;T;True;1
1621263100000;14211590;1.21397;1.21403;1.214;0;T;True;1
1621263101000;14211592;1.21397;1.21403;1.214;1;T;True;1
1621263102000;14211604;1.21397;1.21403;1.214;11;T;True;1
1621263103000;14211608;1.21397;1.21403;1.214;3;T;True;1
1621263104000;14211613;1.21394;1.214;1.21397;4;T;True;1
1621263105000;14211620;1.2139;1.21396;1.21393;6;T;True;1
1621263106000;14211626;1.21391;1.21397;1.21394;5;T;True;1
1621263107000;14211635;1.21392;1.21398;1.21395;8;T;True;1
1621263108000;14211639;1.21392;1.21398;1.21395;3;T;True;1
1621263109000;14211641;1.21392;1.21398;1.21395;1;T;True;1
1621263110000;14211648;1.21394;1.214;1.21397;6;T;True;1
1621263111000;14211655;1.21398;1.21404;1.21401;6;T;True;1
1621263112000;14211667;1.21396;1.21402;1.21399;11;T;True;1
1621263113000;14211671;1.21396;1.21402;1.21399;3;T;True;1
1621263114000;14211676;1.21396;1.21402;1.21399;4;T;True;1
1621263115000;14211683;1.21395;1.21401;1.21398;6;T;True;1
1621263116000;14211689;1.21396;1.21402;1.21399;5;T;True;1
1621263117000;14211695;1.21396;1.21402;1.21399;5;T;True;1
1621263118000;14211703;1.21393;1.21399;1.21396;7;T;True;1
1621263119000;14211708;1.21392;1.21398;1.21395;4;T;True;1
1621263120000;14211720;1.21392;1.21398;1.21395;11;T;True;1
1621263121000;14211727;1.21396;1.21402;1.21399;6;T;True;1
1621263122000;14211733;1.214;1.21406;1.21403;5;T;True;1
1621263123000;14211735;1.21399;1.21405;1.21402;1;T;True;1
1621263124000;14211745;1.21401;1.21407;1.21404;9;T;True;1
1621263125000;14211759;1.21405;1.21411;1.21408;13;T;True;1
1621263126000;14211767;1.2141;1.21416;1.21413;7;T;True;1
1621263127000;14211772;1.21413;1.21419;1.21416;4;T;True;1
1621263128000;14211779;1.21415;1.21421;1.21418;6;T;True;1
1621263129000;14211781;1.21415;1.21421;1.21418;1;T;True;1
1621263130000;14211785;1.21421;1.21427;1.21424;3;T;True;1
1621263131000;14211790;1.21418;1.21424;1.21421;4;T;True;1
1621263132000;14211796;1.21415;1.21421;1.21418;5;T;True;1
1621263133000;14211801;1.21411;1.21417;1.21414;4;T;True;1
1621263134000;14211809;1.21408;1.21414;1.21411;7;T;True;1
1621263135000;14211815;1.21408;1.21414;1.21411;5;T;True;1
1621263136000;14211820;1.21408;1.21414;1.21411;4;T;True;1
1621263137000;14211827;1.21405;1.21411;1.21408;6;T;True;1
1621263138000;14211830;1.21404;1.2141;1.21407;2;T;True;1
1621263139000;14211832;1.21404;1.2141;1.21407;1;T;True;1
1621263140000;14211837;1.21408;1.21414;1.21411;4;T;True;1
1621263141000;14211840;1.21408;1.21414;1.21411;2;T;True;1
1621263142000;14211845;1.21406;1.21412;1.21409;4;T;True;1
1621263143000;14211855;1.21408;1.21414;1.21411;9;T;True;1
1621263144000;14211860;1.21409;1.21415;1.21412;4;T;True;1
1621263145000;14211864;1.21409;1.21415;1.21412;3;T;True;1
1621263146000;14211869;1.21406;1.21412;1.21409;4;T;True;1
1621263147000;14211870;1.21406;1.21412;1.21409;0;T;True;1
1621263148000;14211873;1.21407;1.21413;1.2141;2;T;True;1
1621263149000;14211882;1.21414;1.2142;1.21417;8;T;True;1
1621263150000;14211891;1.21414;1.2142;1.21417;8;T;True;1
1621263151000;14211892;1.21414;1.2142;1.21417;0;T;True;1
1621263152000;14211895;1.21414;1.2142;1.21417;2;T;True;1
1621263153000;14211903;1.21414;1.2142;1.21417;7;T;True;1
1621263154000;14211906;1.2141;1.21416;1.21413;2;T;True;1
1621263155000;14211907;1.2141;1.21416;1.21413;0;T;True;1
1621263156000;14211908;1.2141;1.21416;1.21413;0;T;True;1
1621263157000;14211909;1.2141;1.21416;1.21413;0;T;True;1
1621263158000;14211912;1.21409;1.21415;1.21412;2;T;True;1
1621263159000;14211915;1.21408;1.21414;1.21411;2;T;True;1
1621263160000;14211919;1.21408;1.21414;1.21411;3;T;True;1
1621263161000;14211920;1.21408;1.21414;1.21411;0;T;True;1
1621263162000;14211921;1.21408;1.21414;1.21411;0;T;True;1
1621263163000;14211923;1.21409;1.21415;1.21412;1;T;True;1
1621263164000;14211924;1.21409;1.21415;1.21412;0;T;True;1
1621263165000;14211925;1.21409;1.21415;1.21412;0;T;True;1
1621263166000;14211926;1.21409;1.21415;1.21412;0;T;True;1
1621263167000;14211933;1.21404;1.2141;1.21407;6;T;True;1
1621263168000;14211934;1.21404;1.2141;1.21407;0;T;True;1
1621263169000;14211937;1.21402;1.21408;1.21405;2;T;True;1
1621263170000;14211947;1.21401;1.21407;1.21404;9;T;True;1
1621263171000;14211956;1.21401;1.21407;1.21404;8;T;True;1
1621263172000;14211958;1.21402;1.21408;1.21405;1;T;True;1
1621263173000;14211961;1.21402;1.21408;1.21405;2;T;True;1
1621263174000;14211963;1.21402;1.21408;1.21405;1;T;True;1
1621263175000;14211965;1.21403;1.21409;1.21406;1;T;True;1
1621263176000;14211973;1.21398;1.21404;1.21401;7;T;True;1
1621263177000;14211974;1.21398;1.21404;1.21401;0;T;True;1
1621263178000;14211975;1.21398;1.21404;1.21401;0;T;True;1
1621263179000;14211980;1.21398;1.21404;1.21401;4;T;True;1
1621263180000;14211988;1.21394;1.214;1.21397;7;T;True;1
1621263181000;14211992;1.21394;1.214;1.21397;3;T;True;1
1621263182000;14211998;1.21397;1.21403;1.214;5;T;True;1
1621263183000;14212004;1.21398;1.21404;1.21401;5;T;True;1
1621263184000;14212014;1.21398;1.21404;1.21401;9;T;True;1
1621263185000;14212020;1.21398;1.21404;1.21401;5;T;True;1
1621263186000;14212025;1.21399;1.21405;1.21402;4;T;True;1
1621263187000;14212029;1.21398;1.21404;1.21401;3;T;True;1
1621263188000;14212031;1.21398;1.21404;1.21401;1;T;True;1
1621263189000;14212033;1.21399;1.21405;1.21402;1;T;True;1
1621263190000;14212035;1.21399;1.21405;1.21402;1;T;True;1
1621263191000;14212036;1.21399;1.21405;1.21402;0;T;True;1
1621263192000;14212038;1.21399;1.21405;1.21402;1;T;True;1
1621263193000;14212039;1.21399;1.21405;1.21402;0;T;True;1
1621263194000;14212042;1.21398;1.21404;1.21401;2;T;True;1
1621263195000;14212045;1.21399;1.21405;1.21402;2;T;True;1
1621263196000;14212051;1.21399;1.21405;1.21402;5;T;True;1
1621263197000;14212055;1.21398;1.21404;1.21401;3;T;True;1
1621263198000;14212058;1.21398;1.21404;1.21401;2;T;True;1
1621263199000;14212060;1.21398;1.21404;1.21401;1;T;True;1
1621263200000;14212061;1.21398;1.21404;1.21401;0;T;True;1
1621263201000;14212070;1.21416;1.21422;1.21419;8;T;True;1
1621263202000;14212074;1.21416;1.21422;1.21419;3;T;True;1
1621263203000;14212076;1.21416;1.21422;1.21419;1;T;True;1
1621263204000;14212077;1.21416;1.21422;1.21419;0;T;True;1
1621263205000;14212080;1.21416;1.21422;1.21419;2;T;True;1
1621263206000;14212086;1.21418;1.21424;1.21421;5;T;True;1
1621263207000;14212088;1.21418;1.21424;1.21421;1;T;True;1
1621263208000;14212091;1.21418;1.21424;1.21421;2;T;True;1
1621263209000;14212094;1.21416;1.21422;1.21419;2;T;True;1
1621263210000;14212095;1.21416;1.21422;1.21419;0;T;True;1
1621263211000;14212105;1.21423;1.21429;1.21426;9;T;True;1
1621263212000;14212111;1.21421;1.21427;1.21424;5;T;True;1
1621263213000;14212114;1.21421;1.21427;1.21424;2;T;True;1
1621263214000;14212120;1.21418;1.21424;1.21421;5;T;True;1
1621263215000;14212122;1.21419;1.21425;1.21422;1;T;True;1
1621263216000;14212123;1.21419;1.21425;1.21422;0;T;True;1
1621263217000;14212124;1.21419;1.21425;1.21422;0;T;True;1
1621263218000;14212125;1.21419;1.21425;1.21422;0;T;True;1
1621263219000;14212128;1.21424;1.2143;1.21427;2;T;True;1
1621263220000;14212131;1.21424;1.2143;1.21427;2;T;True;1
1621263221000;14212138;1.21429;1.21435;1.21432;6;T;True;1
1621263222000;14212139;1.21429;1.21435;1.21432;0;T;True;1
1621263223000;14212141;1.2143;1.21436;1.21433;1;T;True;1
1621263224000;14212142;1.2143;1.21436;1.21433;0;T;True;1
1621263225000;14212144;1.2143;1.21436;1.21433;1;T;True;1
1621263226000;14212145;1.2143;1.21436;1.21433;0;T;True;1
1621263227000;14212147;1.21426;1.21432;1.21429;1;T;True;1
1621263228000;14212151;1.21424;1.2143;1.21427;3;T;True;1
1621263229000;14212154;1.21427;1.21433;1.2143;2;T;True;1
1621263230000;14212157;1.21428;1.21434;1.21431;2;T;True;1
1621263231000;14212161;1.21427;1.21433;1.2143;3;T;True;1
1621263232000;14212163;1.21426;1.21432;1.21429;1;T;True;1
1621263233000;14212167;1.2143;1.21436;1.21433;3;T;True;1
1621263234000;14212170;1.2143;1.21436;1.21433;2;T;True;1
1621263235000;14212175;1.21427;1.21433;1.2143;4;T;True;1
1621263236000;14212179;1.21429;1.21435;1.21432;3;T;True;1
1621263237000;14212181;1.2143;1.21436;1.21433;1;T;True;1
1621263238000;14212192;1.21433;1.21439;1.21436;10;T;True;1
1621263239000;14212197;1.21434;1.2144;1.21437;4;T;True;1
1621263240000;14212202;1.21432;1.21438;1.21435;4;T;True;1
1621263241000;14212210;1.2143;1.21436;1.21433;7;T;True;1
1621263242000;14212217;1.21434;1.2144;1.21437;6;T;True;1
1621263243000;14212224;1.21429;1.21435;1.21432;6;T;True;1
1621263244000;14212228;1.21434;1.2144;1.21437;3;T;True;1
1621263245000;14212232;1.21432;1.21438;1.21435;3;T;True;1
1621263246000;14212240;1.21433;1.21439;1.21436;7;T;True;1
1621263247000;14212243;1.21431;1.21437;1.21434;2;T;True;1
1621263248000;14212247;1.21432;1.21438;1.21435;3;T;True;1
1621263249000;14212248;1.21432;1.21438;1.21435;0;T;True;1
1621263250000;14212250;1.21434;1.2144;1.21437;1;T;True;1
1621263251000;14212257;1.21436;1.21442;1.21439;6;T;True;1
1621263252000;14212259;1.21435;1.21441;1.21438;1;T;True;1
1621263253000;14212264;1.21432;1.21438;1.21435;4;T;True;1
1621263254000;14212266;1.21432;1.21438;1.21435;1;T;True;1
1621263255000;14212269;1.21432;1.21438;1.21435;2;T;True;1
1621263256000;14212272;1.21432;1.21438;1.21435;2;T;True;1
1621263257000;14212276;1.21433;1.21439;1.21436;3;T;True;1
1621263258000;14212283;1.21432;1.21438;1.21435;6;T;True;1
1621263259000;14212285;1.21432;1.21438;1.21435;1;T;True;1
1621263260000;14212296;1.21432;1.21438;1.21435;10;T;True;1
1621263261000;14212301;1.21435;1.21441;1.21438;4;T;True;1
1621263262000;14212306;1.21435;1.21441;1.21438;4;T;True;1
1621263263000;14212315;1.21436;1.21442;1.21439;8;T;True;1
1621263264000;14212322;1.21436;1.21442;1.21439;6;T;True;1
1621263265000;14212325;1.21438;1.21444;1.21441;2;T;True;1
1621263266000;14212328;1.2144;1.21446;1.21443;2;T;True;1
1621263267000;14212336;1.21435;1.21441;1.21438;7;T;True;1
1621263268000;14212341;1.21438;1.21444;1.21441;4;T;True;1
1621263269000;14212348;1.2144;1.21446;1.21443;6;T;True;1
1621263270000;14212352;1.21436;1.21442;1.21439;3;T;True;1
1621263271000;14212354;1.21436;1.21442;1.21439;1;T;True;1
1621263272000;14212358;1.21437;1.21443;1.2144;3;T;True;1
1621263273000;14212362;1.21435;1.21441;1.21438;3;T;True;1
1621263274000;14212367;1.21436;1.21442;1.21439;4;T;True;1
1621263275000;14212371;1.21435;1.21441;1.21438;3;T;True;1
1621263276000;14212379;1.21432;1.21438;1.21435;7;T;True;1
1621263277000;14212384;1.21432;1.21438;1.21435;4;T;True;1
1621263278000;14212389;1.21436;1.21442;1.21439;4;T;True;1
1621263279000;14212392;1.21436;1.21442;1.21439;2;T;True;1
1621263280000;14212393;1.21436;1.21442;1.21439;0;T;True;1
1621263281000;14212399;1.21432;1.21438;1.21435;5;T;True;1
1621263282000;14212400;1.21432;1.21438;1.21435;0;T;True;1
1621263283000;14212405;1.21427;1.21433;1.2143;4;T;True;1
1621263284000;14212410;1.21428;1.21434;1.21431;4;T;True;1
1621263285000;14212411;1.21428;1.21434;1.21431;0;T;True;1
1621263286000;14212416;1.21432;1.21438;1.21435;4;T;True;1
1621263287000;14212418;1.21432;1.21438;1.21435;1;T;True;1
1621263288000;14212426;1.21428;1.21434;1.21431;7;T;True;1
1621263289000;14212430;1.21427;1.21433;1.2143;3;T;True;1
1621263290000;14212431;1.21427;1.21433;1.2143;0;T;True;1
1621263291000;14212437;1.21426;1.21432;1.21429;5;T;True;1
1621263292000;14212440;1.21427;1.21433;1.2143;2;T;True;1
1621263293000;14212443;1.21427;1.21433;1.2143;2;T;True;1
1621263294000;14212445;1.21426;1.21432;1.21429;1;T;True;1
1621263295000;14212446;1.21426;1.21432;1.21429;0;T;True;1
1621263296000;14212451;1.21429;1.21435;1.21432;4;T;True;1
1621263297000;14212458;1.21432;1.21438;1.21435;6;T;True;1
1621263298000;14212460;1.21433;1.21439;1.21436;1;T;True;1
1621263299000;14212462;1.21435;1.21441;1.21438;1;T;True;1
1621263300000;14212464;1.21436;1.21442;1.21439;1;T;True;1
1621263301000;14212468;1.21436;1.21442;1.21439;3;T;True;1
1621263302000;14212469;1.21436;1.21442;1.21439;0;T;True;1
1621263303000;14212474;1.21432;1.21438;1.21435;4;T;True;1
1621263304000;14212480;1.21435;1.21441;1.21438;5;T;True;1
1621263305000;14212481;1.21435;1.21441;1.21438;0;T;True;1
1621263306000;14212482;1.21435;1.21441;1.21438;0;T;True;1
1621263307000;14212487;1.21434;1.2144;1.21437;4;T;True;1
1621263308000;14212488;1.21434;1.2144;1.21437;0;T;True;1
1621263309000;14212489;1.21434;1.2144;1.21437;0;T;True;1
1621263310000;14212491;1.21434;1.2144;1.21437;1;T;True;1
1621263311000;14212492;1.21434;1.2144;1.21437;0;T;True;1
1621263312000;14212493;1.21434;1.2144;1.21437;0;T;True;1
1621263313000;14212495;1.21434;1.2144;1.21437;1;T;True;1
1621263314000;14212500;1.21432;1.21438;1.21435;4;T;True;1
1621263315000;14212502;1.21432;1.21438;1.21435;1;T;True;1
1621263316000;14212503;1.21432;1.21438;1.21435;0;T;True;1
1621263317000;14212506;1.21432;1.21438;1.21435;2;T;True;1
1621263318000;14212509;1.21432;1.21438;1.21435;2;T;True;1
1621263319000;14212511;1.21432;1.21438;1.21435;1;T;True;1
1621263320000;14212512;1.21432;1.21438;1.21435;0;T;True;1
1621263321000;14212513;1.21432;1.21438;1.21435;0;T;True;1
1621263322000;14212514;1.21432;1.21438;1.21435;0;T;True;1
1621263323000;14212517;1.21432;1.21438;1.21435;2;T;True;1
1621263324000;14212518;1.21432;1.21438;1.21435;0;T;True;1
1621263325000;14212519;1.21432;1.21438;1.21435;0;T;True;1
1621263326000;14212525;1.21435;1.21441;1.21438;5;T;True;1
1621263327000;14212545;1.2145;1.21456;1.21453;19;T;True;1
1621263328000;14212557;1.2145;1.21456;1.21453;11;T;True;1
1621263329000;14212560;1.21451;1.21457;1.21454;2;T;True;1
1621263330000;14212561;1.21451;1.21457;1.21454;0;T;True;1
1621263331000;14212563;1.2145;1.21456;1.21453;1;T;True;1
1621263332000;14212566;1.2145;1.21456;1.21453;2;T;True;1
1621263333000;14212571;1.21454;1.2146;1.21457;4;T;True;1
1621263334000;14212575;1.21454;1.2146;1.21457;3;T;True;1
1621263335000;14212579;1.21454;1.2146;1.21457;3;T;True;1
1621263336000;14212586;1.21452;1.21458;1.21455;6;T;True;1
1621263337000;14212592;1.2145;1.21456;1.21453;5;T;True;1
1621263338000;14212599;1.2145;1.21456;1.21453;6;T;True;1
1621263339000;14212600;1.2145;1.21456;1.21453;0;T;True;1
1621263340000;14212601;1.2145;1.21456;1.21453;0;T;True;1
1621263341000;14212611;1.21454;1.2146;1.21457;9;T;True;1
1621263342000;14212612;1.21454;1.2146;1.21457;0;T;True;1
1621263343000;14212615;1.21452;1.21458;1.21455;2;T;True;1
1621263344000;14212619;1.21452;1.21458;1.21455;3;T;True;1
1621263345000;14212625;1.21447;1.21453;1.2145;5;T;True;1
1621263346000;14212628;1.21447;1.21453;1.2145;2;T;True;1
1621263347000;14212630;1.21448;1.21454;1.21451;1;T;True;1
1621263348000;14212633;1.21446;1.21452;1.21449;2;T;True;1
1621263349000;14212636;1.21446;1.21452;1.21449;2;T;True;1
1621263350000;14212638;1.21446;1.21452;1.21449;1;T;True;1
1621263351000;14212640;1.21446;1.21452;1.21449;1;T;True;1
1621263352000;14212645;1.21446;1.21452;1.21449;4;T;True;1
1621263353000;14212648;1.21446;1.21452;1.21449;2;T;True;1
1621263354000;14212653;1.21446;1.21452;1.21449;4;T;True;1
1621263355000;14212654;1.21446;1.21452;1.21449;0;T;True;1
1621263356000;14212657;1.21446;1.21452;1.21449;2;T;True;1
1621263357000;14212663;1.21442;1.21448;1.21445;5;T;True;1
1621263358000;14212667;1.21445;1.21451;1.21448;3;T;True;1
1621263359000;14212673;1.21445;1.21451;1.21448;5;T;True;1
1621263360000;14212678;1.21444;1.2145;1.21447;4;T;True;1
1621263361000;14212684;1.21444;1.2145;1.21447;5;T;True;1
1621263362000;14212686;1.21444;1.2145;1.21447;1;T;True;1
1621263363000;14212688;1.21442;1.21448;1.21445;1;T;True;1
1621263364000;14212694;1.21438;1.21444;1.21441;5;T;True;1
1621263365000;14212703;1.21441;1.21447;1.21444;8;T;True;1
1621263366000;14212706;1.21442;1.21448;1.21445;2;T;True;1
1621263367000;14212711;1.21442;1.21448;1.21445;4;T;True;1
1621263368000;14212714;1.21442;1.21448;1.21445;2;T;True;1
1621263369000;14212716;1.21441;1.21447;1.21444;1;T;True;1
1621263370000;14212719;1.21439;1.21445;1.21442;2;T;True;1
1621263371000;14212722;1.21439;1.21445;1.21442;2;T;True;1
1621263372000;14212724;1.21439;1.21445;1.21442;1;T;True;1
1621263373000;14212729;1.2144;1.21446;1.21443;4;T;True;1
1621263374000;14212733;1.2144;1.21446;1.21443;3;T;True;1
1621263375000;14212737;1.21442;1.21448;1.21445;3;T;True;1
1621263376000;14212740;1.21442;1.21448;1.21445;2;T;True;1
1621263377000;14212743;1.21443;1.21449;1.21446;2;T;True;1
1621263378000;14212745;1.21444;1.2145;1.21447;1;T;True;1
1621263379000;14212760;1.21448;1.21454;1.21451;14;T;True;1
1621263380000;14212763;1.2145;1.21456;1.21453;2;T;True;1
1621263381000;14212770;1.21448;1.21454;1.21451;6;T;True;1
1621263382000;14212777;1.21449;1.21455;1.21452;6;T;True;1
1621263383000;14212778;1.21449;1.21455;1.21452;0;T;True;1
1621263384000;14212779;1.21449;1.21455;1.21452;0;T;True;1
1621263385000;14212780;1.21449;1.21455;1.21452;0;T;True;1
1621263386000;14212782;1.2145;1.21456;1.21453;1;T;True;1
1621263387000;14212783;1.2145;1.21456;1.21453;0;T;True;1
1621263388000;14212784;1.2145;1.21456;1.21453;0;T;True;1
1621263389000;14212794;1.21454;1.2146;1.21457;9;T;True;1
1621263390000;14212800;1.21454;1.2146;1.21457;5;T;True;1
1621263391000;14212804;1.21451;1.21457;1.21454;3;T;True;1
1621263392000;14212805;1.21451;1.21457;1.21454;0;T;True;1
1621263393000;14212812;1.21449;1.21455;1.21452;6;T;True;1
