ts;n;bid;ask;value;volume;phase;round;active_id
1621236462000;14135161;1.21432;1.21438;1.21435;0;T;True;1
1621236463000;14135162;1.21432;1.21438;1.21435;0;T;True;1
1621236464000;14135163;1.21432;1.21438;1.21435;0;T;True;1
1621236465000;14135164;1.21432;1.21438;1.21435;0;T;True;1
1621236466000;14135165;1.21432;1.21438;1.21435;0;T;True;1
1621236467000;14135166;1.21432;1.21438;1.21435;0;T;True;1
1621236468000;14135167;1.21432;1.21438;1.21435;0;T;True;1
1621236469000;14135168;1.21432;1.21438;1.21435;0;T;True;1
1621236470000;14135170;1.21433;1.21439;1.21436;1;T;True;1
1621236471000;14135171;1.21433;1.21439;1.21436;0;T;True;1
1621236472000;14135178;1.21426;1.21432;1.21429;6;T;True;1
1621236473000;14135180;1.21427;1.21433;1.2143;1;T;True;1
1621236474000;14135181;1.21427;1.21433;1.2143;0;T;True;1
1621236475000;14135186;1.21428;1.21434;1.21431;4;T;True;1
1621236476000;14135187;1.21428;1.21434;1.21431;0;T;True;1
1621236477000;14135190;1.21428;1.21434;1.21431;2;T;True;1
1621236478000;14135191;1.21428;1.21434;1.21431;0;T;True;1
1621236479000;14135193;1.21428;1.21434;1.21431;1;T;True;1
1621236480000;14135197;1.21432;1.21438;1.21435;3;T;True;1
1621236481000;14135198;1.21432;1.21438;1.21435;0;T;True;1
1621236482000;14135202;1.21428;1.21434;1.21431;3;T;True;1
1621236483000;14135203;1.21428;1.21434;1.21431;0;T;True;1
1621236484000;14135204;1.21428;1.21434;1.21431;0;T;True;1
1621236485000;14135205;1.21428;1.21434;1.21431;0;T;True;1
1621236486000;14135208;1.21428;1.21434;1.21431;2;T;True;1
1621236487000;14135210;1.21428;1.21434;1.21431;1;T;True;1
1621236488000;14135211;1.21428;1.21434;1.21431;0;T;True;1
1621236489000;14135212;1.21428;1.21434;1.21431;0;T;True;1
1621236490000;14135213;1.21428;1.21434;1.21431;0;T;True;1
1621236491000;14135214;1.21428;1.21434;1.21431;0;T;True;1
1621236492000;14135215;1.21428;1.21434;1.21431;0;T;True;1
1621236493000;14135217;1.21428;1.21434;1.21431;1;T;True;1
1621236494000;14135218;1.21428;1.21434;1.21431;0;T;True;1
1621236495000;14135220;1.21428;1.21434;1.21431;1;T;True;1
1621236496000;14135222;1.21428;1.21434;1.21431;1;T;True;1
1621236497000;14135225;1.2143;1.21436;1.21433;2;T;True;1
1621236498000;14135228;1.2143;1.21436;1.21433;2;T;True;1
1621236499000;14135230;1.2143;1.21436;1.21433;1;T;True;1
1621236500000;14135237;1.21429;1.21435;1.21432;6;T;True;1
1621236501000;14135241;1.21428;1.21434;1.21431;3;T;True;1
1621236502000;14135243;1.21427;1.21433;1.2143;1;T;True;1
1621236503000;14135244;1.21427;1.21433;1.2143;0;T;True;1
1621236504000;14135245;1.21427;1.21433;1.2143;0;T;True;1
1621236505000;14135250;1.2143;1.21436;1.21433;4;T;True;1
1621236506000;14135251;1.2143;1.21436;1.21433;0;T;True;1
1621236507000;14135252;1.2143;1.21436;1.21433;0;T;True;1
1621236508000;14135253;1.2143;1.21436;1.21433;0;T;True;1
1621236509000;14135254;1.2143;1.21436;1.21433;0;T;True;1
1621236510000;14135255;1.2143;1.21436;1.21433;0;T;True;1
1621236511000;14135256;1.2143;1.21436;1.21433;0;T;True;1
1621236512000;14135261;1.21435;1.21441;1.21438;4;T;True;1
1621236513000;14135270;1.21433;1.21439;1.21436;8;T;True;1
1621236514000;14135273;1.21432;1.21438;1.21435;2;T;True;1
1621236515000;14135275;1.21432;1.21438;1.21435;1;T;True;1
1621236516000;14135278;1.21433;1.21439;1.21436;2;T;True;1
1621236517000;14135281;1.21432;1.21438;1.21435;2;T;True;1
1621236518000;14135282;1.21432;1.21438;1.21435;0;T;True;1
1621236519000;14135283;1.21432;1.21438;1.21435;0;T;True;1
1621236520000;14135286;1.21432;1.21438;1.21435;2;T;True;1
1621236521000;14135288;1.21432;1.21438;1.21435;1;T;True;1
1621236522000;14135289;1.21432;1.21438;1.21435;0;T;True;1
1621236523000;14135290;1.21432;1.21438;1.21435;0;T;True;1
1621236524000;14135294;1.21434;1.2144;1.21437;3;T;True;1
1621236525000;14135295;1.21434;1.2144;1.21437;0;T;True;1
1621236526000;14135299;1.21433;1.21439;1.21436;3;T;True;1
1621236527000;14135301;1.21432;1.21438;1.21435;1;T;True;1
1621236528000;14135306;1.21431;1.21437;1.21434;4;T;True;1
1621236529000;14135307;1.21431;1.21437;1.21434;0;T;True;1
1621236530000;14135309;1.2143;1.21436;1.21433;1;T;True;1
1621236531000;14135310;1.2143;1.21436;1.21433;0;T;True;1
1621236532000;14135311;1.2143;1.21436;1.21433;0;T;True;1
1621236533000;14135312;1.2143;1.21436;1.21433;0;T;True;1
1621236534000;14135314;1.2143;1.21436;1.21433;1;T;True;1
1621236535000;14135316;1.2143;1.21436;1.21433;1;T;True;1
1621236536000;14135317;1.2143;1.21436;1.21433;0;T;True;1
1621236537000;14135318;1.2143;1.21436;1.21433;0;T;True;1
1621236538000;14135319;1.2143;1.21436;1.21433;0;T;True;1
1621236539000;14135320;1.2143;1.21436;1.21433;0;T;True;1
1621236540000;14135321;1.2143;1.21436;1.21433;0;T;True;1
1621236541000;14135323;1.2143;1.21436;1.21433;1;T;True;1
1621236542000;14135332;1.21424;1.2143;1.21427;8;T;True;1
1621236543000;14135335;1.21424;1.2143;1.21427;2;T;True;1
1621236544000;14135338;1.21424;1.2143;1.21427;2;T;True;1
1621236545000;14135342;1.21422;1.21428;1.21425;3;T;True;1
1621236546000;14135346;1.21422;1.21428;1.21425;3;T;True;1
1621236547000;14135349;1.21422;1.21428;1.21425;2;T;True;1
1621236548000;14135351;1.21422;1.21428;1.21425;1;T;True;1
1621236549000;14135352;1.21422;1.21428;1.21425;0;T;True;1
1621236550000;14135355;1.21425;1.21431;1.21428;2;T;True;1
1621236551000;14135360;1.21427;1.21433;1.2143;4;T;True;1
1621236552000;14135363;1.2143;1.21436;1.21433;2;T;True;1
1621236553000;14135367;1.21428;1.21434;1.21431;3;T;True;1
1621236554000;14135368;1.21428;1.21434;1.21431;0;T;True;1
1621236555000;14135369;1.21428;1.21434;1.21431;0;T;True;1
1621236556000;14135377;1.21426;1.21432;1.21429;7;T;True;1
1621236557000;14135379;1.21425;1.21431;1.21428;1;T;True;1
1621236558000;14135380;1.21425;1.21431;1.21428;0;T;True;1
1621236559000;14135381;1.21425;1.21431;1.21428;0;T;True;1
1621236560000;14135382;1.21425;1.21431;1.21428;0;T;True;1
1621236561000;14135386;1.21424;1.2143;1.21427;3;T;True;1
1621236562000;14135389;1.21424;1.2143;1.21427;2;T;True;1
1621236563000;14135390;1.21424;1.2143;1.21427;0;T;True;1
1621236564000;14135391;1.21424;1.2143;1.21427;0;T;True;1
1621236565000;14135399;1.21422;1.21428;1.21425;7;T;True;1
1621236566000;14135401;1.21422;1.21428;1.21425;1;T;True;1
1621236567000;14135402;1.21422;1.21428;1.21425;0;T;True;1
1621236568000;14135403;1.21422;1.21428;1.21425;0;T;True;1
1621236569000;14135410;1.21419;1.21425;1.21422;6;T;True;1
1621236570000;14135413;1.2142;1.21426;1.21423;2;T;True;1
1621236571000;14135419;1.21415;1.21421;1.21418;5;T;True;1
1621236572000;14135423;1.21416;1.21422;1.21419;3;T;True;1
1621236573000;14135424;1.21416;1.21422;1.21419;0;T;True;1
1621236574000;14135428;1.21416;1.21422;1.21419;3;T;True;1
1621236575000;14135431;1.21415;1.21421;1.21418;2;T;True;1
1621236576000;14135442;1.2141;1.21416;1.21413;10;T;True;1
1621236577000;14135443;1.2141;1.21416;1.21413;0;T;True;1
1621236578000;14135451;1.21411;1.21417;1.21414;7;T;True;1
1621236579000;14135458;1.21404;1.2141;1.21407;6;T;True;1
1621236580000;14135459;1.21404;1.2141;1.21407;0;T;True;1
1621236581000;14135464;1.21403;1.21409;1.21406;4;T;True;1
1621236582000;14135469;1.21404;1.2141;1.21407;4;T;True;1
1621236583000;14135470;1.21404;1.2141;1.21407;0;T;True;1
1621236584000;14135471;1.21404;1.2141;1.21407;0;T;True;1
1621236585000;14135474;1.21402;1.21408;1.21405;2;T;True;1
1621236586000;14135475;1.21402;1.21408;1.21405;0;T;True;1
1621236587000;14135479;1.21399;1.21405;1.21402;3;T;True;1
1621236588000;14135480;1.21399;1.21405;1.21402;0;T;True;1
1621236589000;14135486;1.21406;1.21412;1.21409;5;T;True;1
1621236590000;14135491;1.21404;1.2141;1.21407;4;T;True;1
1621236591000;14135496;1.21406;1.21412;1.21409;4;T;True;1
1621236592000;14135501;1.21406;1.21412;1.21409;4;T;True;1
1621236593000;14135503;1.21406;1.21412;1.21409;1;T;True;1
1621236594000;14135510;1.21402;1.21408;1.21405;6;T;True;1
1621236595000;14135512;1.21402;1.21408;1.21405;1;T;True;1
1621236596000;14135513;1.21402;1.21408;1.21405;0;T;True;1
1621236597000;14135514;1.21402;1.21408;1.21405;0;T;True;1
1621236598000;14135515;1.21402;1.21408;1.21405;0;T;True;1
1621236599000;14135517;1.21402;1.21408;1.21405;1;T;True;1
1621236600000;14135521;1.21402;1.21408;1.21405;3;T;True;1
1621236601000;14135533;1.214;1.21406;1.21403;11;T;True;1
1621236602000;14135536;1.214;1.21406;1.21403;2;T;True;1
1621236603000;14135538;1.214;1.21406;1.21403;1;T;True;1
1621236604000;14135541;1.214;1.21406;1.21403;2;T;True;1
1621236605000;14135544;1.214;1.21406;1.21403;2;T;True;1
1621236606000;14135548;1.214;1.21406;1.21403;3;T;True;1
1621236607000;14135552;1.214;1.21406;1.21403;3;T;True;1
1621236608000;14135553;1.214;1.21406;1.21403;0;T;True;1
1621236609000;14135556;1.214;1.21406;1.21403;2;T;True;1
1621236610000;14135557;1.214;1.21406;1.21403;0;T;True;1
1621236611000;14135560;1.214;1.21406;1.21403;2;T;True;1
1621236612000;14135564;1.214;1.21406;1.21403;3;T;True;1
1621236613000;14135565;1.214;1.21406;1.21403;0;T;True;1
1621236614000;14135571;1.214;1.21406;1.21403;5;T;True;1
1621236615000;14135576;1.21401;1.21407;1.21404;4;T;True;1
1621236616000;14135580;1.214;1.21406;1.21403;3;T;True;1
1621236617000;14135588;1.21403;1.21409;1.21406;7;T;True;1
1621236618000;14135589;1.21403;1.21409;1.21406;0;T;True;1
1621236619000;14135592;1.21404;1.2141;1.21407;2;T;True;1
1621236620000;14135596;1.21401;1.21407;1.21404;3;T;True;1
1621236621000;14135598;1.214;1.21406;1.21403;1;T;True;1
1621236622000;14135599;1.214;1.21406;1.21403;0;T;True;1
1621236623000;14135600;1.214;1.21406;1.21403;0;T;True;1
1621236624000;14135604;1.214;1.21406;1.21403;3;T;True;1
1621236625000;14135605;1.214;1.21406;1.21403;0;T;True;1
1621236626000;14135608;1.214;1.21406;1.21403;2;T;True;1
1621236627000;14135610;1.214;1.21406;1.21403;1;T;True;1
1621236628000;14135612;1.214;1.21406;1.21403;1;T;True;1
1621236629000;14135617;1.21398;1.21404;1.21401;4;T;True;1
1621236630000;14135619;1.21398;1.21404;1.21401;1;T;True;1
1621236631000;14135623;1.21396;1.21402;1.21399;3;T;True;1
1621236632000;14135636;1.21402;1.21408;1.21405;12;T;True;1
1621236633000;14135641;1.21403;1.21409;1.21406;4;T;True;1
1621236634000;14135645;1.21403;1.21409;1.21406;3;T;True;1
1621236635000;14135649;1.21403;1.21409;1.21406;3;T;True;1
1621236636000;14135653;1.21404;1.2141;1.21407;3;T;True;1
1621236637000;14135655;1.21404;1.2141;1.21407;1;T;True;1
1621236638000;14135656;1.21404;1.2141;1.21407;0;T;True;1
1621236639000;14135657;1.21404;1.2141;1.21407;0;T;True;1
1621236640000;14135658;1.21404;1.2141;1.21407;0;T;True;1
1621236641000;14135662;1.21404;1.2141;1.21407;3;T;True;1
1621236642000;14135665;1.21404;1.2141;1.21407;2;T;True;1
1621236643000;14135669;1.21402;1.21408;1.21405;3;T;True;1
1621236644000;14135675;1.21398;1.21404;1.21401;5;T;True;1
1621236645000;14135678;1.21397;1.21403;1.214;2;T;True;1
1621236646000;14135684;1.21394;1.214;1.21397;5;T;True;1
1621236647000;14135689;1.21396;1.21402;1.21399;4;T;True;1
1621236648000;14135699;1.21396;1.21402;1.21399;9;T;True;1
1621236649000;14135710;1.21394;1.214;1.21397;10;T;True;1
1621236650000;14135715;1.21394;1.214;1.21397;4;T;True;1
1621236651000;14135719;1.21394;1.214;1.21397;3;T;True;1
1621236652000;14135723;1.21394;1.214;1.21397;3;T;True;1
1621236653000;14135729;1.21392;1.21398;1.21395;5;T;True;1
1621236654000;14135735;1.21391;1.21397;1.21394;5;T;True;1
1621236655000;14135741;1.21391;1.21397;1.21394;5;T;True;1
1621236656000;14135744;1.21392;1.21398;1.21395;2;T;True;1
1621236657000;14135749;1.21391;1.21397;1.21394;4;T;True;1
1621236658000;14135751;1.21392;1.21398;1.21395;1;T;True;1
1621236659000;14135752;1.21392;1.21398;1.21395;0;T;True;1
1621236660000;14135767;1.21383;1.21389;1.21386;14;T;True;1
1621236661000;14135773;1.21383;1.21389;1.21386;5;T;True;1
1621236662000;14135783;1.21386;1.21392;1.21389;9;T;True;1
1621236663000;14135789;1.21386;1.21392;1.21389;5;T;True;1
1621236664000;14135790;1.21386;1.21392;1.21389;0;T;True;1
1621236665000;14135791;1.21386;1.21392;1.21389;0;T;True;1
1621236666000;14135799;1.21388;1.21394;1.21391;7;T;True;1
1621236667000;14135808;1.2139;1.21396;1.21393;8;T;True;1
1621236668000;14135810;1.2139;1.21396;1.21393;1;T;True;1
1621236669000;14135815;1.2139;1.21396;1.21393;4;T;True;1
1621236670000;14135822;1.21392;1.21398;1.21395;6;T;True;1
1621236671000;14135829;1.21383;1.21389;1.21386;6;T;True;1
1621236672000;14135835;1.21384;1.2139;1.21387;5;T;True;1
1621236673000;14135838;1.21384;1.2139;1.21387;2;T;True;1
1621236674000;14135845;1.21383;1.21389;1.21386;6;T;True;1
1621236675000;14135863;1.21387;1.21393;1.2139;17;T;True;1
1621236676000;14135881;1.21387;1.21393;1.2139;17;T;True;1
1621236677000;14135882;1.21387;1.21393;1.2139;0;T;True;1
1621236678000;14135888;1.21388;1.21394;1.21391;5;T;True;1
1621236679000;14135898;1.21386;1.21392;1.21389;9;T;True;1
1621236680000;14135900;1.21386;1.21392;1.21389;1;T;True;1
1621236681000;14135901;1.21386;1.21392;1.21389;0;T;True;1
1621236682000;14135902;1.21386;1.21392;1.21389;0;T;True;1
1621236683000;14135909;1.21389;1.21395;1.21392;6;T;True;1
1621236684000;14135913;1.21389;1.21395;1.21392;3;T;True;1
1621236685000;14135919;1.21386;1.21392;1.21389;5;T;True;1
1621236686000;14135920;1.21386;1.21392;1.21389;0;T;True;1
1621236687000;14135921;1.21386;1.21392;1.21389;0;T;True;1
1621236688000;14135925;1.21386;1.21392;1.21389;3;T;True;1
1621236689000;14135932;1.21383;1.21389;1.21386;6;T;True;1
1621236690000;14135938;1.21381;1.21387;1.21384;5;T;True;1
1621236691000;14135947;1.2138;1.21386;1.21383;8;T;True;1
1621236692000;14135951;1.2138;1.21386;1.21383;3;T;True;1
1621236693000;14135963;1.2138;1.21386;1.21383;11;T;True;1
1621236694000;14135969;1.2138;1.21386;1.21383;5;T;True;1
1621236695000;14135975;1.2138;1.21386;1.21383;5;T;True;1
1621236696000;14135976;1.2138;1.21386;1.21383;0;T;True;1
1621236697000;14135981;1.21382;1.21388;1.21385;4;T;True;1
1621236698000;14135987;1.21382;1.21388;1.21385;5;T;True;1
1621236699000;14135997;1.2138;1.21386;1.21383;9;T;True;1
1621236700000;14136002;1.2138;1.21386;1.21383;4;T;True;1
1621236701000;14136008;1.21382;1.21388;1.21385;5;T;True;1
1621236702000;14136014;1.21381;1.21387;1.21384;5;T;True;1
1621236703000;14136020;1.21382;1.21388;1.21385;5;T;True;1
1621236704000;14136023;1.21382;1.21388;1.21385;2;T;True;1
1621236705000;14136029;1.21384;1.2139;1.21387;5;T;True;1
1621236706000;14136038;1.21382;1.21388;1.21385;8;T;True;1
1621236707000;14136045;1.21378;1.21384;1.21381;6;T;True;1
1621236708000;14136050;1.21378;1.21384;1.21381;4;T;True;1
1621236709000;14136055;1.21378;1.21384;1.21381;4;T;True;1
1621236710000;14136061;1.21375;1.21381;1.21378;5;T;True;1
1621236711000;14136069;1.21375;1.21381;1.21378;7;T;True;1
1621236712000;14136070;1.21375;1.21381;1.21378;0;T;True;1
1621236713000;14136074;1.21378;1.21384;1.21381;3;T;True;1
1621236714000;14136077;1.21378;1.21384;1.21381;2;T;True;1
1621236715000;14136080;1.21376;1.21382;1.21379;2;T;True;1
1621236716000;14136082;1.21376;1.21382;1.21379;1;T;True;1
1621236717000;14136083;1.21376;1.21382;1.21379;0;T;True;1
1621236718000;14136087;1.21378;1.21384;1.21381;3;T;True;1
1621236719000;14136090;1.21376;1.21382;1.21379;2;T;True;1
1621236720000;14136093;1.21376;1.21382;1.21379;2;T;True;1
1621236721000;14136100;1.21376;1.21382;1.21379;6;T;True;1
1621236722000;14136104;1.21376;1.21382;1.21379;3;T;True;1
1621236723000;14136107;1.21376;1.21382;1.21379;2;T;True;1
1621236724000;14136122;1.21384;1.2139;1.21387;14;T;True;1
1621236725000;14136130;1.21382;1.21388;1.21385;7;T;True;1
1621236726000;14136135;1.21382;1.21388;1.21385;4;T;True;1
1621236727000;14136140;1.21384;1.2139;1.21387;4;T;True;1
1621236728000;14136144;1.21382;1.21388;1.21385;3;T;True;1
1621236729000;14136150;1.21383;1.21389;1.21386;5;T;True;1
1621236730000;14136155;1.21382;1.21388;1.21385;4;T;True;1
1621236731000;14136160;1.21381;1.21387;1.21384;4;T;True;1
1621236732000;14136166;1.21382;1.21388;1.21385;5;T;True;1
1621236733000;14136179;1.21384;1.2139;1.21387;12;T;True;1
1621236734000;14136184;1.21382;1.21388;1.21385;4;T;True;1
1621236735000;14136185;1.21382;1.21388;1.21385;0;T;True;1
1621236736000;14136189;1.21384;1.2139;1.21387;3;T;True;1
1621236737000;14136191;1.21384;1.2139;1.21387;1;T;True;1
1621236738000;14136192;1.21384;1.2139;1.21387;0;T;True;1
1621236739000;14136197;1.21382;1.21388;1.21385;4;T;True;1
1621236740000;14136206;1.21383;1.21389;1.21386;8;T;True;1
1621236741000;14136209;1.21382;1.21388;1.21385;2;T;True;1
1621236742000;14136217;1.21381;1.21387;1.21384;7;T;True;1
1621236743000;14136221;1.21382;1.21388;1.21385;3;T;True;1
1621236744000;14136232;1.21378;1.21384;1.21381;10;T;True;1
1621236745000;14136240;1.21376;1.21382;1.21379;7;T;True;1
1621236746000;14136241;1.21376;1.21382;1.21379;0;T;True;1
1621236747000;14136242;1.21376;1.21382;1.21379;0;T;True;1
1621236748000;14136243;1.21376;1.21382;1.21379;0;T;True;1
1621236749000;14136246;1.21376;1.21382;1.21379;2;T;True;1
1621236750000;14136256;1.21378;1.21384;1.21381;9;T;True;1
1621236751000;14136258;1.21378;1.21384;1.21381;1;T;True;1
1621236752000;14136268;1.21381;1.21387;1.21384;9;T;True;1
1621236753000;14136271;1.21381;1.21387;1.21384;2;T;True;1
1621236754000;14136272;1.21381;1.21387;1.21384;0;T;True;1
1621236755000;14136279;1.21382;1.21388;1.21385;6;T;True;1
1621236756000;14136283;1.21382;1.21388;1.21385;3;T;True;1
1621236757000;14136288;1.21381;1.21387;1.21384;4;T;True;1
1621236758000;14136289;1.21381;1.21387;1.21384;0;T;True;1
1621236759000;14136295;1.21381;1.21387;1.21384;5;T;True;1
1621236760000;14136299;1.21382;1.21388;1.21385;3;T;True;1
1621236761000;14136305;1.21382;1.21388;1.21385;5;T;True;1
1621236762000;14136308;1.21381;1.21387;1.21384;2;T;True;1
1621236763000;14136312;1.21381;1.21387;1.21384;3;T;True;1
1621236764000;14136313;1.21381;1.21387;1.21384;0;T;True;1
1621236765000;14136317;1.21382;1.21388;1.21385;3;T;True;1
1621236766000;14136318;1.21382;1.21388;1.21385;0;T;True;1
1621236767000;14136320;1.21382;1.21388;1.21385;1;T;True;1
1621236768000;14136321;1.21382;1.21388;1.21385;0;T;True;1
1621236769000;14136322;1.21382;1.21388;1.21385;0;T;True;1
1621236770000;14136326;1.21382;1.21388;1.21385;3;T;True;1
1621236771000;14136330;1.21382;1.21388;1.21385;3;T;True;1
1621236772000;14136331;1.21382;1.21388;1.21385;0;T;True;1
1621236773000;14136332;1.21382;1.21388;1.21385;0;T;True;1
1621236774000;14136342;1.21377;1.21383;1.2138;9;T;True;1
1621236775000;14136351;1.21377;1.21383;1.2138;8;T;True;1
1621236776000;14136355;1.21378;1.21384;1.21381;3;T;True;1
1621236777000;14136365;1.21379;1.21385;1.21382;9;T;True;1
1621236778000;14136372;1.21378;1.21384;1.21381;6;T;True;1
1621236779000;14136384;1.2138;1.21386;1.21383;11;T;True;1
1621236780000;14136388;1.2138;1.21386;1.21383;3;T;True;1
1621236781000;14136394;1.21382;1.21388;1.21385;5;T;True;1
1621236782000;14136405;1.21378;1.21384;1.21381;10;T;True;1
1621236783000;14136409;1.21377;1.21383;1.2138;3;T;True;1
1621236784000;14136416;1.2138;1.21386;1.21383;6;T;True;1
1621236785000;14136419;1.2138;1.21386;1.21383;2;T;True;1
1621236786000;14136422;1.2138;1.21386;1.21383;2;T;True;1
1621236787000;14136426;1.21381;1.21387;1.21384;3;T;True;1
1621236788000;14136428;1.21381;1.21387;1.21384;1;T;True;1
1621236789000;14136430;1.21381;1.21387;1.21384;1;T;True;1
1621236790000;14136436;1.21382;1.21388;1.21385;5;T;True;1
1621236791000;14136439;1.21382;1.21388;1.21385;2;T;True;1
1621236792000;14136440;1.21382;1.21388;1.21385;0;T;True;1
1621236793000;14136441;1.21382;1.21388;1.21385;0;T;True;1
1621236794000;14136449;1.21381;1.21387;1.21384;7;T;True;1
1621236795000;14136454;1.21382;1.21388;1.21385;4;T;True;1
1621236796000;14136456;1.21382;1.21388;1.21385;1;T;True;1
1621236797000;14136459;1.21382;1.21388;1.21385;2;T;True;1
1621236798000;14136460;1.21382;1.21388;1.21385;0;T;True;1
1621236799000;14136461;1.21382;1.21388;1.21385;0;T;True;1
1621236800000;14136462;1.21382;1.21388;1.21385;0;T;True;1
1621236801000;14136466;1.21384;1.2139;1.21387;3;T;True;1
1621236802000;14136473;1.21384;1.2139;1.21387;6;T;True;1
1621236803000;14136477;1.21384;1.2139;1.21387;3;T;True;1
1621236804000;14136478;1.21384;1.2139;1.21387;0;T;True;1
1621236805000;14136479;1.21384;1.2139;1.21387;0;T;True;1
1621236806000;14136480;1.21384;1.2139;1.21387;0;T;True;1
1621236807000;14136484;1.21382;1.21388;1.21385;3;T;True;1
1621236808000;14136485;1.21382;1.21388;1.21385;0;T;True;1
1621236809000;14136486;1.21382;1.21388;1.21385;0;T;True;1
1621236810000;14136498;1.21384;1.2139;1.21387;11;T;True;1
1621236811000;14136501;1.21382;1.21388;1.21385;2;T;True;1
1621236812000;14136505;1.21383;1.21389;1.21386;3;T;True;1
1621236813000;14136507;1.21382;1.21388;1.21385;1;T;True;1
1621236814000;14136509;1.21382;1.21388;1.21385;1;T;True;1
1621236815000;14136512;1.21382;1.21388;1.21385;2;T;True;1
1621236816000;14136513;1.21382;1.21388;1.21385;0;T;True;1
1621236817000;14136515;1.21382;1.21388;1.21385;1;T;True;1
1621236818000;14136516;1.21382;1.21388;1.21385;0;T;True;1
1621236819000;14136518;1.21382;1.21388;1.21385;1;T;True;1
1621236820000;14136519;1.21382;1.21388;1.21385;0;T;True;1
1621236821000;14136521;1.21382;1.21388;1.21385;1;T;True;1
1621236822000;14136523;1.21382;1.21388;1.21385;1;T;True;1
1621236823000;14136524;1.21382;1.21388;1.21385;0;T;True;1
1621236824000;14136526;1.21382;1.21388;1.21385;1;T;True;1
1621236825000;14136527;1.21382;1.21388;1.21385;0;T;True;1
1621236826000;14136528;1.21382;1.21388;1.21385;0;T;True;1
1621236827000;14136529;1.21382;1.21388;1.21385;0;T;True;1
1621236828000;14136530;1.21382;1.21388;1.21385;0;T;True;1
1621236829000;14136535;1.21384;1.2139;1.21387;4;T;True;1
1621236830000;14136538;1.21386;1.21392;1.21389;2;T;True;1
1621236831000;14136539;1.21386;1.21392;1.21389;0;T;True;1
1621236832000;14136541;1.21384;1.2139;1.21387;1;T;True;1
1621236833000;14136545;1.21384;1.2139;1.21387;3;T;True;1
1621236834000;14136546;1.21384;1.2139;1.21387;0;T;True;1
1621236835000;14136550;1.21382;1.21388;1.21385;3;T;True;1
1621236836000;14136551;1.21382;1.21388;1.21385;0;T;True;1
1621236837000;14136552;1.21382;1.21388;1.21385;0;T;True;1
1621236838000;14136554;1.21382;1.21388;1.21385;1;T;True;1
1621236839000;14136556;1.21382;1.21388;1.21385;1;T;True;1
1621236840000;14136559;1.2138;1.21386;1.21383;2;T;True;1
1621236841000;14136561;1.2138;1.21386;1.21383;1;T;True;1
1621236842000;14136568;1.21383;1.21389;1.21386;6;T;True;1
1621236843000;14136569;1.21383;1.21389;1.21386;0;T;True;1
1621236844000;14136570;1.21383;1.21389;1.21386;0;T;True;1
1621236845000;14136571;1.21383;1.21389;1.21386;0;T;True;1
1621236846000;14136572;1.21383;1.21389;1.21386;0;T;True;1
1621236847000;14136577;1.21386;1.21392;1.21389;4;T;True;1
1621236848000;14136589;1.21392;1.21398;1.21395;11;T;True;1
1621236849000;14136591;1.21392;1.21398;1.21395;1;T;True;1
1621236850000;14136592;1.21392;1.21398;1.21395;0;T;True;1
1621236851000;14136593;1.21392;1.21398;1.21395;0;T;True;1
1621236852000;14136594;1.21392;1.21398;1.21395;0;T;True;1
1621236853000;14136595;1.21392;1.21398;1.21395;0;T;True;1
1621236854000;14136596;1.21392;1.21398;1.21395;0;T;True;1
1621236855000;14136598;1.21391;1.21397;1.21394;1;T;True;1
1621236856000;14136599;1.21391;1.21397;1.21394;0;T;True;1
1621236857000;14136600;1.21391;1.21397;1.21394;0;T;True;1
1621236858000;14136604;1.2139;1.21396;1.21393;3;T;True;1
1621236859000;14136605;1.2139;1.21396;1.21393;0;T;True;1
1621236860000;14136606;1.2139;1.21396;1.21393;0;T;True;1
1621236861000;14136609;1.2139;1.21396;1.21393;2;T;True;1
1621236862000;14136611;1.21388;1.21394;1.21391;1;T;True;1
1621236863000;14136615;1.21388;1.21394;1.21391;3;T;True;1
1621236864000;14136619;1.21388;1.21394;1.21391;3;T;True;1
1621236865000;14136623;1.2139;1.21396;1.21393;3;T;True;1
1621236866000;14136624;1.2139;1.21396;1.21393;0;T;True;1
1621236867000;14136625;1.2139;1.21396;1.21393;0;T;True;1
1621236868000;14136628;1.21391;1.21397;1.21394;2;T;True;1
1621236869000;14136629;1.21391;1.21397;1.21394;0;T;True;1
1621236870000;14136630;1.21391;1.21397;1.21394;0;T;True;1
1621236871000;14136631;1.21391;1.21397;1.21394;0;T;True;1
1621236872000;14136633;1.21391;1.21397;1.21394;1;T;True;1
1621236873000;14136637;1.21392;1.21398;1.21395;3;T;True;1
1621236874000;14136638;1.21392;1.21398;1.21395;0;T;True;1
1621236875000;14136645;1.21396;1.21402;1.21399;6;T;True;1
1621236876000;14136647;1.21396;1.21402;1.21399;1;T;True;1
1621236877000;14136650;1.21396;1.21402;1.21399;2;T;True;1
1621236878000;14136651;1.21396;1.21402;1.21399;0;T;True;1
1621236879000;14136652;1.21396;1.21402;1.21399;0;T;True;1
1621236880000;14136656;1.21398;1.21404;1.21401;3;T;True;1
1621236881000;14136658;1.21398;1.21404;1.21401;1;T;True;1
1621236882000;14136659;1.21398;1.21404;1.21401;0;T;True;1
1621236883000;14136660;1.21398;1.21404;1.21401;0;T;True;1
1621236884000;14136661;1.21398;1.21404;1.21401;0;T;True;1
1621236885000;14136662;1.21398;1.21404;1.21401;0;T;True;1
1621236886000;14136665;1.21398;1.21404;1.21401;2;T;True;1
1621236887000;14136667;1.21398;1.21404;1.21401;1;T;True;1
1621236888000;14136668;1.21398;1.21404;1.21401;0;T;True;1
1621236889000;14136669;1.21398;1.21404;1.21401;0;T;True;1
1621236890000;14136673;1.21398;1.21404;1.21401;3;T;True;1
1621236891000;14136675;1.21398;1.21404;1.21401;1;T;True;1
1621236892000;14136677;1.21398;1.21404;1.21401;1;T;True;1
1621236893000;14136678;1.21398;1.21404;1.21401;0;T;True;1
1621236894000;14136680;1.21398;1.21404;1.21401;1;T;True;1
1621236895000;14136682;1.21399;1.21405;1.21402;1;T;True;1
1621236896000;14136683;1.21399;1.21405;1.21402;0;T;True;1
1621236897000;14136685;1.21398;1.21404;1.21401;1;T;True;1
1621236898000;14136687;1.21398;1.21404;1.21401;1;T;True;1
1621236899000;14136688;1.21398;1.21404;1.21401;0;T;True;1
1621236900000;14136689;1.21398;1.21404;1.21401;0;T;True;1
1621236901000;14136693;1.21396;1.21402;1.21399;3;T;True;1
1621236902000;14136698;1.21397;1.21403;1.214;4;T;True;1
1621236903000;14136699;1.21397;1.21403;1.214;0;T;True;1
1621236904000;14136701;1.21398;1.21404;1.21401;1;T;True;1
1621236905000;14136711;1.21399;1.21405;1.21402;9;T;True;1
1621236906000;14136712;1.21399;1.21405;1.21402;0;T;True;1
1621236907000;14136713;1.21399;1.21405;1.21402;0;T;True;1
1621236908000;14136717;1.21397;1.21403;1.214;3;T;True;1
1621236909000;14136721;1.21398;1.21404;1.21401;3;T;True;1
1621236910000;14136728;1.21402;1.21408;1.21405;6;T;True;1
1621236911000;14136729;1.21402;1.21408;1.21405;0;T;True;1
1621236912000;14136730;1.21402;1.21408;1.21405;0;T;True;1
1621236913000;14136732;1.21403;1.21409;1.21406;1;T;True;1
1621236914000;14136742;1.2141;1.21416;1.21413;9;T;True;1
1621236915000;14136744;1.21409;1.21415;1.21412;1;T;True;1
1621236916000;14136745;1.21409;1.21415;1.21412;0;T;True;1
1621236917000;14136749;1.21411;1.21417;1.21414;3;T;True;1
1621236918000;14136753;1.2141;1.21416;1.21413;3;T;True;1
1621236919000;14136755;1.2141;1.21416;1.21413;1;T;True;1
1621236920000;14136759;1.2141;1.21416;1.21413;3;T;True;1
1621236921000;14136763;1.21414;1.2142;1.21417;3;T;True;1
1621236922000;14136764;1.21414;1.2142;1.21417;0;T;True;1
1621236923000;14136766;1.21412;1.21418;1.21415;1;T;True;1
1621236924000;14136767;1.21412;1.21418;1.21415;0;T;True;1
1621236925000;14136768;1.21412;1.21418;1.21415;0;T;True;1
1621236926000;14136769;1.21412;1.21418;1.21415;0;T;True;1
1621236927000;14136770;1.21412;1.21418;1.21415;0;T;True;1
1621236928000;14136771;1.21412;1.21418;1.21415;0;T;True;1
1621236929000;14136772;1.21412;1.21418;1.21415;0;T;True;1
1621236930000;14136774;1.21411;1.21417;1.21414;1;T;True;1
1621236931000;14136775;1.21411;1.21417;1.21414;0;T;True;1
1621236932000;14136778;1.21411;1.21417;1.21414;2;T;True;1
1621236933000;14136779;1.21411;1.21417;1.21414;0;T;True;1
1621236934000;14136780;1.21411;1.21417;1.21414;0;T;True;1
1621236935000;14136781;1.21411;1.21417;1.21414;0;T;True;1
1621236936000;14136782;1.21411;1.21417;1.21414;0;T;True;1
1621236937000;14136783;1.21411;1.21417;1.21414;0;T;True;1
1621236938000;14136789;1.21406;1.21412;1.21409;5;T;True;1
1621236939000;14136790;1.21406;1.21412;1.21409;0;T;True;1
1621236940000;14136792;1.21405;1.21411;1.21408;1;T;True;1
1621236941000;14136794;1.21406;1.21412;1.21409;1;T;True;1
1621236942000;14136796;1.21408;1.21414;1.21411;1;T;True;1
1621236943000;14136798;1.21408;1.21414;1.21411;1;T;True;1
1621236944000;14136803;1.2141;1.21416;1.21413;4;T;True;1
1621236945000;14136808;1.21412;1.21418;1.21415;4;T;True;1
1621236946000;14136809;1.21412;1.21418;1.21415;0;T;True;1
1621236947000;14136811;1.21412;1.21418;1.21415;1;T;True;1
1621236948000;14136813;1.21413;1.21419;1.21416;1;T;True;1
1621236949000;14136825;1.21422;1.21428;1.21425;11;T;True;1
1621236950000;14136828;1.21422;1.21428;1.21425;2;T;True;1
1621236951000;14136830;1.21422;1.21428;1.21425;1;T;True;1
1621236952000;14136831;1.21422;1.21428;1.21425;0;T;True;1
1621236953000;14136832;1.21422;1.21428;1.21425;0;T;True;1
1621236954000;14136835;1.21423;1.21429;1.21426;2;T;True;1
1621236955000;14136837;1.21424;1.2143;1.21427;1;T;True;1
1621236956000;14136838;1.21424;1.2143;1.21427;0;T;True;1
1621236957000;14136840;1.21424;1.2143;1.21427;1;T;True;1
1621236958000;14136847;1.21422;1.21428;1.21425;6;T;True;1
1621236959000;14136851;1.21423;1.21429;1.21426;3;T;True;1
1621236960000;14136852;1.21423;1.21429;1.21426;0;T;True;1
1621236961000;14136855;1.21423;1.21429;1.21426;2;T;True;1
1621236962000;14136859;1.21422;1.21428;1.21425;3;T;True;1
1621236963000;14136862;1.21422;1.21428;1.21425;2;T;True;1
1621236964000;14136864;1.21422;1.21428;1.21425;1;T;True;1
1621236965000;14136870;1.21421;1.21427;1.21424;5;T;True;1
1621236966000;14136871;1.21421;1.21427;1.21424;0;T;True;1
1621236967000;14136872;1.21421;1.21427;1.21424;0;T;True;1
1621236968000;14136873;1.21421;1.21427;1.21424;0;T;True;1
1621236969000;14136874;1.21421;1.21427;1.21424;0;T;True;1
1621236970000;14136875;1.21421;1.21427;1.21424;0;T;True;1
1621236971000;14136882;1.2142;1.21426;1.21423;6;T;True;1
1621236972000;14136885;1.21418;1.21424;1.21421;2;T;True;1
1621236973000;14136886;1.21418;1.21424;1.21421;0;T;True;1
1621236974000;14136891;1.21417;1.21423;1.2142;4;T;True;1
1621236975000;14136892;1.21417;1.21423;1.2142;0;T;True;1
1621236976000;14136893;1.21417;1.21423;1.2142;0;T;True;1
1621236977000;14136894;1.21417;1.21423;1.2142;0;T;True;1
1621236978000;14136896;1.21416;1.21422;1.21419;1;T;True;1
1621236979000;14136899;1.21417;1.21423;1.2142;2;T;True;1
1621236980000;14136902;1.21415;1.21421;1.21418;2;T;True;1
1621236981000;14136903;1.21415;1.21421;1.21418;0;T;True;1
1621236982000;14136910;1.21412;1.21418;1.21415;6;T;True;1
1621236983000;14136914;1.21413;1.21419;1.21416;3;T;True;1
1621236984000;14136915;1.21413;1.21419;1.21416;0;T;True;1
1621236985000;14136918;1.21416;1.21422;1.21419;2;T;True;1
1621236986000;14136919;1.21416;1.21422;1.21419;0;T;True;1
1621236987000;14136920;1.21416;1.21422;1.21419;0;T;True;1
1621236988000;14136921;1.21416;1.21422;1.21419;0;T;True;1
1621236989000;14136922;1.21416;1.21422;1.21419;0;T;True;1
1621236990000;14136923;1.21416;1.21422;1.21419;0;T;True;1
1621236991000;14136924;1.21416;1.21422;1.21419;0;T;True;1
1621236992000;14136925;1.21416;1.21422;1.21419;0;T;True;1
1621236993000;14136926;1.21416;1.21422;1.21419;0;T;True;1
1621236994000;14136935;1.2141;1.21416;1.21413;8;T;True;1
1621236995000;14136940;1.21411;1.21417;1.21414;4;T;True;1
1621236996000;14136941;1.21411;1.21417;1.21414;0;T;True;1
1621236997000;14136943;1.21411;1.21417;1.21414;1;T;True;1
1621236998000;14136945;1.21411;1.21417;1.21414;1;T;True;1
1621236999000;14136949;1.21412;1.21418;1.21415;3;T;True;1
1621237000000;14136950;1.21412;1.21418;1.21415;0;T;True;1
1621237001000;14136951;1.21412;1.21418;1.21415;0;T;True;1
1621237002000;14136955;1.21411;1.21417;1.21414;3;T;True;1
1621237003000;14136958;1.21411;1.21417;1.21414;2;T;True;1
1621237004000;14136961;1.21412;1.21418;1.21415;2;T;True;1
1621237005000;14136970;1.21413;1.21419;1.21416;8;T;True;1
1621237006000;14136984;1.21416;1.21422;1.21419;13;T;True;1
1621237007000;14136986;1.21416;1.21422;1.21419;1;T;True;1
1621237008000;14136989;1.21417;1.21423;1.2142;2;T;True;1
1621237009000;14136990;1.21417;1.21423;1.2142;0;T;True;1
1621237010000;14136991;1.21417;1.21423;1.2142;0;T;True;1
1621237011000;14136994;1.21417;1.21423;1.2142;2;T;True;1
1621237012000;14136995;1.21417;1.21423;1.2142;0;T;True;1
1621237013000;14137000;1.21413;1.21419;1.21416;4;T;True;1
1621237014000;14137006;1.21413;1.21419;1.21416;5;T;True;1
1621237015000;14137010;1.21413;1.21419;1.21416;3;T;True;1
1621237016000;14137013;1.21414;1.2142;1.21417;2;T;True;1
1621237017000;14137014;1.21414;1.2142;1.21417;0;T;True;1
1621237018000;14137016;1.21414;1.2142;1.21417;1;T;True;1
1621237019000;14137019;1.21413;1.21419;1.21416;2;T;True;1
1621237020000;14137025;1.21414;1.2142;1.21417;5;T;True;1
1621237021000;14137028;1.21413;1.21419;1.21416;2;T;True;1
1621237022000;14137032;1.21413;1.21419;1.21416;3;T;True;1
1621237023000;14137035;1.21414;1.2142;1.21417;2;T;True;1
1621237024000;14137037;1.21415;1.21421;1.21418;1;T;True;1
1621237025000;14137038;1.21415;1.21421;1.21418;0;T;True;1
1621237026000;14137039;1.21415;1.21421;1.21418;0;T;True;1
1621237027000;14137040;1.21415;1.21421;1.21418;0;T;True;1
1621237028000;14137041;1.21415;1.21421;1.21418;0;T;True;1
1621237029000;14137043;1.21414;1.2142;1.21417;1;T;True;1
1621237030000;14137048;1.21418;1.21424;1.21421;4;T;True;1
1621237031000;14137051;1.2142;1.21426;1.21423;2;T;True;1
1621237032000;14137052;1.2142;1.21426;1.21423;0;T;True;1
1621237033000;14137055;1.21421;1.21427;1.21424;2;T;True;1
1621237034000;14137058;1.21422;1.21428;1.21425;2;T;True;1
1621237035000;14137059;1.21422;1.21428;1.21425;0;T;True;1
1621237036000;14137060;1.21422;1.21428;1.21425;0;T;True;1
1621237037000;14137063;1.2142;1.21426;1.21423;2;T;True;1
1621237038000;14137064;1.2142;1.21426;1.21423;0;T;True;1
1621237039000;14137065;1.2142;1.21426;1.21423;0;T;True;1
1621237040000;14137066;1.2142;1.21426;1.21423;0;T;True;1
1621237041000;14137067;1.2142;1.21426;1.21423;0;T;True;1
1621237042000;14137069;1.21419;1.21425;1.21422;1;T;True;1
1621237043000;14137070;1.21419;1.21425;1.21422;0;T;True;1
1621237044000;14137074;1.21417;1.21423;1.2142;3;T;True;1
1621237045000;14137076;1.21417;1.21423;1.2142;1;T;True;1
1621237046000;14137077;1.21417;1.21423;1.2142;0;T;True;1
1621237047000;14137080;1.21416;1.21422;1.21419;2;T;True;1
1621237048000;14137081;1.21416;1.21422;1.21419;0;T;True;1
1621237049000;14137083;1.21415;1.21421;1.21418;1;T;True;1
1621237050000;14137085;1.21414;1.2142;1.21417;1;T;True;1
1621237051000;14137086;1.21414;1.2142;1.21417;0;T;True;1
1621237052000;14137090;1.21412;1.21418;1.21415;3;T;True;1
1621237053000;14137093;1.21414;1.2142;1.21417;2;T;True;1
1621237054000;14137094;1.21414;1.2142;1.21417;0;T;True;1
1621237055000;14137095;1.21414;1.2142;1.21417;0;T;True;1
1621237056000;14137096;1.21414;1.2142;1.21417;0;T;True;1
1621237057000;14137097;1.21414;1.2142;1.21417;0;T;True;1
1621237058000;14137101;1.21414;1.2142;1.21417;3;T;True;1
1621237059000;14137103;1.21414;1.2142;1.21417;1;T;True;1
1621237060000;14137112;1.21403;1.21409;1.21406;8;T;True;1
1621237061000;14137114;1.21402;1.21408;1.21405;1;T;True;1
1621237062000;14137115;1.21402;1.21408;1.21405;0;T;True;1
1621237063000;14137116;1.21402;1.21408;1.21405;0;T;True;1
1621237064000;14137119;1.21401;1.21407;1.21404;2;T;True;1
1621237065000;14137123;1.21402;1.21408;1.21405;3;T;True;1
1621237066000;14137124;1.21402;1.21408;1.21405;0;T;True;1
1621237067000;14137125;1.21402;1.21408;1.21405;0;T;True;1
1621237068000;14137127;1.21403;1.21409;1.21406;1;T;True;1
1621237069000;14137129;1.21402;1.21408;1.21405;1;T;True;1
1621237070000;14137133;1.21402;1.21408;1.21405;3;T;True;1
1621237071000;14137140;1.21402;1.21408;1.21405;6;T;True;1
1621237072000;14137141;1.21402;1.21408;1.21405;0;T;True;1
1621237073000;14137143;1.21403;1.21409;1.21406;1;T;True;1
1621237074000;14137145;1.21401;1.21407;1.21404;1;T;True;1
1621237075000;14137146;1.21401;1.21407;1.21404;0;T;True;1
1621237076000;14137147;1.21401;1.21407;1.21404;0;T;True;1
1621237077000;14137148;1.21401;1.21407;1.21404;0;T;True;1
1621237078000;14137149;1.21401;1.21407;1.21404;0;T;True;1
1621237079000;14137151;1.21401;1.21407;1.21404;1;T;True;1
1621237080000;14137152;1.21401;1.21407;1.21404;0;T;True;1
1621237081000;14137154;1.21401;1.21407;1.21404;1;T;True;1
1621237082000;14137155;1.21401;1.21407;1.21404;0;T;True;1
1621237083000;14137157;1.214;1.21406;1.21403;1;T;True;1
1621237084000;14137163;1.214;1.21406;1.21403;5;T;True;1
1621237085000;14137166;1.214;1.21406;1.21403;2;T;True;1
1621237086000;14137168;1.21399;1.21405;1.21402;1;T;True;1
1621237087000;14137174;1.21395;1.21401;1.21398;5;T;True;1
1621237088000;14137177;1.21394;1.214;1.21397;2;T;True;1
1621237089000;14137178;1.21394;1.214;1.21397;0;T;True;1
1621237090000;14137180;1.21396;1.21402;1.21399;1;T;True;1
1621237091000;14137185;1.21394;1.214;1.21397;4;T;True;1
1621237092000;14137188;1.21396;1.21402;1.21399;2;T;True;1
1621237093000;14137193;1.21399;1.21405;1.21402;4;T;True;1
1621237094000;14137194;1.21399;1.21405;1.21402;0;T;True;1
1621237095000;14137200;1.21404;1.2141;1.21407;5;T;True;1
1621237096000;14137205;1.21405;1.21411;1.21408;4;T;True;1
1621237097000;14137207;1.21404;1.2141;1.21407;1;T;True;1
1621237098000;14137215;1.21401;1.21407;1.21404;7;T;True;1
1621237099000;14137218;1.21401;1.21407;1.21404;2;T;True;1
1621237100000;14137219;1.21401;1.21407;1.21404;0;T;True;1
1621237101000;14137220;1.21401;1.21407;1.21404;0;T;True;1
1621237102000;14137221;1.21401;1.21407;1.21404;0;T;True;1
1621237103000;14137222;1.21401;1.21407;1.21404;0;T;True;1
1621237104000;14137223;1.21401;1.21407;1.21404;0;T;True;1
1621237105000;14137227;1.21399;1.21405;1.21402;3;T;True;1
1621237106000;14137228;1.21399;1.21405;1.21402;0;T;True;1
1621237107000;14137236;1.214;1.21406;1.21403;7;T;True;1
1621237108000;14137237;1.214;1.21406;1.21403;0;T;True;1
1621237109000;14137238;1.214;1.21406;1.21403;0;T;True;1
1621237110000;14137239;1.214;1.21406;1.21403;0;T;True;1
1621237111000;14137243;1.214;1.21406;1.21403;3;T;True;1
1621237112000;14137246;1.214;1.21406;1.21403;2;T;True;1
1621237113000;14137248;1.214;1.21406;1.21403;1;T;True;1
1621237114000;14137250;1.214;1.21406;1.21403;1;T;True;1
1621237115000;14137251;1.214;1.21406;1.21403;0;T;True;1
1621237116000;14137252;1.214;1.21406;1.21403;0;T;True;1
1621237117000;14137254;1.21401;1.21407;1.21404;1;T;True;1
1621237118000;14137255;1.21401;1.21407;1.21404;0;T;True;1
1621237119000;14137256;1.21401;1.21407;1.21404;0;T;True;1
1621237120000;14137257;1.21401;1.21407;1.21404;0;T;True;1
1621237121000;14137258;1.21401;1.21407;1.21404;0;T;True;1
1621237122000;14137264;1.21395;1.21401;1.21398;5;T;True;1
1621237123000;14137265;1.21395;1.21401;1.21398;0;T;True;1
1621237124000;14137268;1.21394;1.214;1.21397;2;T;True;1
1621237125000;14137269;1.21394;1.214;1.21397;0;T;True;1
1621237126000;14137270;1.21394;1.214;1.21397;0;T;True;1
1621237127000;14137271;1.21394;1.214;1.21397;0;T;True;1
1621237128000;14137272;1.21394;1.214;1.21397;0;T;True;1
1621237129000;14137273;1.21394;1.214;1.21397;0;T;True;1
1621237130000;14137280;1.21389;1.21395;1.21392;6;T;True;1
1621237131000;14137283;1.2139;1.21396;1.21393;2;T;True;1
1621237132000;14137284;1.2139;1.21396;1.21393;0;T;True;1
1621237133000;14137289;1.21393;1.21399;1.21396;4;T;True;1
1621237134000;14137291;1.21394;1.214;1.21397;1;T;True;1
1621237135000;14137292;1.21394;1.214;1.21397;0;T;True;1
1621237136000;14137295;1.21392;1.21398;1.21395;2;T;True;1
1621237137000;14137297;1.21392;1.21398;1.21395;1;T;True;1
1621237138000;14137298;1.21392;1.21398;1.21395;0;T;True;1
1621237139000;14137299;1.21392;1.21398;1.21395;0;T;True;1
1621237140000;14137302;1.21391;1.21397;1.21394;2;T;True;1
1621237141000;14137303;1.21391;1.21397;1.21394;0;T;True;1
1621237142000;14137304;1.21391;1.21397;1.21394;0;T;True;1
1621237143000;14137305;1.21391;1.21397;1.21394;0;T;True;1
1621237144000;14137306;1.21391;1.21397;1.21394;0;T;True;1
1621237145000;14137308;1.2139;1.21396;1.21393;1;T;True;1
1621237146000;14137314;1.21394;1.214;1.21397;5;T;True;1
1621237147000;14137316;1.21394;1.214;1.21397;1;T;True;1
1621237148000;14137320;1.21395;1.21401;1.21398;3;T;True;1
1621237149000;14137321;1.21395;1.21401;1.21398;0;T;True;1
1621237150000;14137322;1.21395;1.21401;1.21398;0;T;True;1
1621237151000;14137323;1.21395;1.21401;1.21398;0;T;True;1
1621237152000;14137337;1.21392;1.21398;1.21395;13;T;True;1
1621237153000;14137338;1.21392;1.21398;1.21395;0;T;True;1
1621237154000;14137344;1.21392;1.21398;1.21395;5;T;True;1
1621237155000;14137346;1.21392;1.21398;1.21395;1;T;True;1
1621237156000;14137350;1.21393;1.21399;1.21396;3;T;True;1
1621237157000;14137353;1.21394;1.214;1.21397;2;T;True;1
1621237158000;14137354;1.21394;1.214;1.21397;0;T;True;1
1621237159000;14137359;1.21392;1.21398;1.21395;4;T;True;1
1621237160000;14137360;1.21392;1.21398;1.21395;0;T;True;1
1621237161000;14137361;1.21392;1.21398;1.21395;0;T;True;1
1621237162000;14137362;1.21392;1.21398;1.21395;0;T;True;1
1621237163000;14137364;1.21392;1.21398;1.21395;1;T;True;1
1621237164000;14137368;1.21392;1.21398;1.21395;3;T;True;1
1621237165000;14137371;1.21393;1.21399;1.21396;2;T;True;1
1621237166000;14137374;1.21392;1.21398;1.21395;2;T;True;1
1621237167000;14137375;1.21392;1.21398;1.21395;0;T;True;1
1621237168000;14137376;1.21392;1.21398;1.21395;0;T;True;1
1621237169000;14137383;1.21392;1.21398;1.21395;6;T;True;1
1621237170000;14137388;1.21393;1.21399;1.21396;4;T;True;1
1621237171000;14137389;1.21393;1.21399;1.21396;0;T;True;1
1621237172000;14137392;1.21394;1.214;1.21397;2;T;True;1
1621237173000;14137395;1.21392;1.21398;1.21395;2;T;True;1
1621237174000;14137396;1.21392;1.21398;1.21395;0;T;True;1
1621237175000;14137403;1.21394;1.214;1.21397;6;T;True;1
1621237176000;14137404;1.21394;1.214;1.21397;0;T;True;1
1621237177000;14137406;1.21394;1.214;1.21397;1;T;True;1
1621237178000;14137407;1.21394;1.214;1.21397;0;T;True;1
1621237179000;14137411;1.21396;1.21402;1.21399;3;T;True;1
1621237180000;14137413;1.21396;1.21402;1.21399;1;T;True;1
1621237181000;14137414;1.21396;1.21402;1.21399;0;T;True;1
1621237182000;14137416;1.21396;1.21402;1.21399;1;T;True;1
1621237183000;14137417;1.21396;1.21402;1.21399;0;T;True;1
1621237184000;14137421;1.21398;1.21404;1.21401;3;T;True;1
1621237185000;14137425;1.214;1.21406;1.21403;3;T;True;1
1621237186000;14137428;1.21398;1.21404;1.21401;2;T;True;1
1621237187000;14137429;1.21398;1.21404;1.21401;0;T;True;1
1621237188000;14137432;1.21398;1.21404;1.21401;2;T;True;1
1621237189000;14137434;1.21398;1.21404;1.21401;1;T;True;1
1621237190000;14137435;1.21398;1.21404;1.21401;0;T;True;1
1621237191000;14137439;1.21401;1.21407;1.21404;3;T;True;1
1621237192000;14137443;1.21404;1.2141;1.21407;3;T;True;1
1621237193000;14137445;1.21404;1.2141;1.21407;1;T;True;1
1621237194000;14137447;1.21404;1.2141;1.21407;1;T;True;1
1621237195000;14137448;1.21404;1.2141;1.21407;0;T;True;1
1621237196000;14137451;1.21404;1.2141;1.21407;2;T;True;1
1621237197000;14137452;1.21404;1.2141;1.21407;0;T;True;1
1621237198000;14137454;1.21404;1.2141;1.21407;1;T;True;1
1621237199000;14137455;1.21404;1.2141;1.21407;0;T;True;1
1621237200000;14137456;1.21404;1.2141;1.21407;0;T;True;1
1621237201000;14137459;1.21404;1.2141;1.21407;2;T;True;1
1621237202000;14137460;1.21404;1.2141;1.21407;0;T;True;1
1621237203000;14137461;1.21404;1.2141;1.21407;0;T;True;1
1621237204000;14137467;1.21408;1.21414;1.21411;5;T;True;1
1621237205000;14137468;1.21408;1.21414;1.21411;0;T;True;1
1621237206000;14137469;1.21408;1.21414;1.21411;0;T;True;1
1621237207000;14137470;1.21408;1.21414;1.21411;0;T;True;1
1621237208000;14137471;1.21408;1.21414;1.21411;0;T;True;1
1621237209000;14137472;1.21408;1.21414;1.21411;0;T;True;1
1621237210000;14137474;1.21409;1.21415;1.21412;1;T;True;1
1621237211000;14137475;1.21409;1.21415;1.21412;0;T;True;1
1621237212000;14137477;1.21409;1.21415;1.21412;1;T;True;1
1621237213000;14137478;1.21409;1.21415;1.21412;0;T;True;1
1621237214000;14137479;1.21409;1.21415;1.21412;0;T;True;1
1621237215000;14137482;1.21409;1.21415;1.21412;2;T;True;1
1621237216000;14137483;1.21409;1.21415;1.21412;0;T;True;1
1621237217000;14137486;1.21408;1.21414;1.21411;2;T;True;1
1621237218000;14137487;1.21408;1.21414;1.21411;0;T;True;1
1621237219000;14137489;1.21408;1.21414;1.21411;1;T;True;1
1621237220000;14137491;1.21408;1.21414;1.21411;1;T;True;1
1621237221000;14137492;1.21408;1.21414;1.21411;0;T;True;1
1621237222000;14137493;1.21408;1.21414;1.21411;0;T;True;1
1621237223000;14137495;1.21408;1.21414;1.21411;1;T;True;1
1621237224000;14137498;1.2141;1.21416;1.21413;2;T;True;1
1621237225000;14137505;1.21406;1.21412;1.21409;6;T;True;1
1621237226000;14137506;1.21406;1.21412;1.21409;0;T;True;1
1621237227000;14137507;1.21406;1.21412;1.21409;0;T;True;1
1621237228000;14137508;1.21406;1.21412;1.21409;0;T;True;1
1621237229000;14137509;1.21406;1.21412;1.21409;0;T;True;1
1621237230000;14137515;1.21406;1.21412;1.21409;5;T;True;1
1621237231000;14137518;1.21406;1.21412;1.21409;2;T;True;1
1621237232000;14137523;1.21405;1.21411;1.21408;4;T;True;1
1621237233000;14137524;1.21405;1.21411;1.21408;0;T;True;1
1621237234000;14137530;1.21406;1.21412;1.21409;5;T;True;1
1621237235000;14137539;1.21406;1.21412;1.21409;8;T;True;1
1621237236000;14137545;1.21409;1.21415;1.21412;5;T;True;1
1621237237000;14137547;1.21409;1.21415;1.21412;1;T;True;1
1621237238000;14137548;1.21409;1.21415;1.21412;0;T;True;1
1621237239000;14137550;1.2141;1.21416;1.21413;1;T;True;1
1621237240000;14137553;1.2141;1.21416;1.21413;2;T;True;1
1621237241000;14137555;1.2141;1.21416;1.21413;1;T;True;1
1621237242000;14137559;1.21412;1.21418;1.21415;3;T;True;1
1621237243000;14137565;1.21414;1.2142;1.21417;5;T;True;1
1621237244000;14137567;1.21414;1.2142;1.21417;1;T;True;1
1621237245000;14137568;1.21414;1.2142;1.21417;0;T;True;1
1621237246000;14137569;1.21414;1.2142;1.21417;0;T;True;1
1621237247000;14137570;1.21414;1.2142;1.21417;0;T;True;1
1621237248000;14137573;1.21411;1.21417;1.21414;2;T;True;1
1621237249000;14137574;1.21411;1.21417;1.21414;0;T;True;1
1621237250000;14137576;1.2141;1.21416;1.21413;1;T;True;1
1621237251000;14137578;1.2141;1.21416;1.21413;1;T;True;1
1621237252000;14137580;1.2141;1.21416;1.21413;1;T;True;1
1621237253000;14137581;1.2141;1.21416;1.21413;0;T;True;1
1621237254000;14137582;1.2141;1.21416;1.21413;0;T;True;1
1621237255000;14137586;1.21407;1.21413;1.2141;3;T;True;1
1621237256000;14137587;1.21407;1.21413;1.2141;0;T;True;1
1621237257000;14137588;1.21407;1.21413;1.2141;0;T;True;1
1621237258000;14137597;1.21411;1.21417;1.21414;8;T;True;1
1621237259000;14137599;1.2141;1.21416;1.21413;1;T;True;1
1621237260000;14137602;1.21412;1.21418;1.21415;2;T;True;1
1621237261000;14137604;1.21411;1.21417;1.21414;1;T;True;1
1621237262000;14137605;1.21411;1.21417;1.21414;0;T;True;1
1621237263000;14137607;1.21412;1.21418;1.21415;1;T;True;1
1621237264000;14137612;1.2141;1.21416;1.21413;4;T;True;1
1621237265000;14137616;1.2141;1.21416;1.21413;3;T;True;1
1621237266000;14137620;1.2141;1.21416;1.21413;3;T;True;1
1621237267000;14137624;1.2141;1.21416;1.21413;3;T;True;1
1621237268000;14137625;1.2141;1.21416;1.21413;0;T;True;1
1621237269000;14137630;1.21411;1.21417;1.21414;4;T;True;1
1621237270000;14137631;1.21411;1.21417;1.21414;0;T;True;1
1621237271000;14137632;1.21411;1.21417;1.21414;0;T;True;1
1621237272000;14137633;1.21411;1.21417;1.21414;0;T;True;1
1621237273000;14137637;1.21414;1.2142;1.21417;3;T;True;1
1621237274000;14137638;1.21414;1.2142;1.21417;0;T;True;1
1621237275000;14137643;1.21417;1.21423;1.2142;4;T;True;1
1621237276000;14137644;1.21417;1.21423;1.2142;0;T;True;1
1621237277000;14137648;1.21418;1.21424;1.21421;3;T;True;1
1621237278000;14137652;1.2142;1.21426;1.21423;3;T;True;1
1621237279000;14137656;1.21418;1.21424;1.21421;3;T;True;1
1621237280000;14137660;1.21418;1.21424;1.21421;3;T;True;1
1621237281000;14137661;1.21418;1.21424;1.21421;0;T;True;1
1621237282000;14137664;1.21418;1.21424;1.21421;2;T;True;1
1621237283000;14137667;1.21418;1.21424;1.21421;2;T;True;1
1621237284000;14137669;1.21418;1.21424;1.21421;1;T;True;1
1621237285000;14137671;1.21419;1.21425;1.21422;1;T;True;1
1621237286000;14137672;1.21419;1.21425;1.21422;0;T;True;1
1621237287000;14137676;1.21418;1.21424;1.21421;3;T;True;1
1621237288000;14137678;1.21417;1.21423;1.2142;1;T;True;1
1621237289000;14137680;1.21417;1.21423;1.2142;1;T;True;1
1621237290000;14137681;1.21417;1.21423;1.2142;0;T;True;1
1621237291000;14137682;1.21417;1.21423;1.2142;0;T;True;1
1621237292000;14137690;1.21414;1.2142;1.21417;7;T;True;1
1621237293000;14137691;1.21414;1.2142;1.21417;0;T;True;1
1621237294000;14137692;1.21414;1.2142;1.21417;0;T;True;1
1621237295000;14137694;1.21414;1.2142;1.21417;1;T;True;1
1621237296000;14137695;1.21414;1.2142;1.21417;0;T;True;1
1621237297000;14137697;1.21414;1.2142;1.21417;1;T;True;1
1621237298000;14137699;1.21414;1.2142;1.21417;1;T;True;1
1621237299000;14137700;1.21414;1.2142;1.21417;0;T;True;1
1621237300000;14137709;1.21413;1.21419;1.21416;8;T;True;1
1621237301000;14137712;1.21412;1.21418;1.21415;2;T;True;1
1621237302000;14137713;1.21412;1.21418;1.21415;0;T;True;1
1621237303000;14137715;1.21412;1.21418;1.21415;1;T;True;1
1621237304000;14137717;1.21412;1.21418;1.21415;1;T;True;1
1621237305000;14137725;1.2141;1.21416;1.21413;7;T;True;1
1621237306000;14137727;1.2141;1.21416;1.21413;1;T;True;1
1621237307000;14137728;1.2141;1.21416;1.21413;0;T;True;1
1621237308000;14137729;1.2141;1.21416;1.21413;0;T;True;1
1621237309000;14137731;1.2141;1.21416;1.21413;1;T;True;1
1621237310000;14137732;1.2141;1.21416;1.21413;0;T;True;1
1621237311000;14137741;1.21413;1.21419;1.21416;8;T;True;1
1621237312000;14137743;1.21413;1.21419;1.21416;1;T;True;1
1621237313000;14137744;1.21413;1.21419;1.21416;0;T;True;1
1621237314000;14137745;1.21413;1.21419;1.21416;0;T;True;1
1621237315000;14137746;1.21413;1.21419;1.21416;0;T;True;1
1621237316000;14137748;1.21412;1.21418;1.21415;1;T;True;1
1621237317000;14137749;1.21412;1.21418;1.21415;0;T;True;1
1621237318000;14137750;1.21412;1.21418;1.21415;0;T;True;1
1621237319000;14137751;1.21412;1.21418;1.21415;0;T;True;1
1621237320000;14137752;1.21412;1.21418;1.21415;0;T;True;1
1621237321000;14137753;1.21412;1.21418;1.21415;0;T;True;1
1621237322000;14137754;1.21412;1.21418;1.21415;0;T;True;1
1621237323000;14137755;1.21412;1.21418;1.21415;0;T;True;1
1621237324000;14137756;1.21412;1.21418;1.21415;0;T;True;1
1621237325000;14137757;1.21412;1.21418;1.21415;0;T;True;1
1621237326000;14137759;1.21413;1.21419;1.21416;1;T;True;1
1621237327000;14137760;1.21413;1.21419;1.21416;0;T;True;1
1621237328000;14137762;1.21413;1.21419;1.21416;1;T;True;1
1621237329000;14137763;1.21413;1.21419;1.21416;0;T;True;1
1621237330000;14137764;1.21413;1.21419;1.21416;0;T;True;1
1621237331000;14137765;1.21413;1.21419;1.21416;0;T;True;1
1621237332000;14137767;1.21414;1.2142;1.21417;1;T;True;1
1621237333000;14137768;1.21414;1.2142;1.21417;0;T;True;1
1621237334000;14137772;1.21415;1.21421;1.21418;3;T;True;1
1621237335000;14137774;1.21415;1.21421;1.21418;1;T;True;1
1621237336000;14137778;1.21414;1.2142;1.21417;3;T;True;1
1621237337000;14137780;1.21413;1.21419;1.21416;1;T;True;1
1621237338000;14137782;1.21414;1.2142;1.21417;1;T;True;1
1621237339000;14137784;1.21414;1.2142;1.21417;1;T;True;1
1621237340000;14137785;1.21414;1.2142;1.21417;0;T;True;1
1621237341000;14137787;1.21414;1.2142;1.21417;1;T;True;1
1621237342000;14137789;1.21414;1.2142;1.21417;1;T;True;1
1621237343000;14137791;1.21413;1.21419;1.21416;1;T;True;1
1621237344000;14137792;1.21413;1.21419;1.21416;0;T;True;1
1621237345000;14137794;1.21414;1.2142;1.21417;1;T;True;1
1621237346000;14137795;1.21414;1.2142;1.21417;0;T;True;1
1621237347000;14137796;1.21414;1.2142;1.21417;0;T;True;1
1621237348000;14137797;1.21414;1.2142;1.21417;0;T;True;1
1621237349000;14137798;1.21414;1.2142;1.21417;0;T;True;1
1621237350000;14137799;1.21414;1.2142;1.21417;0;T;True;1
1621237351000;14137800;1.21414;1.2142;1.21417;0;T;True;1
1621237352000;14137801;1.21414;1.2142;1.21417;0;T;True;1
1621237353000;14137802;1.21414;1.2142;1.21417;0;T;True;1
1621237354000;14137808;1.21416;1.21422;1.21419;5;T;True;1
1621237355000;14137809;1.21416;1.21422;1.21419;0;T;True;1
1621237356000;14137810;1.21416;1.21422;1.21419;0;T;True;1
1621237357000;14137811;1.21416;1.21422;1.21419;0;T;True;1
1621237358000;14137813;1.21417;1.21423;1.2142;1;T;True;1
1621237359000;14137814;1.21417;1.21423;1.2142;0;T;True;1
1621237360000;14137815;1.21417;1.21423;1.2142;0;T;True;1
1621237361000;14137816;1.21417;1.21423;1.2142;0;T;True;1
1621237362000;14137817;1.21417;1.21423;1.2142;0;T;True;1
1621237363000;14137818;1.21417;1.21423;1.2142;0;T;True;1
1621237364000;14137819;1.21417;1.21423;1.2142;0;T;True;1
1621237365000;14137820;1.21417;1.21423;1.2142;0;T;True;1
1621237366000;14137821;1.21417;1.21423;1.2142;0;T;True;1
1621237367000;14137826;1.21416;1.21422;1.21419;4;T;True;1
1621237368000;14137831;1.21417;1.21423;1.2142;4;T;True;1
1621237369000;14137834;1.21417;1.21423;1.2142;2;T;True;1
1621237370000;14137835;1.21417;1.21423;1.2142;0;T;True;1
1621237371000;14137837;1.21417;1.21423;1.2142;1;T;True;1
1621237372000;14137839;1.21416;1.21422;1.21419;1;T;True;1
1621237373000;14137843;1.21416;1.21422;1.21419;3;T;True;1
1621237374000;14137850;1.21414;1.2142;1.21417;6;T;True;1
1621237375000;14137851;1.21414;1.2142;1.21417;0;T;True;1
1621237376000;14137852;1.21414;1.2142;1.21417;0;T;True;1
1621237377000;14137853;1.21414;1.2142;1.21417;0;T;True;1
1621237378000;14137856;1.2141;1.21416;1.21413;2;T;True;1
1621237379000;14137859;1.2141;1.21416;1.21413;2;T;True;1
1621237380000;14137860;1.2141;1.21416;1.21413;0;T;True;1
1621237381000;14137862;1.21409;1.21415;1.21412;1;T;True;1
1621237382000;14137863;1.21409;1.21415;1.21412;0;T;True;1
1621237383000;14137867;1.21408;1.21414;1.21411;3;T;True;1
1621237384000;14137868;1.21408;1.21414;1.21411;0;T;True;1
1621237385000;14137881;1.21411;1.21417;1.21414;12;T;True;1
1621237386000;14137885;1.21413;1.21419;1.21416;3;T;True;1
1621237387000;14137886;1.21413;1.21419;1.21416;0;T;True;1
1621237388000;14137887;1.21413;1.21419;1.21416;0;T;True;1
1621237389000;14137888;1.21413;1.21419;1.21416;0;T;True;1
1621237390000;14137889;1.21413;1.21419;1.21416;0;T;True;1
1621237391000;14137890;1.21413;1.21419;1.21416;0;T;True;1
1621237392000;14137899;1.2141;1.21416;1.21413;8;T;True;1
1621237393000;14137901;1.21411;1.21417;1.21414;1;T;True;1
1621237394000;14137902;1.21411;1.21417;1.21414;0;T;True;1
1621237395000;14137904;1.21411;1.21417;1.21414;1;T;True;1
1621237396000;14137906;1.21411;1.21417;1.21414;1;T;True;1
1621237397000;14137913;1.2141;1.21416;1.21413;6;T;True;1
1621237398000;14137915;1.2141;1.21416;1.21413;1;T;True;1
1621237399000;14137916;1.2141;1.21416;1.21413;0;T;True;1
1621237400000;14137917;1.2141;1.21416;1.21413;0;T;True;1
1621237401000;14137918;1.2141;1.21416;1.21413;0;T;True;1
1621237402000;14137919;1.2141;1.21416;1.21413;0;T;True;1
1621237403000;14137920;1.2141;1.21416;1.21413;0;T;True;1
1621237404000;14137921;1.2141;1.21416;1.21413;0;T;True;1
1621237405000;14137925;1.2141;1.21416;1.21413;3;T;True;1
1621237406000;14137927;1.21411;1.21417;1.21414;1;T;True;1
1621237407000;14137929;1.2141;1.21416;1.21413;1;T;True;1
1621237408000;14137931;1.21409;1.21415;1.21412;1;T;True;1
1621237409000;14137933;1.21408;1.21414;1.21411;1;T;True;1
1621237410000;14137934;1.21408;1.21414;1.21411;0;T;True;1
1621237411000;14137938;1.2141;1.21416;1.21413;3;T;True;1
1621237412000;14137943;1.21412;1.21418;1.21415;4;T;True;1
1621237413000;14137947;1.21413;1.21419;1.21416;3;T;True;1
1621237414000;14137949;1.21413;1.21419;1.21416;1;T;True;1
1621237415000;14137951;1.21412;1.21418;1.21415;1;T;True;1
1621237416000;14137956;1.21409;1.21415;1.21412;4;T;True;1
1621237417000;14137960;1.21409;1.21415;1.21412;3;T;True;1
1621237418000;14137962;1.2141;1.21416;1.21413;1;T;True;1
1621237419000;14137963;1.2141;1.21416;1.21413;0;T;True;1
1621237420000;14137968;1.21412;1.21418;1.21415;4;T;True;1
1621237421000;14137970;1.21412;1.21418;1.21415;1;T;True;1
1621237422000;14137973;1.21412;1.21418;1.21415;2;T;True;1
1621237423000;14137975;1.21412;1.21418;1.21415;1;T;True;1
1621237424000;14137977;1.21412;1.21418;1.21415;1;T;True;1
1621237425000;14137978;1.21412;1.21418;1.21415;0;T;True;1
1621237426000;14137979;1.21412;1.21418;1.21415;0;T;True;1
1621237427000;14137981;1.21412;1.21418;1.21415;1;T;True;1
1621237428000;14137983;1.21412;1.21418;1.21415;1;T;True;1
1621237429000;14137984;1.21412;1.21418;1.21415;0;T;True;1
1621237430000;14137987;1.21412;1.21418;1.21415;2;T;True;1
1621237431000;14137995;1.21406;1.21412;1.21409;7;T;True;1
1621237432000;14138000;1.21404;1.2141;1.21407;4;T;True;1
1621237433000;14138003;1.21403;1.21409;1.21406;2;T;True;1
1621237434000;14138008;1.21401;1.21407;1.21404;4;T;True;1
1621237435000;14138009;1.21401;1.21407;1.21404;0;T;True;1
1621237436000;14138015;1.21402;1.21408;1.21405;5;T;True;1
1621237437000;14138017;1.21402;1.21408;1.21405;1;T;True;1
1621237438000;14138019;1.21403;1.21409;1.21406;1;T;True;1
1621237439000;14138021;1.21402;1.21408;1.21405;1;T;True;1
1621237440000;14138022;1.21402;1.21408;1.21405;0;T;True;1
1621237441000;14138023;1.21402;1.21408;1.21405;0;T;True;1
1621237442000;14138024;1.21402;1.21408;1.21405;0;T;True;1
1621237443000;14138025;1.21402;1.21408;1.21405;0;T;True;1
1621237444000;14138027;1.21403;1.21409;1.21406;1;T;True;1
1621237445000;14138028;1.21403;1.21409;1.21406;0;T;True;1
1621237446000;14138033;1.21406;1.21412;1.21409;4;T;True;1
1621237447000;14138035;1.21406;1.21412;1.21409;1;T;True;1
1621237448000;14138038;1.21407;1.21413;1.2141;2;T;True;1
1621237449000;14138040;1.21407;1.21413;1.2141;1;T;True;1
1621237450000;14138042;1.21406;1.21412;1.21409;1;T;True;1
1621237451000;14138047;1.21405;1.21411;1.21408;4;T;True;1
1621237452000;14138048;1.21405;1.21411;1.21408;0;T;True;1
1621237453000;14138058;1.21407;1.21413;1.2141;9;T;True;1
1621237454000;14138059;1.21407;1.21413;1.2141;0;T;True;1
1621237455000;14138060;1.21407;1.21413;1.2141;0;T;True;1
1621237456000;14138062;1.21407;1.21413;1.2141;1;T;True;1
1621237457000;14138063;1.21407;1.21413;1.2141;0;T;True;1
1621237458000;14138064;1.21407;1.21413;1.2141;0;T;True;1
1621237459000;14138065;1.21407;1.21413;1.2141;0;T;True;1
1621237460000;14138066;1.21407;1.21413;1.2141;0;T;True;1
1621237461000;14138071;1.21404;1.2141;1.21407;4;T;True;1
1621237462000;14138072;1.21404;1.2141;1.21407;0;T;True;1
1621237463000;14138073;1.21404;1.2141;1.21407;0;T;True;1
1621237464000;14138076;1.21402;1.21408;1.21405;2;T;True;1
1621237465000;14138082;1.214;1.21406;1.21403;5;T;True;1
1621237466000;14138084;1.21402;1.21408;1.21405;1;T;True;1
1621237467000;14138095;1.21406;1.21412;1.21409;10;T;True;1
1621237468000;14138098;1.21405;1.21411;1.21408;2;T;True;1
1621237469000;14138104;1.21407;1.21413;1.2141;5;T;True;1
1621237470000;14138106;1.21406;1.21412;1.21409;1;T;True;1
1621237471000;14138111;1.21404;1.2141;1.21407;4;T;True;1
1621237472000;14138113;1.21403;1.21409;1.21406;1;T;True;1
1621237473000;14138114;1.21403;1.21409;1.21406;0;T;True;1
1621237474000;14138115;1.21403;1.21409;1.21406;0;T;True;1
1621237475000;14138120;1.214;1.21406;1.21403;4;T;True;1
1621237476000;14138123;1.21401;1.21407;1.21404;2;T;True;1
1621237477000;14138124;1.21401;1.21407;1.21404;0;T;True;1
1621237478000;14138125;1.21401;1.21407;1.21404;0;T;True;1
1621237479000;14138129;1.21402;1.21408;1.21405;3;T;True;1
1621237480000;14138133;1.21403;1.21409;1.21406;3;T;True;1
1621237481000;14138134;1.21403;1.21409;1.21406;0;T;True;1
1621237482000;14138135;1.21403;1.21409;1.21406;0;T;True;1
1621237483000;14138136;1.21403;1.21409;1.21406;0;T;True;1
1621237484000;14138138;1.21403;1.21409;1.21406;1;T;True;1
1621237485000;14138143;1.21405;1.21411;1.21408;4;T;True;1
1621237486000;14138148;1.21406;1.21412;1.21409;4;T;True;1
1621237487000;14138151;1.21406;1.21412;1.21409;2;T;True;1
1621237488000;14138152;1.21406;1.21412;1.21409;0;T;True;1
1621237489000;14138153;1.21406;1.21412;1.21409;0;T;True;1
1621237490000;14138154;1.21406;1.21412;1.21409;0;T;True;1
1621237491000;14138158;1.21402;1.21408;1.21405;3;T;True;1
1621237492000;14138168;1.21394;1.214;1.21397;9;T;True;1
1621237493000;14138171;1.21393;1.21399;1.21396;2;T;True;1
1621237494000;14138172;1.21393;1.21399;1.21396;0;T;True;1
1621237495000;14138173;1.21393;1.21399;1.21396;0;T;True;1
1621237496000;14138174;1.21393;1.21399;1.21396;0;T;True;1
1621237497000;14138179;1.21391;1.21397;1.21394;4;T;True;1
1621237498000;14138180;1.21391;1.21397;1.21394;0;T;True;1
1621237499000;14138183;1.2139;1.21396;1.21393;2;T;True;1
1621237500000;14138184;1.2139;1.21396;1.21393;0;T;True;1
1621237501000;14138185;1.2139;1.21396;1.21393;0;T;True;1
1621237502000;14138189;1.21386;1.21392;1.21389;3;T;True;1
1621237503000;14138193;1.21384;1.2139;1.21387;3;T;True;1
1621237504000;14138198;1.21381;1.21387;1.21384;4;T;True;1
1621237505000;14138202;1.2138;1.21386;1.21383;3;T;True;1
1621237506000;14138205;1.21379;1.21385;1.21382;2;T;True;1
1621237507000;14138207;1.21378;1.21384;1.21381;1;T;True;1
1621237508000;14138208;1.21378;1.21384;1.21381;0;T;True;1
1621237509000;14138209;1.21378;1.21384;1.21381;0;T;True;1
1621237510000;14138212;1.21378;1.21384;1.21381;2;T;True;1
1621237511000;14138214;1.21378;1.21384;1.21381;1;T;True;1
1621237512000;14138223;1.21378;1.21384;1.21381;8;T;True;1
1621237513000;14138225;1.21378;1.21384;1.21381;1;T;True;1
1621237514000;14138227;1.21378;1.21384;1.21381;1;T;True;1
1621237515000;14138230;1.21377;1.21383;1.2138;2;T;True;1
1621237516000;14138235;1.21374;1.2138;1.21377;4;T;True;1
1621237517000;14138243;1.21372;1.21378;1.21375;7;T;True;1
1621237518000;14138246;1.21374;1.2138;1.21377;2;T;True;1
1621237519000;14138251;1.21372;1.21378;1.21375;4;T;True;1
1621237520000;14138252;1.21372;1.21378;1.21375;0;T;True;1
1621237521000;14138253;1.21372;1.21378;1.21375;0;T;True;1
1621237522000;14138256;1.2137;1.21376;1.21373;2;T;True;1
1621237523000;14138259;1.21368;1.21374;1.21371;2;T;True;1
1621237524000;14138267;1.21368;1.21374;1.21371;7;T;True;1
1621237525000;14138274;1.21368;1.21374;1.21371;6;T;True;1
1621237526000;14138277;1.21369;1.21375;1.21372;2;T;True;1
1621237527000;14138278;1.21369;1.21375;1.21372;0;T;True;1
1621237528000;14138282;1.21368;1.21374;1.21371;3;T;True;1
1621237529000;14138283;1.21368;1.21374;1.21371;0;T;True;1
1621237530000;14138284;1.21368;1.21374;1.21371;0;T;True;1
1621237531000;14138292;1.21368;1.21374;1.21371;7;T;True;1
1621237532000;14138294;1.21368;1.21374;1.21371;1;T;True;1
1621237533000;14138297;1.21368;1.21374;1.21371;2;T;True;1
1621237534000;14138300;1.21368;1.21374;1.21371;2;T;True;1
1621237535000;14138310;1.21368;1.21374;1.21371;9;T;True;1
1621237536000;14138315;1.21368;1.21374;1.21371;4;T;True;1
1621237537000;14138316;1.21368;1.21374;1.21371;0;T;True;1
1621237538000;14138320;1.21369;1.21375;1.21372;3;T;True;1
1621237539000;14138322;1.21368;1.21374;1.21371;1;T;True;1
1621237540000;14138327;1.21369;1.21375;1.21372;4;T;True;1
1621237541000;14138333;1.21368;1.21374;1.21371;5;T;True;1
1621237542000;14138338;1.21368;1.21374;1.21371;4;T;True;1
1621237543000;14138340;1.21368;1.21374;1.21371;1;T;True;1
1621237544000;14138349;1.21368;1.21374;1.21371;8;T;True;1
1621237545000;14138351;1.21368;1.21374;1.21371;1;T;True;1
1621237546000;14138358;1.2137;1.21376;1.21373;6;T;True;1
1621237547000;14138362;1.21372;1.21378;1.21375;3;T;True;1
1621237548000;14138369;1.21369;1.21375;1.21372;6;T;True;1
1621237549000;14138380;1.21373;1.21379;1.21376;10;T;True;1
1621237550000;14138381;1.21373;1.21379;1.21376;0;T;True;1
1621237551000;14138382;1.21373;1.21379;1.21376;0;T;True;1
1621237552000;14138385;1.21372;1.21378;1.21375;2;T;True;1
1621237553000;14138387;1.21372;1.21378;1.21375;1;T;True;1
1621237554000;14138388;1.21372;1.21378;1.21375;0;T;True;1
1621237555000;14138395;1.21368;1.21374;1.21371;6;T;True;1
1621237556000;14138396;1.21368;1.21374;1.21371;0;T;True;1
1621237557000;14138398;1.21369;1.21375;1.21372;1;T;True;1
1621237558000;14138404;1.2137;1.21376;1.21373;5;T;True;1
1621237559000;14138408;1.21371;1.21377;1.21374;3;T;True;1
1621237560000;14138411;1.21371;1.21377;1.21374;2;T;True;1
1621237561000;14138416;1.21372;1.21378;1.21375;4;T;True;1
1621237562000;14138426;1.21367;1.21373;1.2137;9;T;True;1
1621237563000;14138427;1.21367;1.21373;1.2137;0;T;True;1
1621237564000;14138434;1.21368;1.21374;1.21371;6;T;True;1
1621237565000;14138435;1.21368;1.21374;1.21371;0;T;True;1
1621237566000;14138444;1.21372;1.21378;1.21375;8;T;True;1
1621237567000;14138450;1.21372;1.21378;1.21375;5;T;True;1
1621237568000;14138460;1.2137;1.21376;1.21373;9;T;True;1
1621237569000;14138465;1.21369;1.21375;1.21372;4;T;True;1
1621237570000;14138467;1.21368;1.21374;1.21371;1;T;True;1
1621237571000;14138471;1.21368;1.21374;1.21371;3;T;True;1
1621237572000;14138472;1.21368;1.21374;1.21371;0;T;True;1
1621237573000;14138480;1.21369;1.21375;1.21372;7;T;True;1
1621237574000;14138487;1.21372;1.21378;1.21375;6;T;True;1
1621237575000;14138494;1.21372;1.21378;1.21375;6;T;True;1
1621237576000;14138495;1.21372;1.21378;1.21375;0;T;True;1
1621237577000;14138498;1.21372;1.21378;1.21375;2;T;True;1
1621237578000;14138499;1.21372;1.21378;1.21375;0;T;True;1
1621237579000;14138503;1.21371;1.21377;1.21374;3;T;True;1
1621237580000;14138509;1.21368;1.21374;1.21371;5;T;True;1
1621237581000;14138512;1.21368;1.21374;1.21371;2;T;True;1
1621237582000;14138513;1.21368;1.21374;1.21371;0;T;True;1
1621237583000;14138514;1.21368;1.21374;1.21371;0;T;True;1
1621237584000;14138515;1.21368;1.21374;1.21371;0;T;True;1
1621237585000;14138517;1.21368;1.21374;1.21371;1;T;True;1
1621237586000;14138519;1.21368;1.21374;1.21371;1;T;True;1
1621237587000;14138520;1.21368;1.21374;1.21371;0;T;True;1
1621237588000;14138522;1.21368;1.21374;1.21371;1;T;True;1
1621237589000;14138525;1.21368;1.21374;1.21371;2;T;True;1
1621237590000;14138528;1.21368;1.21374;1.21371;2;T;True;1
1621237591000;14138529;1.21368;1.21374;1.21371;0;T;True;1
1621237592000;14138531;1.21367;1.21373;1.2137;1;T;True;1
1621237593000;14138538;1.21368;1.21374;1.21371;6;T;True;1
1621237594000;14138550;1.2137;1.21376;1.21373;11;T;True;1
1621237595000;14138552;1.2137;1.21376;1.21373;1;T;True;1
1621237596000;14138553;1.2137;1.21376;1.21373;0;T;True;1
1621237597000;14138554;1.2137;1.21376;1.21373;0;T;True;1
1621237598000;14138559;1.2137;1.21376;1.21373;4;T;True;1
1621237599000;14138563;1.2137;1.21376;1.21373;3;T;True;1
1621237600000;14138565;1.21371;1.21377;1.21374;1;T;True;1
1621237601000;14138569;1.21372;1.21378;1.21375;3;T;True;1
1621237602000;14138576;1.21372;1.21378;1.21375;6;T;True;1
1621237603000;14138579;1.21372;1.21378;1.21375;2;T;True;1
1621237604000;14138586;1.2137;1.21376;1.21373;6;T;True;1
1621237605000;14138587;1.2137;1.21376;1.21373;0;T;True;1
1621237606000;14138588;1.2137;1.21376;1.21373;0;T;True;1
1621237607000;14138591;1.21369;1.21375;1.21372;2;T;True;1
1621237608000;14138593;1.21369;1.21375;1.21372;1;T;True;1
1621237609000;14138596;1.2137;1.21376;1.21373;2;T;True;1
1621237610000;14138598;1.2137;1.21376;1.21373;1;T;True;1
1621237611000;14138602;1.2137;1.21376;1.21373;3;T;True;1
1621237612000;14138604;1.2137;1.21376;1.21373;1;T;True;1
1621237613000;14138605;1.2137;1.21376;1.21373;0;T;True;1
1621237614000;14138606;1.2137;1.21376;1.21373;0;T;True;1
1621237615000;14138609;1.2137;1.21376;1.21373;2;T;True;1
1621237616000;14138610;1.2137;1.21376;1.21373;0;T;True;1
1621237617000;14138613;1.21369;1.21375;1.21372;2;T;True;1
1621237618000;14138614;1.21369;1.21375;1.21372;0;T;True;1
1621237619000;14138615;1.21369;1.21375;1.21372;0;T;True;1
1621237620000;14138616;1.21369;1.21375;1.21372;0;T;True;1
1621237621000;14138619;1.21369;1.21375;1.21372;2;T;True;1
1621237622000;14138624;1.21368;1.21374;1.21371;4;T;True;1
1621237623000;14138632;1.21368;1.21374;1.21371;7;T;True;1
1621237624000;14138633;1.21368;1.21374;1.21371;0;T;True;1
1621237625000;14138638;1.2137;1.21376;1.21373;4;T;True;1
1621237626000;14138644;1.2137;1.21376;1.21373;5;T;True;1
1621237627000;14138650;1.2137;1.21376;1.21373;5;T;True;1
1621237628000;14138652;1.2137;1.21376;1.21373;1;T;True;1
1621237629000;14138654;1.21369;1.21375;1.21372;1;T;True;1
1621237630000;14138657;1.21368;1.21374;1.21371;2;T;True;1
1621237631000;14138665;1.21367;1.21373;1.2137;7;T;True;1
1621237632000;14138680;1.21362;1.21368;1.21365;14;T;True;1
1621237633000;14138687;1.2136;1.21366;1.21363;6;T;True;1
1621237634000;14138698;1.21362;1.21368;1.21365;10;T;True;1
1621237635000;14138699;1.21362;1.21368;1.21365;0;T;True;1
1621237636000;14138701;1.21362;1.21368;1.21365;1;T;True;1
1621237637000;14138703;1.21362;1.21368;1.21365;1;T;True;1
1621237638000;14138715;1.21348;1.21354;1.21351;11;T;True;1
1621237639000;14138716;1.21348;1.21354;1.21351;0;T;True;1
1621237640000;14138717;1.21348;1.21354;1.21351;0;T;True;1
1621237641000;14138720;1.21348;1.21354;1.21351;2;T;True;1
1621237642000;14138729;1.21348;1.21354;1.21351;8;T;True;1
1621237643000;14138737;1.21353;1.21359;1.21356;7;T;True;1
1621237644000;14138739;1.21354;1.2136;1.21357;1;T;True;1
1621237645000;14138742;1.21354;1.2136;1.21357;2;T;True;1
1621237646000;14138743;1.21354;1.2136;1.21357;0;T;True;1
1621237647000;14138744;1.21354;1.2136;1.21357;0;T;True;1
1621237648000;14138755;1.2135;1.21356;1.21353;10;T;True;1
1621237649000;14138766;1.21342;1.21348;1.21345;10;T;True;1
1621237650000;14138771;1.21341;1.21347;1.21344;4;T;True;1
1621237651000;14138776;1.21342;1.21348;1.21345;4;T;True;1
1621237652000;14138778;1.21342;1.21348;1.21345;1;T;True;1
1621237653000;14138794;1.2133;1.21336;1.21333;15;T;True;1
1621237654000;14138808;1.21337;1.21343;1.2134;13;T;True;1
1621237655000;14138812;1.21341;1.21347;1.21344;3;T;True;1
1621237656000;14138815;1.21339;1.21345;1.21342;2;T;True;1
1621237657000;14138819;1.2134;1.21346;1.21343;3;T;True;1
1621237658000;14138820;1.2134;1.21346;1.21343;0;T;True;1
1621237659000;14138821;1.2134;1.21346;1.21343;0;T;True;1
1621237660000;14138822;1.2134;1.21346;1.21343;0;T;True;1
1621237661000;14138829;1.21339;1.21345;1.21342;6;T;True;1
1621237662000;14138833;1.2134;1.21346;1.21343;3;T;True;1
1621237663000;14138838;1.21339;1.21345;1.21342;4;T;True;1
1621237664000;14138848;1.2133;1.21336;1.21333;9;T;True;1
1621237665000;14138854;1.21328;1.21334;1.21331;5;T;True;1
1621237666000;14138863;1.21329;1.21335;1.21332;8;T;True;1
1621237667000;14138878;1.21333;1.21339;1.21336;14;T;True;1
1621237668000;14138883;1.21334;1.2134;1.21337;4;T;True;1
1621237669000;14138887;1.21332;1.21338;1.21335;3;T;True;1
1621237670000;14138889;1.21332;1.21338;1.21335;1;T;True;1
1621237671000;14138894;1.21328;1.21334;1.21331;4;T;True;1
1621237672000;14138897;1.21328;1.21334;1.21331;2;T;True;1
1621237673000;14138906;1.21335;1.21341;1.21338;8;T;True;1
1621237674000;14138912;1.21334;1.2134;1.21337;5;T;True;1
1621237675000;14138913;1.21334;1.2134;1.21337;0;T;True;1
1621237676000;14138914;1.21334;1.2134;1.21337;0;T;True;1
1621237677000;14138918;1.21338;1.21344;1.21341;3;T;True;1
1621237678000;14138924;1.21334;1.2134;1.21337;5;T;True;1
1621237679000;14138925;1.21334;1.2134;1.21337;0;T;True;1
1621237680000;14138926;1.21334;1.2134;1.21337;0;T;True;1
1621237681000;14138927;1.21334;1.2134;1.21337;0;T;True;1
1621237682000;14138932;1.21334;1.2134;1.21337;4;T;True;1
1621237683000;14138940;1.21329;1.21335;1.21332;7;T;True;1
1621237684000;14138941;1.21329;1.21335;1.21332;0;T;True;1
1621237685000;14138945;1.21328;1.21334;1.21331;3;T;True;1
1621237686000;14138947;1.21327;1.21333;1.2133;1;T;True;1
1621237687000;14138949;1.21328;1.21334;1.21331;1;T;True;1
1621237688000;14138950;1.21328;1.21334;1.21331;0;T;True;1
1621237689000;14138951;1.21328;1.21334;1.21331;0;T;True;1
1621237690000;14138954;1.21328;1.21334;1.21331;2;T;True;1
1621237691000;14138955;1.21328;1.21334;1.21331;0;T;True;1
1621237692000;14138963;1.21321;1.21327;1.21324;7;T;True;1
1621237693000;14138971;1.21325;1.21331;1.21328;7;T;True;1
1621237694000;14138973;1.21326;1.21332;1.21329;1;T;True;1
1621237695000;14138976;1.21324;1.2133;1.21327;2;T;True;1
1621237696000;14138979;1.21324;1.2133;1.21327;2;T;True;1
1621237697000;14138980;1.21324;1.2133;1.21327;0;T;True;1
1621237698000;14138984;1.21325;1.21331;1.21328;3;T;True;1
1621237699000;14138985;1.21325;1.21331;1.21328;0;T;True;1
1621237700000;14138988;1.21325;1.21331;1.21328;2;T;True;1
1621237701000;14138990;1.21325;1.21331;1.21328;1;T;True;1
1621237702000;14138995;1.21326;1.21332;1.21329;4;T;True;1
1621237703000;14138998;1.21328;1.21334;1.21331;2;T;True;1
1621237704000;14138999;1.21328;1.21334;1.21331;0;T;True;1
1621237705000;14139001;1.21328;1.21334;1.21331;1;T;True;1
1621237706000;14139003;1.21328;1.21334;1.21331;1;T;True;1
1621237707000;14139004;1.21328;1.21334;1.21331;0;T;True;1
1621237708000;14139005;1.21328;1.21334;1.21331;0;T;True;1
1621237709000;14139006;1.21328;1.21334;1.21331;0;T;True;1
1621237710000;14139007;1.21328;1.21334;1.21331;0;T;True;1
1621237711000;14139008;1.21328;1.21334;1.21331;0;T;True;1
1621237712000;14139009;1.21328;1.21334;1.21331;0;T;True;1
1621237713000;14139012;1.21328;1.21334;1.21331;2;T;True;1
1621237714000;14139015;1.2133;1.21336;1.21333;2;T;True;1
1621237715000;14139016;1.2133;1.21336;1.21333;0;T;True;1
1621237716000;14139017;1.2133;1.21336;1.21333;0;T;True;1
1621237717000;14139018;1.2133;1.21336;1.21333;0;T;True;1
1621237718000;14139019;1.2133;1.21336;1.21333;0;T;True;1
1621237719000;14139021;1.2133;1.21336;1.21333;1;T;True;1
1621237720000;14139022;1.2133;1.21336;1.21333;0;T;True;1
1621237721000;14139027;1.21331;1.21337;1.21334;4;T;True;1
1621237722000;14139028;1.21331;1.21337;1.21334;0;T;True;1
1621237723000;14139035;1.21328;1.21334;1.21331;6;T;True;1
1621237724000;14139036;1.21328;1.21334;1.21331;0;T;True;1
1621237725000;14139037;1.21328;1.21334;1.21331;0;T;True;1
1621237726000;14139046;1.21324;1.2133;1.21327;8;T;True;1
1621237727000;14139047;1.21324;1.2133;1.21327;0;T;True;1
1621237728000;14139048;1.21324;1.2133;1.21327;0;T;True;1
1621237729000;14139057;1.2133;1.21336;1.21333;8;T;True;1
1621237730000;14139060;1.2133;1.21336;1.21333;2;T;True;1
1621237731000;14139064;1.21328;1.21334;1.21331;3;T;True;1
1621237732000;14139065;1.21328;1.21334;1.21331;0;T;True;1
1621237733000;14139070;1.21328;1.21334;1.21331;4;T;True;1
1621237734000;14139071;1.21328;1.21334;1.21331;0;T;True;1
1621237735000;14139076;1.21325;1.21331;1.21328;4;T;True;1
1621237736000;14139078;1.21324;1.2133;1.21327;1;T;True;1
1621237737000;14139082;1.21324;1.2133;1.21327;3;T;True;1
1621237738000;14139088;1.21323;1.21329;1.21326;5;T;True;1
1621237739000;14139089;1.21323;1.21329;1.21326;0;T;True;1
1621237740000;14139091;1.21323;1.21329;1.21326;1;T;True;1
1621237741000;14139097;1.21326;1.21332;1.21329;5;T;True;1
1621237742000;14139103;1.21326;1.21332;1.21329;5;T;True;1
1621237743000;14139109;1.21328;1.21334;1.21331;5;T;True;1
1621237744000;14139117;1.21332;1.21338;1.21335;7;T;True;1
1621237745000;14139122;1.21335;1.21341;1.21338;4;T;True;1
1621237746000;14139125;1.21335;1.21341;1.21338;2;T;True;1
1621237747000;14139126;1.21335;1.21341;1.21338;0;T;True;1
1621237748000;14139130;1.21337;1.21343;1.2134;3;T;True;1
1621237749000;14139141;1.21341;1.21347;1.21344;10;T;True;1
1621237750000;14139143;1.2134;1.21346;1.21343;1;T;True;1
1621237751000;14139144;1.2134;1.21346;1.21343;0;T;True;1
1621237752000;14139145;1.2134;1.21346;1.21343;0;T;True;1
1621237753000;14139146;1.2134;1.21346;1.21343;0;T;True;1
1621237754000;14139148;1.21339;1.21345;1.21342;1;T;True;1
1621237755000;14139155;1.21337;1.21343;1.2134;6;T;True;1
1621237756000;14139156;1.21337;1.21343;1.2134;0;T;True;1
1621237757000;14139161;1.21337;1.21343;1.2134;4;T;True;1
1621237758000;14139162;1.21337;1.21343;1.2134;0;T;True;1
1621237759000;14139163;1.21337;1.21343;1.2134;0;T;True;1
1621237760000;14139168;1.2134;1.21346;1.21343;4;T;True;1
1621237761000;14139172;1.21342;1.21348;1.21345;3;T;True;1
1621237762000;14139173;1.21342;1.21348;1.21345;0;T;True;1
1621237763000;14139174;1.21342;1.21348;1.21345;0;T;True;1
1621237764000;14139177;1.2134;1.21346;1.21343;2;T;True;1
1621237765000;14139180;1.21338;1.21344;1.21341;2;T;True;1
1621237766000;14139186;1.21342;1.21348;1.21345;5;T;True;1
1621237767000;14139187;1.21342;1.21348;1.21345;0;T;True;1
1621237768000;14139188;1.21342;1.21348;1.21345;0;T;True;1
1621237769000;14139196;1.2134;1.21346;1.21343;7;T;True;1
1621237770000;14139202;1.21342;1.21348;1.21345;5;T;True;1
1621237771000;14139203;1.21342;1.21348;1.21345;0;T;True;1
1621237772000;14139204;1.21342;1.21348;1.21345;0;T;True;1
1621237773000;14139209;1.21344;1.2135;1.21347;4;T;True;1
1621237774000;14139216;1.2134;1.21346;1.21343;6;T;True;1
1621237775000;14139221;1.21339;1.21345;1.21342;4;T;True;1
1621237776000;14139222;1.21339;1.21345;1.21342;0;T;True;1
1621237777000;14139223;1.21339;1.21345;1.21342;0;T;True;1
1621237778000;14139224;1.21339;1.21345;1.21342;0;T;True;1
1621237779000;14139225;1.21339;1.21345;1.21342;0;T;True;1
1621237780000;14139226;1.21339;1.21345;1.21342;0;T;True;1
1621237781000;14139235;1.21344;1.2135;1.21347;8;T;True;1
1621237782000;14139237;1.21344;1.2135;1.21347;1;T;True;1
1621237783000;14139239;1.21343;1.21349;1.21346;1;T;True;1
1621237784000;14139240;1.21343;1.21349;1.21346;0;T;True;1
1621237785000;14139241;1.21343;1.21349;1.21346;0;T;True;1
1621237786000;14139243;1.21344;1.2135;1.21347;1;T;True;1
1621237787000;14139245;1.21343;1.21349;1.21346;1;T;True;1
1621237788000;14139246;1.21343;1.21349;1.21346;0;T;True;1
1621237789000;14139247;1.21343;1.21349;1.21346;0;T;True;1
1621237790000;14139249;1.21342;1.21348;1.21345;1;T;True;1
1621237791000;14139250;1.21342;1.21348;1.21345;0;T;True;1
1621237792000;14139253;1.21342;1.21348;1.21345;2;T;True;1
1621237793000;14139255;1.21342;1.21348;1.21345;1;T;True;1
1621237794000;14139257;1.21342;1.21348;1.21345;1;T;True;1
1621237795000;14139260;1.21342;1.21348;1.21345;2;T;True;1
1621237796000;14139264;1.21342;1.21348;1.21345;3;T;True;1
1621237797000;14139265;1.21342;1.21348;1.21345;0;T;True;1
1621237798000;14139267;1.21342;1.21348;1.21345;1;T;True;1
1621237799000;14139269;1.21342;1.21348;1.21345;1;T;True;1
1621237800000;14139277;1.2134;1.21346;1.21343;7;T;True;1
1621237801000;14139279;1.2134;1.21346;1.21343;1;T;True;1
1621237802000;14139280;1.2134;1.21346;1.21343;0;T;True;1
1621237803000;14139283;1.21338;1.21344;1.21341;2;T;True;1
1621237804000;14139290;1.21334;1.2134;1.21337;6;T;True;1
1621237805000;14139294;1.21334;1.2134;1.21337;3;T;True;1
1621237806000;14139298;1.21334;1.2134;1.21337;3;T;True;1
1621237807000;14139301;1.21334;1.2134;1.21337;2;T;True;1
1621237808000;14139303;1.21334;1.2134;1.21337;1;T;True;1
1621237809000;14139308;1.21334;1.2134;1.21337;4;T;True;1
1621237810000;14139318;1.21342;1.21348;1.21345;9;T;True;1
1621237811000;14139320;1.21342;1.21348;1.21345;1;T;True;1
1621237812000;14139321;1.21342;1.21348;1.21345;0;T;True;1
1621237813000;14139324;1.21344;1.2135;1.21347;2;T;True;1
1621237814000;14139325;1.21344;1.2135;1.21347;0;T;True;1
1621237815000;14139326;1.21344;1.2135;1.21347;0;T;True;1
1621237816000;14139327;1.21344;1.2135;1.21347;0;T;True;1
1621237817000;14139328;1.21344;1.2135;1.21347;0;T;True;1
1621237818000;14139329;1.21344;1.2135;1.21347;0;T;True;1
1621237819000;14139331;1.21344;1.2135;1.21347;1;T;True;1
1621237820000;14139332;1.21344;1.2135;1.21347;0;T;True;1
1621237821000;14139335;1.21345;1.21351;1.21348;2;T;True;1
1621237822000;14139336;1.21345;1.21351;1.21348;0;T;True;1
1621237823000;14139340;1.21344;1.2135;1.21347;3;T;True;1
1621237824000;14139342;1.21345;1.21351;1.21348;1;T;True;1
1621237825000;14139343;1.21345;1.21351;1.21348;0;T;True;1
1621237826000;14139344;1.21345;1.21351;1.21348;0;T;True;1
1621237827000;14139346;1.21344;1.2135;1.21347;1;T;True;1
1621237828000;14139347;1.21344;1.2135;1.21347;0;T;True;1
1621237829000;14139350;1.21342;1.21348;1.21345;2;T;True;1
1621237830000;14139352;1.21342;1.21348;1.21345;1;T;True;1
1621237831000;14139354;1.21343;1.21349;1.21346;1;T;True;1
1621237832000;14139357;1.21342;1.21348;1.21345;2;T;True;1
1621237833000;14139360;1.21342;1.21348;1.21345;2;T;True;1
1621237834000;14139362;1.21343;1.21349;1.21346;1;T;True;1
1621237835000;14139367;1.21345;1.21351;1.21348;4;T;True;1
1621237836000;14139368;1.21345;1.21351;1.21348;0;T;True;1
1621237837000;14139369;1.21345;1.21351;1.21348;0;T;True;1
1621237838000;14139371;1.21345;1.21351;1.21348;1;T;True;1
1621237839000;14139372;1.21345;1.21351;1.21348;0;T;True;1
1621237840000;14139374;1.21344;1.2135;1.21347;1;T;True;1
1621237841000;14139375;1.21344;1.2135;1.21347;0;T;True;1
1621237842000;14139379;1.21344;1.2135;1.21347;3;T;True;1
1621237843000;14139383;1.21346;1.21352;1.21349;3;T;True;1
1621237844000;14139392;1.21352;1.21358;1.21355;8;T;True;1
1621237845000;14139398;1.21354;1.2136;1.21357;5;T;True;1
1621237846000;14139402;1.21356;1.21362;1.21359;3;T;True;1
1621237847000;14139404;1.21356;1.21362;1.21359;1;T;True;1
1621237848000;14139411;1.21356;1.21362;1.21359;6;T;True;1
1621237849000;14139412;1.21356;1.21362;1.21359;0;T;True;1
1621237850000;14139417;1.2136;1.21366;1.21363;4;T;True;1
1621237851000;14139419;1.2136;1.21366;1.21363;1;T;True;1
1621237852000;14139423;1.2136;1.21366;1.21363;3;T;True;1
1621237853000;14139424;1.2136;1.21366;1.21363;0;T;True;1
1621237854000;14139425;1.2136;1.21366;1.21363;0;T;True;1
1621237855000;14139426;1.2136;1.21366;1.21363;0;T;True;1
1621237856000;14139427;1.2136;1.21366;1.21363;0;T;True;1
1621237857000;14139428;1.2136;1.21366;1.21363;0;T;True;1
1621237858000;14139430;1.2136;1.21366;1.21363;1;T;True;1
1621237859000;14139437;1.21359;1.21365;1.21362;6;T;True;1
1621237860000;14139444;1.21358;1.21364;1.21361;6;T;True;1
1621237861000;14139447;1.21358;1.21364;1.21361;2;T;True;1
1621237862000;14139448;1.21358;1.21364;1.21361;0;T;True;1
1621237863000;14139457;1.21364;1.2137;1.21367;8;T;True;1
1621237864000;14139458;1.21364;1.2137;1.21367;0;T;True;1
1621237865000;14139460;1.21364;1.2137;1.21367;1;T;True;1
1621237866000;14139462;1.21365;1.21371;1.21368;1;T;True;1
1621237867000;14139465;1.21365;1.21371;1.21368;2;T;True;1
1621237868000;14139466;1.21365;1.21371;1.21368;0;T;True;1
1621237869000;14139469;1.21364;1.2137;1.21367;2;T;True;1
1621237870000;14139470;1.21364;1.2137;1.21367;0;T;True;1
1621237871000;14139472;1.21364;1.2137;1.21367;1;T;True;1
1621237872000;14139473;1.21364;1.2137;1.21367;0;T;True;1
1621237873000;14139474;1.21364;1.2137;1.21367;0;T;True;1
1621237874000;14139479;1.21366;1.21372;1.21369;4;T;True;1
1621237875000;14139481;1.21366;1.21372;1.21369;1;T;True;1
1621237876000;14139486;1.2137;1.21376;1.21373;4;T;True;1
1621237877000;14139488;1.2137;1.21376;1.21373;1;T;True;1
1621237878000;14139490;1.21369;1.21375;1.21372;1;T;True;1
1621237879000;14139498;1.21364;1.2137;1.21367;7;T;True;1
1621237880000;14139499;1.21364;1.2137;1.21367;0;T;True;1
1621237881000;14139500;1.21364;1.2137;1.21367;0;T;True;1
1621237882000;14139504;1.21365;1.21371;1.21368;3;T;True;1
1621237883000;14139505;1.21365;1.21371;1.21368;0;T;True;1
1621237884000;14139507;1.21364;1.2137;1.21367;1;T;True;1
1621237885000;14139509;1.21364;1.2137;1.21367;1;T;True;1
1621237886000;14139510;1.21364;1.2137;1.21367;0;T;True;1
1621237887000;14139511;1.21364;1.2137;1.21367;0;T;True;1
1621237888000;14139512;1.21364;1.2137;1.21367;0;T;True;1
1621237889000;14139513;1.21364;1.2137;1.21367;0;T;True;1
1621237890000;14139514;1.21364;1.2137;1.21367;0;T;True;1
1621237891000;14139515;1.21364;1.2137;1.21367;0;T;True;1
1621237892000;14139516;1.21364;1.2137;1.21367;0;T;True;1
1621237893000;14139517;1.21364;1.2137;1.21367;0;T;True;1
1621237894000;14139519;1.21364;1.2137;1.21367;1;T;True;1
1621237895000;14139521;1.21364;1.2137;1.21367;1;T;True;1
1621237896000;14139525;1.21364;1.2137;1.21367;3;T;True;1
1621237897000;14139527;1.21364;1.2137;1.21367;1;T;True;1
1621237898000;14139528;1.21364;1.2137;1.21367;0;T;True;1
1621237899000;14139529;1.21364;1.2137;1.21367;0;T;True;1
1621237900000;14139531;1.21364;1.2137;1.21367;1;T;True;1
1621237901000;14139536;1.2136;1.21366;1.21363;4;T;True;1
1621237902000;14139538;1.21359;1.21365;1.21362;1;T;True;1
1621237903000;14139539;1.21359;1.21365;1.21362;0;T;True;1
1621237904000;14139541;1.21359;1.21365;1.21362;1;T;True;1
1621237905000;14139544;1.2136;1.21366;1.21363;2;T;True;1
1621237906000;14139551;1.21364;1.2137;1.21367;6;T;True;1
1621237907000;14139553;1.21364;1.2137;1.21367;1;T;True;1
1621237908000;14139554;1.21364;1.2137;1.21367;0;T;True;1
1621237909000;14139561;1.2136;1.21366;1.21363;6;T;True;1
1621237910000;14139563;1.21361;1.21367;1.21364;1;T;True;1
1621237911000;14139566;1.21362;1.21368;1.21365;2;T;True;1
1621237912000;14139571;1.2136;1.21366;1.21363;4;T;True;1
1621237913000;14139575;1.21363;1.21369;1.21366;3;T;True;1
1621237914000;14139579;1.21365;1.21371;1.21368;3;T;True;1
1621237915000;14139580;1.21365;1.21371;1.21368;0;T;True;1
1621237916000;14139584;1.21364;1.2137;1.21367;3;T;True;1
1621237917000;14139587;1.21364;1.2137;1.21367;2;T;True;1
1621237918000;14139588;1.21364;1.2137;1.21367;0;T;True;1
1621237919000;14139590;1.21364;1.2137;1.21367;1;T;True;1
1621237920000;14139595;1.2136;1.21366;1.21363;4;T;True;1
1621237921000;14139602;1.21364;1.2137;1.21367;6;T;True;1
1621237922000;14139608;1.21362;1.21368;1.21365;5;T;True;1
1621237923000;14139609;1.21362;1.21368;1.21365;0;T;True;1
1621237924000;14139610;1.21362;1.21368;1.21365;0;T;True;1
1621237925000;14139617;1.21366;1.21372;1.21369;6;T;True;1
1621237926000;14139621;1.21366;1.21372;1.21369;3;T;True;1
1621237927000;14139625;1.21364;1.2137;1.21367;3;T;True;1
1621237928000;14139627;1.21364;1.2137;1.21367;1;T;True;1
1621237929000;14139628;1.21364;1.2137;1.21367;0;T;True;1
1621237930000;14139629;1.21364;1.2137;1.21367;0;T;True;1
1621237931000;14139630;1.21364;1.2137;1.21367;0;T;True;1
1621237932000;14139636;1.2136;1.21366;1.21363;5;T;True;1
1621237933000;14139638;1.2136;1.21366;1.21363;1;T;True;1
1621237934000;14139640;1.2136;1.21366;1.21363;1;T;True;1
1621237935000;14139648;1.21352;1.21358;1.21355;7;T;True;1
1621237936000;14139649;1.21352;1.21358;1.21355;0;T;True;1
1621237937000;14139653;1.2135;1.21356;1.21353;3;T;True;1
1621237938000;14139658;1.21352;1.21358;1.21355;4;T;True;1
1621237939000;14139659;1.21352;1.21358;1.21355;0;T;True;1
1621237940000;14139661;1.21352;1.21358;1.21355;1;T;True;1
1621237941000;14139665;1.21354;1.2136;1.21357;3;T;True;1
1621237942000;14139667;1.21354;1.2136;1.21357;1;T;True;1
1621237943000;14139668;1.21354;1.2136;1.21357;0;T;True;1
1621237944000;14139669;1.21354;1.2136;1.21357;0;T;True;1
1621237945000;14139671;1.21354;1.2136;1.21357;1;T;True;1
1621237946000;14139674;1.21354;1.2136;1.21357;2;T;True;1
1621237947000;14139679;1.21354;1.2136;1.21357;4;T;True;1
1621237948000;14139680;1.21354;1.2136;1.21357;0;T;True;1
1621237949000;14139681;1.21354;1.2136;1.21357;0;T;True;1
1621237950000;14139682;1.21354;1.2136;1.21357;0;T;True;1
1621237951000;14139687;1.21348;1.21354;1.21351;4;T;True;1
1621237952000;14139691;1.2135;1.21356;1.21353;3;T;True;1
1621237953000;14139694;1.2135;1.21356;1.21353;2;T;True;1
1621237954000;14139700;1.21352;1.21358;1.21355;5;T;True;1
1621237955000;14139701;1.21352;1.21358;1.21355;0;T;True;1
1621237956000;14139702;1.21352;1.21358;1.21355;0;T;True;1
1621237957000;14139703;1.21352;1.21358;1.21355;0;T;True;1
1621237958000;14139704;1.21352;1.21358;1.21355;0;T;True;1
1621237959000;14139705;1.21352;1.21358;1.21355;0;T;True;1
1621237960000;14139706;1.21352;1.21358;1.21355;0;T;True;1
1621237961000;14139710;1.21352;1.21358;1.21355;3;T;True;1
1621237962000;14139713;1.21352;1.21358;1.21355;2;T;True;1
1621237963000;14139714;1.21352;1.21358;1.21355;0;T;True;1
1621237964000;14139717;1.21352;1.21358;1.21355;2;T;True;1
1621237965000;14139719;1.21352;1.21358;1.21355;1;T;True;1
1621237966000;14139721;1.21352;1.21358;1.21355;1;T;True;1
1621237967000;14139737;1.21339;1.21345;1.21342;15;T;True;1
1621237968000;14139745;1.21342;1.21348;1.21345;7;T;True;1
1621237969000;14139747;1.21342;1.21348;1.21345;1;T;True;1
1621237970000;14139751;1.21342;1.21348;1.21345;3;T;True;1
1621237971000;14139755;1.21342;1.21348;1.21345;3;T;True;1
1621237972000;14139761;1.2134;1.21346;1.21343;5;T;True;1
1621237973000;14139768;1.21342;1.21348;1.21345;6;T;True;1
1621237974000;14139770;1.21342;1.21348;1.21345;1;T;True;1
1621237975000;14139772;1.21342;1.21348;1.21345;1;T;True;1
1621237976000;14139777;1.21344;1.2135;1.21347;4;T;True;1
1621237977000;14139778;1.21344;1.2135;1.21347;0;T;True;1
1621237978000;14139786;1.21344;1.2135;1.21347;7;T;True;1
1621237979000;14139789;1.21342;1.21348;1.21345;2;T;True;1
1621237980000;14139790;1.21342;1.21348;1.21345;0;T;True;1
1621237981000;14139791;1.21342;1.21348;1.21345;0;T;True;1
1621237982000;14139793;1.21342;1.21348;1.21345;1;T;True;1
1621237983000;14139797;1.21342;1.21348;1.21345;3;T;True;1
1621237984000;14139798;1.21342;1.21348;1.21345;0;T;True;1
1621237985000;14139806;1.21336;1.21342;1.21339;7;T;True;1
1621237986000;14139812;1.21334;1.2134;1.21337;5;T;True;1
1621237987000;14139813;1.21334;1.2134;1.21337;0;T;True;1
1621237988000;14139815;1.21334;1.2134;1.21337;1;T;True;1
1621237989000;14139819;1.21333;1.21339;1.21336;3;T;True;1
1621237990000;14139822;1.21334;1.2134;1.21337;2;T;True;1
1621237991000;14139829;1.21334;1.2134;1.21337;6;T;True;1
1621237992000;14139830;1.21334;1.2134;1.21337;0;T;True;1
1621237993000;14139835;1.21336;1.21342;1.21339;4;T;True;1
1621237994000;14139836;1.21336;1.21342;1.21339;0;T;True;1
1621237995000;14139837;1.21336;1.21342;1.21339;0;T;True;1
1621237996000;14139838;1.21336;1.21342;1.21339;0;T;True;1
1621237997000;14139839;1.21336;1.21342;1.21339;0;T;True;1
1621237998000;14139840;1.21336;1.21342;1.21339;0;T;True;1
1621237999000;14139841;1.21336;1.21342;1.21339;0;T;True;1
1621238000000;14139842;1.21336;1.21342;1.21339;0;T;True;1
1621238001000;14139848;1.21336;1.21342;1.21339;5;T;True;1
1621238002000;14139851;1.21336;1.21342;1.21339;2;T;True;1
1621238003000;14139853;1.21336;1.21342;1.21339;1;T;True;1
1621238004000;14139856;1.21336;1.21342;1.21339;2;T;True;1
1621238005000;14139860;1.21337;1.21343;1.2134;3;T;True;1
1621238006000;14139861;1.21337;1.21343;1.2134;0;T;True;1
1621238007000;14139864;1.21336;1.21342;1.21339;2;T;True;1
1621238008000;14139865;1.21336;1.21342;1.21339;0;T;True;1
1621238009000;14139866;1.21336;1.21342;1.21339;0;T;True;1
1621238010000;14139867;1.21336;1.21342;1.21339;0;T;True;1
1621238011000;14139872;1.21338;1.21344;1.21341;4;T;True;1
1621238012000;14139875;1.21338;1.21344;1.21341;2;T;True;1
1621238013000;14139887;1.21344;1.2135;1.21347;11;T;True;1
1621238014000;14139895;1.21342;1.21348;1.21345;7;T;True;1
1621238015000;14139896;1.21342;1.21348;1.21345;0;T;True;1
1621238016000;14139897;1.21342;1.21348;1.21345;0;T;True;1
1621238017000;14139902;1.21342;1.21348;1.21345;4;T;True;1
1621238018000;14139904;1.21342;1.21348;1.21345;1;T;True;1
1621238019000;14139905;1.21342;1.21348;1.21345;0;T;True;1
1621238020000;14139907;1.21342;1.21348;1.21345;1;T;True;1
1621238021000;14139911;1.2134;1.21346;1.21343;3;T;True;1
1621238022000;14139912;1.2134;1.21346;1.21343;0;T;True;1
1621238023000;14139913;1.2134;1.21346;1.21343;0;T;True;1
1621238024000;14139917;1.21342;1.21348;1.21345;3;T;True;1
1621238025000;14139922;1.21342;1.21348;1.21345;4;T;True;1
1621238026000;14139924;1.21342;1.21348;1.21345;1;T;True;1
1621238027000;14139926;1.21342;1.21348;1.21345;1;T;True;1
1621238028000;14139927;1.21342;1.21348;1.21345;0;T;True;1
1621238029000;14139928;1.21342;1.21348;1.21345;0;T;True;1
1621238030000;14139929;1.21342;1.21348;1.21345;0;T;True;1
1621238031000;14139931;1.21342;1.21348;1.21345;1;T;True;1
1621238032000;14139934;1.21342;1.21348;1.21345;2;T;True;1
1621238033000;14139944;1.21344;1.2135;1.21347;9;T;True;1
1621238034000;14139948;1.21348;1.21354;1.21351;3;T;True;1
1621238035000;14139952;1.21346;1.21352;1.21349;3;T;True;1
1621238036000;14139955;1.21346;1.21352;1.21349;2;T;True;1
1621238037000;14139960;1.21346;1.21352;1.21349;4;T;True;1
1621238038000;14139961;1.21346;1.21352;1.21349;0;T;True;1
1621238039000;14139965;1.21344;1.2135;1.21347;3;T;True;1
1621238040000;14139972;1.2134;1.21346;1.21343;6;T;True;1
1621238041000;14139976;1.2134;1.21346;1.21343;3;T;True;1
1621238042000;14139977;1.2134;1.21346;1.21343;0;T;True;1
1621238043000;14139980;1.21338;1.21344;1.21341;2;T;True;1
1621238044000;14139984;1.21339;1.21345;1.21342;3;T;True;1
1621238045000;14139988;1.21338;1.21344;1.21341;3;T;True;1
1621238046000;14139990;1.21338;1.21344;1.21341;1;T;True;1
1621238047000;14139995;1.21338;1.21344;1.21341;4;T;True;1
1621238048000;14139999;1.21338;1.21344;1.21341;3;T;True;1
1621238049000;14140003;1.21338;1.21344;1.21341;3;T;True;1
1621238050000;14140012;1.21343;1.21349;1.21346;8;T;True;1
1621238051000;14140016;1.2134;1.21346;1.21343;3;T;True;1
1621238052000;14140017;1.2134;1.21346;1.21343;0;T;True;1
1621238053000;14140022;1.21342;1.21348;1.21345;4;T;True;1
1621238054000;14140023;1.21342;1.21348;1.21345;0;T;True;1
1621238055000;14140024;1.21342;1.21348;1.21345;0;T;True;1
1621238056000;14140026;1.21342;1.21348;1.21345;1;T;True;1
1621238057000;14140027;1.21342;1.21348;1.21345;0;T;True;1
1621238058000;14140030;1.21342;1.21348;1.21345;2;T;True;1
1621238059000;14140031;1.21342;1.21348;1.21345;0;T;True;1
1621238060000;14140035;1.21344;1.2135;1.21347;3;T;True;1
1621238061000;14140037;1.21344;1.2135;1.21347;1;T;True;1
1621238062000;14140038;1.21344;1.2135;1.21347;0;T;True;1
1621238063000;14140039;1.21344;1.2135;1.21347;0;T;True;1
1621238064000;14140049;1.21338;1.21344;1.21341;9;T;True;1
1621238065000;14140051;1.21338;1.21344;1.21341;1;T;True;1
1621238066000;14140053;1.21338;1.21344;1.21341;1;T;True;1
1621238067000;14140054;1.21338;1.21344;1.21341;0;T;True;1
1621238068000;14140055;1.21338;1.21344;1.21341;0;T;True;1
1621238069000;14140058;1.21334;1.2134;1.21337;2;T;True;1
1621238070000;14140061;1.21332;1.21338;1.21335;2;T;True;1
1621238071000;14140066;1.21336;1.21342;1.21339;4;T;True;1
1621238072000;14140067;1.21336;1.21342;1.21339;0;T;True;1
1621238073000;14140068;1.21336;1.21342;1.21339;0;T;True;1
1621238074000;14140074;1.21336;1.21342;1.21339;5;T;True;1
1621238075000;14140077;1.21337;1.21343;1.2134;2;T;True;1
1621238076000;14140078;1.21337;1.21343;1.2134;0;T;True;1
1621238077000;14140082;1.21337;1.21343;1.2134;3;T;True;1
1621238078000;14140086;1.21338;1.21344;1.21341;3;T;True;1
1621238079000;14140088;1.21338;1.21344;1.21341;1;T;True;1
1621238080000;14140089;1.21338;1.21344;1.21341;0;T;True;1
1621238081000;14140092;1.21338;1.21344;1.21341;2;T;True;1
1621238082000;14140099;1.21333;1.21339;1.21336;6;T;True;1
1621238083000;14140107;1.21328;1.21334;1.21331;7;T;True;1
1621238084000;14140109;1.21328;1.21334;1.21331;1;T;True;1
1621238085000;14140110;1.21328;1.21334;1.21331;0;T;True;1
1621238086000;14140112;1.21328;1.21334;1.21331;1;T;True;1
1621238087000;14140113;1.21328;1.21334;1.21331;0;T;True;1
1621238088000;14140124;1.21328;1.21334;1.21331;10;T;True;1
1621238089000;14140126;1.21328;1.21334;1.21331;1;T;True;1
1621238090000;14140129;1.21328;1.21334;1.21331;2;T;True;1
1621238091000;14140130;1.21328;1.21334;1.21331;0;T;True;1
1621238092000;14140132;1.21328;1.21334;1.21331;1;T;True;1
1621238093000;14140135;1.21327;1.21333;1.2133;2;T;True;1
1621238094000;14140139;1.21328;1.21334;1.21331;3;T;True;1
1621238095000;14140150;1.21328;1.21334;1.21331;10;T;True;1
1621238096000;14140157;1.2133;1.21336;1.21333;6;T;True;1
1621238097000;14140159;1.2133;1.21336;1.21333;1;T;True;1
1621238098000;14140165;1.2133;1.21336;1.21333;5;T;True;1
1621238099000;14140171;1.21332;1.21338;1.21335;5;T;True;1
1621238100000;14140174;1.21332;1.21338;1.21335;2;T;True;1
1621238101000;14140178;1.21332;1.21338;1.21335;3;T;True;1
1621238102000;14140179;1.21332;1.21338;1.21335;0;T;True;1
1621238103000;14140181;1.21332;1.21338;1.21335;1;T;True;1
1621238104000;14140185;1.21336;1.21342;1.21339;3;T;True;1
1621238105000;14140186;1.21336;1.21342;1.21339;0;T;True;1
1621238106000;14140190;1.21337;1.21343;1.2134;3;T;True;1
1621238107000;14140192;1.21336;1.21342;1.21339;1;T;True;1
1621238108000;14140195;1.21336;1.21342;1.21339;2;T;True;1
1621238109000;14140197;1.21336;1.21342;1.21339;1;T;True;1
1621238110000;14140202;1.21334;1.2134;1.21337;4;T;True;1
1621238111000;14140204;1.21334;1.2134;1.21337;1;T;True;1
1621238112000;14140206;1.21334;1.2134;1.21337;1;T;True;1
1621238113000;14140207;1.21334;1.2134;1.21337;0;T;True;1
1621238114000;14140212;1.21331;1.21337;1.21334;4;T;True;1
1621238115000;14140213;1.21331;1.21337;1.21334;0;T;True;1
1621238116000;14140216;1.2133;1.21336;1.21333;2;T;True;1
1621238117000;14140218;1.2133;1.21336;1.21333;1;T;True;1
1621238118000;14140224;1.2133;1.21336;1.21333;5;T;True;1
1621238119000;14140230;1.21328;1.21334;1.21331;5;T;True;1
1621238120000;14140232;1.21328;1.21334;1.21331;1;T;True;1
1621238121000;14140233;1.21328;1.21334;1.21331;0;T;True;1
1621238122000;14140234;1.21328;1.21334;1.21331;0;T;True;1
1621238123000;14140239;1.21323;1.21329;1.21326;4;T;True;1
1621238124000;14140241;1.21323;1.21329;1.21326;1;T;True;1
1621238125000;14140243;1.21323;1.21329;1.21326;1;T;True;1
1621238126000;14140244;1.21323;1.21329;1.21326;0;T;True;1
1621238127000;14140249;1.21318;1.21324;1.21321;4;T;True;1
1621238128000;14140254;1.21314;1.2132;1.21317;4;T;True;1
1621238129000;14140260;1.21317;1.21323;1.2132;5;T;True;1
1621238130000;14140262;1.21317;1.21323;1.2132;1;T;True;1
1621238131000;14140263;1.21317;1.21323;1.2132;0;T;True;1
1621238132000;14140264;1.21317;1.21323;1.2132;0;T;True;1
1621238133000;14140265;1.21317;1.21323;1.2132;0;T;True;1
1621238134000;14140270;1.21314;1.2132;1.21317;4;T;True;1
1621238135000;14140276;1.21312;1.21318;1.21315;5;T;True;1
1621238136000;14140280;1.21312;1.21318;1.21315;3;T;True;1
1621238137000;14140281;1.21312;1.21318;1.21315;0;T;True;1
1621238138000;14140283;1.21312;1.21318;1.21315;1;T;True;1
1621238139000;14140284;1.21312;1.21318;1.21315;0;T;True;1
1621238140000;14140287;1.21314;1.2132;1.21317;2;T;True;1
1621238141000;14140289;1.21314;1.2132;1.21317;1;T;True;1
1621238142000;14140290;1.21314;1.2132;1.21317;0;T;True;1
1621238143000;14140291;1.21314;1.2132;1.21317;0;T;True;1
1621238144000;14140293;1.21313;1.21319;1.21316;1;T;True;1
1621238145000;14140295;1.21314;1.2132;1.21317;1;T;True;1
1621238146000;14140297;1.21313;1.21319;1.21316;1;T;True;1
1621238147000;14140298;1.21313;1.21319;1.21316;0;T;True;1
1621238148000;14140299;1.21313;1.21319;1.21316;0;T;True;1
1621238149000;14140303;1.21314;1.2132;1.21317;3;T;True;1
1621238150000;14140305;1.21315;1.21321;1.21318;1;T;True;1
1621238151000;14140309;1.21318;1.21324;1.21321;3;T;True;1
1621238152000;14140310;1.21318;1.21324;1.21321;0;T;True;1
1621238153000;14140311;1.21318;1.21324;1.21321;0;T;True;1
1621238154000;14140312;1.21318;1.21324;1.21321;0;T;True;1
1621238155000;14140314;1.21318;1.21324;1.21321;1;T;True;1
1621238156000;14140317;1.21317;1.21323;1.2132;2;T;True;1
1621238157000;14140318;1.21317;1.21323;1.2132;0;T;True;1
1621238158000;14140321;1.21317;1.21323;1.2132;2;T;True;1
1621238159000;14140324;1.21318;1.21324;1.21321;2;T;True;1
1621238160000;14140327;1.21318;1.21324;1.21321;2;T;True;1
1621238161000;14140328;1.21318;1.21324;1.21321;0;T;True;1
1621238162000;14140329;1.21318;1.21324;1.21321;0;T;True;1
1621238163000;14140330;1.21318;1.21324;1.21321;0;T;True;1
1621238164000;14140332;1.21318;1.21324;1.21321;1;T;True;1
1621238165000;14140333;1.21318;1.21324;1.21321;0;T;True;1
1621238166000;14140335;1.21318;1.21324;1.21321;1;T;True;1
1621238167000;14140336;1.21318;1.21324;1.21321;0;T;True;1
1621238168000;14140340;1.21316;1.21322;1.21319;3;T;True;1
1621238169000;14140342;1.21318;1.21324;1.21321;1;T;True;1
1621238170000;14140343;1.21318;1.21324;1.21321;0;T;True;1
1621238171000;14140345;1.21318;1.21324;1.21321;1;T;True;1
1621238172000;14140346;1.21318;1.21324;1.21321;0;T;True;1
1621238173000;14140353;1.21322;1.21328;1.21325;6;T;True;1
1621238174000;14140355;1.21322;1.21328;1.21325;1;T;True;1
1621238175000;14140357;1.21323;1.21329;1.21326;1;T;True;1
1621238176000;14140363;1.21323;1.21329;1.21326;5;T;True;1
1621238177000;14140365;1.21322;1.21328;1.21325;1;T;True;1
1621238178000;14140366;1.21322;1.21328;1.21325;0;T;True;1
1621238179000;14140367;1.21322;1.21328;1.21325;0;T;True;1
1621238180000;14140368;1.21322;1.21328;1.21325;0;T;True;1
1621238181000;14140369;1.21322;1.21328;1.21325;0;T;True;1
1621238182000;14140371;1.21322;1.21328;1.21325;1;T;True;1
1621238183000;14140373;1.21322;1.21328;1.21325;1;T;True;1
1621238184000;14140375;1.21322;1.21328;1.21325;1;T;True;1
1621238185000;14140376;1.21322;1.21328;1.21325;0;T;True;1
1621238186000;14140377;1.21322;1.21328;1.21325;0;T;True;1
1621238187000;14140379;1.21322;1.21328;1.21325;1;T;True;1
1621238188000;14140380;1.21322;1.21328;1.21325;0;T;True;1
1621238189000;14140391;1.21318;1.21324;1.21321;10;T;True;1
1621238190000;14140392;1.21318;1.21324;1.21321;0;T;True;1
1621238191000;14140393;1.21318;1.21324;1.21321;0;T;True;1
1621238192000;14140396;1.21318;1.21324;1.21321;2;T;True;1
1621238193000;14140400;1.21318;1.21324;1.21321;3;T;True;1
1621238194000;14140403;1.21318;1.21324;1.21321;2;T;True;1
1621238195000;14140404;1.21318;1.21324;1.21321;0;T;True;1
