ts;n;bid;ask;value;volume;phase;round;active_id
1621263462000;14213119;1.2145;1.21456;1.21453;5;T;True;1
1621263463000;14213123;1.21449;1.21455;1.21452;3;T;True;1
1621263464000;14213127;1.21451;1.21457;1.21454;3;T;True;1
1621263465000;14213132;1.21449;1.21455;1.21452;4;T;True;1
1621263466000;14213140;1.21451;1.21457;1.21454;7;T;True;1
1621263467000;14213145;1.2145;1.21456;1.21453;4;T;True;1
1621263468000;14213154;1.21451;1.21457;1.21454;8;T;True;1
1621263469000;14213164;1.2145;1.21456;1.21453;9;T;True;1
1621263470000;14213166;1.2145;1.21456;1.21453;1;T;True;1
1621263471000;14213175;1.21448;1.21454;1.21451;8;T;True;1
1621263472000;14213179;1.21448;1.21454;1.21451;3;T;True;1
1621263473000;14213186;1.2145;1.21456;1.21453;6;T;True;1
1621263474000;14213188;1.2145;1.21456;1.21453;1;T;True;1
1621263475000;14213196;1.21448;1.21454;1.21451;7;T;True;1
1621263476000;14213199;1.21448;1.21454;1.21451;2;T;True;1
1621263477000;14213201;1.21448;1.21454;1.21451;1;T;True;1
1621263478000;14213215;1.2145;1.21456;1.21453;13;T;True;1
1621263479000;14213219;1.21449;1.21455;1.21452;3;T;True;1
1621263480000;14213224;1.21448;1.21454;1.21451;4;T;True;1
1621263481000;14213230;1.21447;1.21453;1.2145;5;T;True;1
1621263482000;14213235;1.2145;1.21456;1.21453;4;T;True;1
1621263483000;14213240;1.21448;1.21454;1.21451;4;T;True;1
1621263484000;14213255;1.21456;1.21462;1.21459;14;T;True;1
1621263485000;14213266;1.21457;1.21463;1.2146;10;T;True;1
1621263486000;14213272;1.2146;1.21466;1.21463;5;T;True;1
1621263487000;14213275;1.2146;1.21466;1.21463;2;T;True;1
1621263488000;14213277;1.2146;1.21466;1.21463;1;T;True;1
1621263489000;14213278;1.2146;1.21466;1.21463;0;T;True;1
1621263490000;14213281;1.2146;1.21466;1.21463;2;T;True;1
1621263491000;14213283;1.21461;1.21467;1.21464;1;T;True;1
1621263492000;14213292;1.21462;1.21468;1.21465;8;T;True;1
1621263493000;14213298;1.2146;1.21466;1.21463;5;T;True;1
1621263494000;14213300;1.2146;1.21466;1.21463;1;T;True;1
1621263495000;14213302;1.2146;1.21466;1.21463;1;T;True;1
1621263496000;14213308;1.21464;1.2147;1.21467;5;T;True;1
1621263497000;14213311;1.21462;1.21468;1.21465;2;T;True;1
1621263498000;14213316;1.21464;1.2147;1.21467;4;T;True;1
1621263499000;14213322;1.21471;1.21477;1.21474;5;T;True;1
1621263500000;14213329;1.21471;1.21477;1.21474;6;T;True;1
1621263501000;14213331;1.2147;1.21476;1.21473;1;T;True;1
1621263502000;14213333;1.21472;1.21478;1.21475;1;T;True;1
1621263503000;14213335;1.2147;1.21476;1.21473;1;T;True;1
1621263504000;14213338;1.21466;1.21472;1.21469;2;T;True;1
1621263505000;14213342;1.21468;1.21474;1.21471;3;T;True;1
1621263506000;14213345;1.21467;1.21473;1.2147;2;T;True;1
1621263507000;14213348;1.2147;1.21476;1.21473;2;T;True;1
1621263508000;14213353;1.21471;1.21477;1.21474;4;T;True;1
1621263509000;14213363;1.21471;1.21477;1.21474;9;T;True;1
1621263510000;14213370;1.21468;1.21474;1.21471;6;T;True;1
1621263511000;14213379;1.2147;1.21476;1.21473;8;T;True;1
1621263512000;14213380;1.2147;1.21476;1.21473;0;T;True;1
1621263513000;14213385;1.21469;1.21475;1.21472;4;T;True;1
1621263514000;14213393;1.21465;1.21471;1.21468;7;T;True;1
1621263515000;14213398;1.21465;1.21471;1.21468;4;T;True;1
1621263516000;14213401;1.21465;1.21471;1.21468;2;T;True;1
1621263517000;14213402;1.21465;1.21471;1.21468;0;T;True;1
1621263518000;14213405;1.21464;1.2147;1.21467;2;T;True;1
1621263519000;14213411;1.21464;1.2147;1.21467;5;T;True;1
1621263520000;14213415;1.21463;1.21469;1.21466;3;T;True;1
1621263521000;14213422;1.21464;1.2147;1.21467;6;T;True;1
1621263522000;14213425;1.21463;1.21469;1.21466;2;T;True;1
1621263523000;14213429;1.21462;1.21468;1.21465;3;T;True;1
1621263524000;14213438;1.21458;1.21464;1.21461;8;T;True;1
1621263525000;14213444;1.21458;1.21464;1.21461;5;T;True;1
1621263526000;14213454;1.21457;1.21463;1.2146;9;T;True;1
1621263527000;14213461;1.21456;1.21462;1.21459;6;T;True;1
1621263528000;14213464;1.21455;1.21461;1.21458;2;T;True;1
1621263529000;14213471;1.21454;1.2146;1.21457;6;T;True;1
1621263530000;14213482;1.21452;1.21458;1.21455;10;T;True;1
1621263531000;14213483;1.21452;1.21458;1.21455;0;T;True;1
1621263532000;14213492;1.21449;1.21455;1.21452;8;T;True;1
1621263533000;14213498;1.21448;1.21454;1.21451;5;T;True;1
1621263534000;14213506;1.21445;1.21451;1.21448;7;T;True;1
1621263535000;14213509;1.21444;1.2145;1.21447;2;T;True;1
1621263536000;14213513;1.21444;1.2145;1.21447;3;T;True;1
1621263537000;14213525;1.2144;1.21446;1.21443;11;T;True;1
1621263538000;14213530;1.2144;1.21446;1.21443;4;T;True;1
1621263539000;14213533;1.21442;1.21448;1.21445;2;T;True;1
1621263540000;14213540;1.21442;1.21448;1.21445;6;T;True;1
1621263541000;14213552;1.21448;1.21454;1.21451;11;T;True;1
1621263542000;14213556;1.21448;1.21454;1.21451;3;T;True;1
1621263543000;14213566;1.21444;1.2145;1.21447;9;T;True;1
1621263544000;14213577;1.21448;1.21454;1.21451;10;T;True;1
1621263545000;14213582;1.2145;1.21456;1.21453;4;T;True;1
1621263546000;14213588;1.2145;1.21456;1.21453;5;T;True;1
1621263547000;14213594;1.21452;1.21458;1.21455;5;T;True;1
1621263548000;14213602;1.21448;1.21454;1.21451;7;T;True;1
1621263549000;14213611;1.21449;1.21455;1.21452;8;T;True;1
1621263550000;14213623;1.21444;1.2145;1.21447;11;T;True;1
1621263551000;14213627;1.21444;1.2145;1.21447;3;T;True;1
1621263552000;14213639;1.21445;1.21451;1.21448;11;T;True;1
1621263553000;14213643;1.21446;1.21452;1.21449;3;T;True;1
1621263554000;14213655;1.2145;1.21456;1.21453;11;T;True;1
1621263555000;14213664;1.21446;1.21452;1.21449;8;T;True;1
1621263556000;14213672;1.2144;1.21446;1.21443;7;T;True;1
1621263557000;14213678;1.21442;1.21448;1.21445;5;T;True;1
1621263558000;14213684;1.21442;1.21448;1.21445;5;T;True;1
1621263559000;14213690;1.21444;1.2145;1.21447;5;T;True;1
1621263560000;14213696;1.2144;1.21446;1.21443;5;T;True;1
1621263561000;14213701;1.21444;1.2145;1.21447;4;T;True;1
1621263562000;14213703;1.21444;1.2145;1.21447;1;T;True;1
1621263563000;14213709;1.21444;1.2145;1.21447;5;T;True;1
1621263564000;14213712;1.21446;1.21452;1.21449;2;T;True;1
1621263565000;14213713;1.21446;1.21452;1.21449;0;T;True;1
1621263566000;14213714;1.21446;1.21452;1.21449;0;T;True;1
1621263567000;14213715;1.21446;1.21452;1.21449;0;T;True;1
1621263568000;14213716;1.21446;1.21452;1.21449;0;T;True;1
1621263569000;14213717;1.21446;1.21452;1.21449;0;T;True;1
1621263570000;14213718;1.21446;1.21452;1.21449;0;T;True;1
1621263571000;14213719;1.21446;1.21452;1.21449;0;T;True;1
1621263572000;14213725;1.2145;1.21456;1.21453;5;T;True;1
1621263573000;14213731;1.21448;1.21454;1.21451;5;T;True;1
1621263574000;14213733;1.21449;1.21455;1.21452;1;T;True;1
1621263575000;14213735;1.2145;1.21456;1.21453;1;T;True;1
1621263576000;14213737;1.2145;1.21456;1.21453;1;T;True;1
1621263577000;14213744;1.21452;1.21458;1.21455;6;T;True;1
1621263578000;14213747;1.21452;1.21458;1.21455;2;T;True;1
1621263579000;14213750;1.21452;1.21458;1.21455;2;T;True;1
1621263580000;14213755;1.21453;1.21459;1.21456;4;T;True;1
1621263581000;14213758;1.21453;1.21459;1.21456;2;T;True;1
1621263582000;14213762;1.21451;1.21457;1.21454;3;T;True;1
1621263583000;14213763;1.21451;1.21457;1.21454;0;T;True;1
1621263584000;14213764;1.21451;1.21457;1.21454;0;T;True;1
1621263585000;14213772;1.21446;1.21452;1.21449;7;T;True;1
1621263586000;14213777;1.21448;1.21454;1.21451;4;T;True;1
1621263587000;14213780;1.21449;1.21455;1.21452;2;T;True;1
1621263588000;14213790;1.2145;1.21456;1.21453;9;T;True;1
1621263589000;14213797;1.21446;1.21452;1.21449;6;T;True;1
1621263590000;14213799;1.21445;1.21451;1.21448;1;T;True;1
1621263591000;14213802;1.21444;1.2145;1.21447;2;T;True;1
1621263592000;14213805;1.21444;1.2145;1.21447;2;T;True;1
1621263593000;14213808;1.21444;1.2145;1.21447;2;T;True;1
1621263594000;14213818;1.21444;1.2145;1.21447;9;T;True;1
1621263595000;14213824;1.2144;1.21446;1.21443;5;T;True;1
1621263596000;14213830;1.21442;1.21448;1.21445;5;T;True;1
1621263597000;14213833;1.21444;1.2145;1.21447;2;T;True;1
1621263598000;14213840;1.21443;1.21449;1.21446;6;T;True;1
1621263599000;14213846;1.2144;1.21446;1.21443;5;T;True;1
1621263600000;14213848;1.2144;1.21446;1.21443;1;T;True;1
1621263601000;14213856;1.21442;1.21448;1.21445;7;T;True;1
1621263602000;14213858;1.21444;1.2145;1.21447;1;T;True;1
1621263603000;14213868;1.21435;1.21441;1.21438;9;T;True;1
1621263604000;14213870;1.21435;1.21441;1.21438;1;T;True;1
1621263605000;14213878;1.21443;1.21449;1.21446;7;T;True;1
1621263606000;14213883;1.21443;1.21449;1.21446;4;T;True;1
1621263607000;14213887;1.21443;1.21449;1.21446;3;T;True;1
1621263608000;14213892;1.21443;1.21449;1.21446;4;T;True;1
1621263609000;14213897;1.21441;1.21447;1.21444;4;T;True;1
1621263610000;14213899;1.21442;1.21448;1.21445;1;T;True;1
1621263611000;14213904;1.21446;1.21452;1.21449;4;T;True;1
1621263612000;14213906;1.21445;1.21451;1.21448;1;T;True;1
1621263613000;14213907;1.21445;1.21451;1.21448;0;T;True;1
1621263614000;14213909;1.21445;1.21451;1.21448;1;T;True;1
1621263615000;14213917;1.21448;1.21454;1.21451;7;T;True;1
1621263616000;14213921;1.21449;1.21455;1.21452;3;T;True;1
1621263617000;14213925;1.21449;1.21455;1.21452;3;T;True;1
1621263618000;14213930;1.2145;1.21456;1.21453;4;T;True;1
1621263619000;14213933;1.2145;1.21456;1.21453;2;T;True;1
1621263620000;14213935;1.2145;1.21456;1.21453;1;T;True;1
1621263621000;14213940;1.2145;1.21456;1.21453;4;T;True;1
1621263622000;14213942;1.2145;1.21456;1.21453;1;T;True;1
1621263623000;14213948;1.2145;1.21456;1.21453;5;T;True;1
1621263624000;14213949;1.2145;1.21456;1.21453;0;T;True;1
1621263625000;14213951;1.2145;1.21456;1.21453;1;T;True;1
1621263626000;14213959;1.21446;1.21452;1.21449;7;T;True;1
1621263627000;14213969;1.21446;1.21452;1.21449;9;T;True;1
1621263628000;14213971;1.21446;1.21452;1.21449;1;T;True;1
1621263629000;14213972;1.21446;1.21452;1.21449;0;T;True;1
1621263630000;14213979;1.21446;1.21452;1.21449;6;T;True;1
1621263631000;14213982;1.21447;1.21453;1.2145;2;T;True;1
1621263632000;14213983;1.21447;1.21453;1.2145;0;T;True;1
1621263633000;14213990;1.21441;1.21447;1.21444;6;T;True;1
1621263634000;14213998;1.2144;1.21446;1.21443;7;T;True;1
1621263635000;14214004;1.2144;1.21446;1.21443;5;T;True;1
1621263636000;14214008;1.2144;1.21446;1.21443;3;T;True;1
1621263637000;14214011;1.2144;1.21446;1.21443;2;T;True;1
1621263638000;14214013;1.2144;1.21446;1.21443;1;T;True;1
1621263639000;14214022;1.21434;1.2144;1.21437;8;T;True;1
1621263640000;14214024;1.21436;1.21442;1.21439;1;T;True;1
1621263641000;14214032;1.21438;1.21444;1.21441;7;T;True;1
1621263642000;14214037;1.2144;1.21446;1.21443;4;T;True;1
1621263643000;14214051;1.21445;1.21451;1.21448;13;T;True;1
1621263644000;14214058;1.2144;1.21446;1.21443;6;T;True;1
1621263645000;14214059;1.2144;1.21446;1.21443;0;T;True;1
1621263646000;14214066;1.21442;1.21448;1.21445;6;T;True;1
1621263647000;14214069;1.21442;1.21448;1.21445;2;T;True;1
1621263648000;14214070;1.21442;1.21448;1.21445;0;T;True;1
1621263649000;14214076;1.21442;1.21448;1.21445;5;T;True;1
1621263650000;14214082;1.21442;1.21448;1.21445;5;T;True;1
1621263651000;14214087;1.21444;1.2145;1.21447;4;T;True;1
1621263652000;14214093;1.2145;1.21456;1.21453;5;T;True;1
1621263653000;14214098;1.21451;1.21457;1.21454;4;T;True;1
1621263654000;14214100;1.21452;1.21458;1.21455;1;T;True;1
1621263655000;14214106;1.21454;1.2146;1.21457;5;T;True;1
1621263656000;14214112;1.21454;1.2146;1.21457;5;T;True;1
1621263657000;14214113;1.21454;1.2146;1.21457;0;T;True;1
1621263658000;14214114;1.21454;1.2146;1.21457;0;T;True;1
1621263659000;14214118;1.2145;1.21456;1.21453;3;T;True;1
1621263660000;14214129;1.2145;1.21456;1.21453;10;T;True;1
1621263661000;14214137;1.2145;1.21456;1.21453;7;T;True;1
1621263662000;14214143;1.2145;1.21456;1.21453;5;T;True;1
1621263663000;14214146;1.21448;1.21454;1.21451;2;T;True;1
1621263664000;14214158;1.21448;1.21454;1.21451;11;T;True;1
1621263665000;14214162;1.21448;1.21454;1.21451;3;T;True;1
1621263666000;14214166;1.2145;1.21456;1.21453;3;T;True;1
1621263667000;14214168;1.2145;1.21456;1.21453;1;T;True;1
1621263668000;14214173;1.21448;1.21454;1.21451;4;T;True;1
1621263669000;14214175;1.21446;1.21452;1.21449;1;T;True;1
1621263670000;14214187;1.21447;1.21453;1.2145;11;T;True;1
1621263671000;14214191;1.21446;1.21452;1.21449;3;T;True;1
1621263672000;14214198;1.21444;1.2145;1.21447;6;T;True;1
1621263673000;14214200;1.21444;1.2145;1.21447;1;T;True;1
1621263674000;14214203;1.21445;1.21451;1.21448;2;T;True;1
1621263675000;14214209;1.21446;1.21452;1.21449;5;T;True;1
1621263676000;14214215;1.21445;1.21451;1.21448;5;T;True;1
1621263677000;14214223;1.2145;1.21456;1.21453;7;T;True;1
1621263678000;14214225;1.2145;1.21456;1.21453;1;T;True;1
1621263679000;14214231;1.21446;1.21452;1.21449;5;T;True;1
1621263680000;14214234;1.21445;1.21451;1.21448;2;T;True;1
1621263681000;14214243;1.2144;1.21446;1.21443;8;T;True;1
1621263682000;14214251;1.21444;1.2145;1.21447;7;T;True;1
1621263683000;14214257;1.21445;1.21451;1.21448;5;T;True;1
1621263684000;14214268;1.21442;1.21448;1.21445;10;T;True;1
1621263685000;14214279;1.21443;1.21449;1.21446;10;T;True;1
1621263686000;14214286;1.21442;1.21448;1.21445;6;T;True;1
1621263687000;14214288;1.21442;1.21448;1.21445;1;T;True;1
1621263688000;14214296;1.21442;1.21448;1.21445;7;T;True;1
1621263689000;14214301;1.21442;1.21448;1.21445;4;T;True;1
1621263690000;14214305;1.2144;1.21446;1.21443;3;T;True;1
1621263691000;14214312;1.2144;1.21446;1.21443;6;T;True;1
1621263692000;14214318;1.21439;1.21445;1.21442;5;T;True;1
1621263693000;14214324;1.21442;1.21448;1.21445;5;T;True;1
1621263694000;14214327;1.21441;1.21447;1.21444;2;T;True;1
1621263695000;14214330;1.21441;1.21447;1.21444;2;T;True;1
1621263696000;14214334;1.21442;1.21448;1.21445;3;T;True;1
1621263697000;14214340;1.2144;1.21446;1.21443;5;T;True;1
1621263698000;14214342;1.2144;1.21446;1.21443;1;T;True;1
1621263699000;14214343;1.2144;1.21446;1.21443;0;T;True;1
1621263700000;14214350;1.2144;1.21446;1.21443;6;T;True;1
1621263701000;14214359;1.21433;1.21439;1.21436;8;T;True;1
1621263702000;14214366;1.21434;1.2144;1.21437;6;T;True;1
1621263703000;14214373;1.21432;1.21438;1.21435;6;T;True;1
1621263704000;14214378;1.2143;1.21436;1.21433;4;T;True;1
1621263705000;14214380;1.21428;1.21434;1.21431;1;T;True;1
1621263706000;14214386;1.21422;1.21428;1.21425;5;T;True;1
1621263707000;14214391;1.21424;1.2143;1.21427;4;T;True;1
1621263708000;14214399;1.2143;1.21436;1.21433;7;T;True;1
1621263709000;14214400;1.2143;1.21436;1.21433;0;T;True;1
1621263710000;14214405;1.21434;1.2144;1.21437;4;T;True;1
1621263711000;14214408;1.21432;1.21438;1.21435;2;T;True;1
1621263712000;14214409;1.21432;1.21438;1.21435;0;T;True;1
1621263713000;14214414;1.21434;1.2144;1.21437;4;T;True;1
1621263714000;14214416;1.21434;1.2144;1.21437;1;T;True;1
1621263715000;14214418;1.21436;1.21442;1.21439;1;T;True;1
1621263716000;14214427;1.21436;1.21442;1.21439;8;T;True;1
1621263717000;14214430;1.21436;1.21442;1.21439;2;T;True;1
1621263718000;14214431;1.21436;1.21442;1.21439;0;T;True;1
1621263719000;14214434;1.21436;1.21442;1.21439;2;T;True;1
1621263720000;14214439;1.21432;1.21438;1.21435;4;T;True;1
1621263721000;14214443;1.21433;1.21439;1.21436;3;T;True;1
1621263722000;14214444;1.21433;1.21439;1.21436;0;T;True;1
1621263723000;14214448;1.21433;1.21439;1.21436;3;T;True;1
1621263724000;14214451;1.21434;1.2144;1.21437;2;T;True;1
1621263725000;14214456;1.21432;1.21438;1.21435;4;T;True;1
1621263726000;14214457;1.21432;1.21438;1.21435;0;T;True;1
1621263727000;14214463;1.2143;1.21436;1.21433;5;T;True;1
1621263728000;14214465;1.21431;1.21437;1.21434;1;T;True;1
1621263729000;14214467;1.2143;1.21436;1.21433;1;T;True;1
1621263730000;14214472;1.21432;1.21438;1.21435;4;T;True;1
1621263731000;14214473;1.21432;1.21438;1.21435;0;T;True;1
1621263732000;14214477;1.21434;1.2144;1.21437;3;T;True;1
1621263733000;14214479;1.21434;1.2144;1.21437;1;T;True;1
1621263734000;14214483;1.21432;1.21438;1.21435;3;T;True;1
1621263735000;14214487;1.2143;1.21436;1.21433;3;T;True;1
1621263736000;14214488;1.2143;1.21436;1.21433;0;T;True;1
1621263737000;14214495;1.21431;1.21437;1.21434;6;T;True;1
1621263738000;14214501;1.2143;1.21436;1.21433;5;T;True;1
1621263739000;14214504;1.21429;1.21435;1.21432;2;T;True;1
1621263740000;14214509;1.2143;1.21436;1.21433;4;T;True;1
1621263741000;14214515;1.2143;1.21436;1.21433;5;T;True;1
1621263742000;14214517;1.2143;1.21436;1.21433;1;T;True;1
1621263743000;14214523;1.2143;1.21436;1.21433;5;T;True;1
1621263744000;14214530;1.21428;1.21434;1.21431;6;T;True;1
1621263745000;14214533;1.21428;1.21434;1.21431;2;T;True;1
1621263746000;14214538;1.2143;1.21436;1.21433;4;T;True;1
1621263747000;14214544;1.21432;1.21438;1.21435;5;T;True;1
1621263748000;14214546;1.21431;1.21437;1.21434;1;T;True;1
1621263749000;14214548;1.2143;1.21436;1.21433;1;T;True;1
1621263750000;14214551;1.2143;1.21436;1.21433;2;T;True;1
1621263751000;14214559;1.21426;1.21432;1.21429;7;T;True;1
1621263752000;14214561;1.21426;1.21432;1.21429;1;T;True;1
1621263753000;14214564;1.21426;1.21432;1.21429;2;T;True;1
1621263754000;14214565;1.21426;1.21432;1.21429;0;T;True;1
1621263755000;14214570;1.21428;1.21434;1.21431;4;T;True;1
1621263756000;14214572;1.21429;1.21435;1.21432;1;T;True;1
1621263757000;14214575;1.2143;1.21436;1.21433;2;T;True;1
1621263758000;14214577;1.2143;1.21436;1.21433;1;T;True;1
1621263759000;14214588;1.21434;1.2144;1.21437;10;T;True;1
1621263760000;14214592;1.21434;1.2144;1.21437;3;T;True;1
1621263761000;14214595;1.21434;1.2144;1.21437;2;T;True;1
1621263762000;14214597;1.21434;1.2144;1.21437;1;T;True;1
1621263763000;14214598;1.21434;1.2144;1.21437;0;T;True;1
1621263764000;14214600;1.21434;1.2144;1.21437;1;T;True;1
1621263765000;14214603;1.21434;1.2144;1.21437;2;T;True;1
1621263766000;14214604;1.21434;1.2144;1.21437;0;T;True;1
1621263767000;14214605;1.21434;1.2144;1.21437;0;T;True;1
1621263768000;14214606;1.21434;1.2144;1.21437;0;T;True;1
1621263769000;14214610;1.21433;1.21439;1.21436;3;T;True;1
1621263770000;14214615;1.2143;1.21436;1.21433;4;T;True;1
1621263771000;14214617;1.21431;1.21437;1.21434;1;T;True;1
1621263772000;14214619;1.2143;1.21436;1.21433;1;T;True;1
1621263773000;14214621;1.21431;1.21437;1.21434;1;T;True;1
1621263774000;14214622;1.21431;1.21437;1.21434;0;T;True;1
1621263775000;14214627;1.21432;1.21438;1.21435;4;T;True;1
1621263776000;14214630;1.21432;1.21438;1.21435;2;T;True;1
1621263777000;14214633;1.21434;1.2144;1.21437;2;T;True;1
1621263778000;14214639;1.21433;1.21439;1.21436;5;T;True;1
1621263779000;14214643;1.21434;1.2144;1.21437;3;T;True;1
1621263780000;14214644;1.21434;1.2144;1.21437;0;T;True;1
1621263781000;14214646;1.21434;1.2144;1.21437;1;T;True;1
1621263782000;14214650;1.21434;1.2144;1.21437;3;T;True;1
1621263783000;14214652;1.21434;1.2144;1.21437;1;T;True;1
1621263784000;14214655;1.21434;1.2144;1.21437;2;T;True;1
1621263785000;14214658;1.21434;1.2144;1.21437;2;T;True;1
1621263786000;14214659;1.21434;1.2144;1.21437;0;T;True;1
1621263787000;14214663;1.21434;1.2144;1.21437;3;T;True;1
1621263788000;14214665;1.21434;1.2144;1.21437;1;T;True;1
1621263789000;14214667;1.21434;1.2144;1.21437;1;T;True;1
1621263790000;14214669;1.21432;1.21438;1.21435;1;T;True;1
1621263791000;14214671;1.21432;1.21438;1.21435;1;T;True;1
1621263792000;14214672;1.21432;1.21438;1.21435;0;T;True;1
1621263793000;14214674;1.21431;1.21437;1.21434;1;T;True;1
1621263794000;14214675;1.21431;1.21437;1.21434;0;T;True;1
1621263795000;14214676;1.21431;1.21437;1.21434;0;T;True;1
1621263796000;14214679;1.21433;1.21439;1.21436;2;T;True;1
1621263797000;14214680;1.21433;1.21439;1.21436;0;T;True;1
1621263798000;14214683;1.21432;1.21438;1.21435;2;T;True;1
1621263799000;14214684;1.21432;1.21438;1.21435;0;T;True;1
1621263800000;14214685;1.21432;1.21438;1.21435;0;T;True;1
1621263801000;14214689;1.21434;1.2144;1.21437;3;T;True;1
1621263802000;14214692;1.21434;1.2144;1.21437;2;T;True;1
1621263803000;14214695;1.21434;1.2144;1.21437;2;T;True;1
1621263804000;14214696;1.21434;1.2144;1.21437;0;T;True;1
1621263805000;14214701;1.21433;1.21439;1.21436;4;T;True;1
1621263806000;14214703;1.21433;1.21439;1.21436;1;T;True;1
1621263807000;14214705;1.21432;1.21438;1.21435;1;T;True;1
1621263808000;14214707;1.21432;1.21438;1.21435;1;T;True;1
1621263809000;14214713;1.21431;1.21437;1.21434;5;T;True;1
1621263810000;14214720;1.21429;1.21435;1.21432;6;T;True;1
1621263811000;14214723;1.21432;1.21438;1.21435;2;T;True;1
1621263812000;14214724;1.21432;1.21438;1.21435;0;T;True;1
1621263813000;14214726;1.21432;1.21438;1.21435;1;T;True;1
1621263814000;14214727;1.21432;1.21438;1.21435;0;T;True;1
1621263815000;14214728;1.21432;1.21438;1.21435;0;T;True;1
1621263816000;14214733;1.21434;1.2144;1.21437;4;T;True;1
1621263817000;14214735;1.21434;1.2144;1.21437;1;T;True;1
1621263818000;14214736;1.21434;1.2144;1.21437;0;T;True;1
1621263819000;14214738;1.21434;1.2144;1.21437;1;T;True;1
1621263820000;14214743;1.21436;1.21442;1.21439;4;T;True;1
1621263821000;14214745;1.21436;1.21442;1.21439;1;T;True;1
1621263822000;14214748;1.21436;1.21442;1.21439;2;T;True;1
1621263823000;14214750;1.21436;1.21442;1.21439;1;T;True;1
1621263824000;14214751;1.21436;1.21442;1.21439;0;T;True;1
1621263825000;14214752;1.21436;1.21442;1.21439;0;T;True;1
1621263826000;14214758;1.21434;1.2144;1.21437;5;T;True;1
1621263827000;14214766;1.21436;1.21442;1.21439;7;T;True;1
1621263828000;14214767;1.21436;1.21442;1.21439;0;T;True;1
1621263829000;14214768;1.21436;1.21442;1.21439;0;T;True;1
1621263830000;14214769;1.21436;1.21442;1.21439;0;T;True;1
1621263831000;14214770;1.21436;1.21442;1.21439;0;T;True;1
1621263832000;14214776;1.21442;1.21448;1.21445;5;T;True;1
1621263833000;14214777;1.21442;1.21448;1.21445;0;T;True;1
1621263834000;14214778;1.21442;1.21448;1.21445;0;T;True;1
1621263835000;14214779;1.21442;1.21448;1.21445;0;T;True;1
1621263836000;14214780;1.21442;1.21448;1.21445;0;T;True;1
1621263837000;14214781;1.21442;1.21448;1.21445;0;T;True;1
1621263838000;14214782;1.21442;1.21448;1.21445;0;T;True;1
1621263839000;14214784;1.21442;1.21448;1.21445;1;T;True;1
1621263840000;14214785;1.21442;1.21448;1.21445;0;T;True;1
1621263841000;14214787;1.21442;1.21448;1.21445;1;T;True;1
1621263842000;14214788;1.21442;1.21448;1.21445;0;T;True;1
1621263843000;14214789;1.21442;1.21448;1.21445;0;T;True;1
1621263844000;14214795;1.21445;1.21451;1.21448;5;T;True;1
1621263845000;14214797;1.21446;1.21452;1.21449;1;T;True;1
1621263846000;14214801;1.21445;1.21451;1.21448;3;T;True;1
1621263847000;14214802;1.21445;1.21451;1.21448;0;T;True;1
1621263848000;14214803;1.21445;1.21451;1.21448;0;T;True;1
1621263849000;14214805;1.21446;1.21452;1.21449;1;T;True;1
1621263850000;14214806;1.21446;1.21452;1.21449;0;T;True;1
1621263851000;14214807;1.21446;1.21452;1.21449;0;T;True;1
1621263852000;14214808;1.21446;1.21452;1.21449;0;T;True;1
1621263853000;14214812;1.21442;1.21448;1.21445;3;T;True;1
1621263854000;14214814;1.21442;1.21448;1.21445;1;T;True;1
1621263855000;14214816;1.21442;1.21448;1.21445;1;T;True;1
1621263856000;14214817;1.21442;1.21448;1.21445;0;T;True;1
1621263857000;14214819;1.21443;1.21449;1.21446;1;T;True;1
1621263858000;14214822;1.21444;1.2145;1.21447;2;T;True;1
1621263859000;14214823;1.21444;1.2145;1.21447;0;T;True;1
1621263860000;14214824;1.21444;1.2145;1.21447;0;T;True;1
1621263861000;14214825;1.21444;1.2145;1.21447;0;T;True;1
1621263862000;14214830;1.21442;1.21448;1.21445;4;T;True;1
1621263863000;14214832;1.21442;1.21448;1.21445;1;T;True;1
1621263864000;14214833;1.21442;1.21448;1.21445;0;T;True;1
1621263865000;14214837;1.21444;1.2145;1.21447;3;T;True;1
1621263866000;14214838;1.21444;1.2145;1.21447;0;T;True;1
1621263867000;14214839;1.21444;1.2145;1.21447;0;T;True;1
1621263868000;14214840;1.21444;1.2145;1.21447;0;T;True;1
1621263869000;14214846;1.21445;1.21451;1.21448;5;T;True;1
1621263870000;14214848;1.21446;1.21452;1.21449;1;T;True;1
1621263871000;14214851;1.21446;1.21452;1.21449;2;T;True;1
1621263872000;14214853;1.21445;1.21451;1.21448;1;T;True;1
1621263873000;14214859;1.21444;1.2145;1.21447;5;T;True;1
1621263874000;14214863;1.21444;1.2145;1.21447;3;T;True;1
1621263875000;14214870;1.21443;1.21449;1.21446;6;T;True;1
1621263876000;14214874;1.21443;1.21449;1.21446;3;T;True;1
1621263877000;14214875;1.21443;1.21449;1.21446;0;T;True;1
1621263878000;14214876;1.21443;1.21449;1.21446;0;T;True;1
1621263879000;14214880;1.21444;1.2145;1.21447;3;T;True;1
1621263880000;14214881;1.21444;1.2145;1.21447;0;T;True;1
1621263881000;14214882;1.21444;1.2145;1.21447;0;T;True;1
1621263882000;14214883;1.21444;1.2145;1.21447;0;T;True;1
1621263883000;14214886;1.21444;1.2145;1.21447;2;T;True;1
1621263884000;14214887;1.21444;1.2145;1.21447;0;T;True;1
1621263885000;14214889;1.21445;1.21451;1.21448;1;T;True;1
1621263886000;14214890;1.21445;1.21451;1.21448;0;T;True;1
1621263887000;14214892;1.21446;1.21452;1.21449;1;T;True;1
1621263888000;14214894;1.21446;1.21452;1.21449;1;T;True;1
1621263889000;14214895;1.21446;1.21452;1.21449;0;T;True;1
1621263890000;14214896;1.21446;1.21452;1.21449;0;T;True;1
1621263891000;14214898;1.21448;1.21454;1.21451;1;T;True;1
1621263892000;14214899;1.21448;1.21454;1.21451;0;T;True;1
1621263893000;14214900;1.21448;1.21454;1.21451;0;T;True;1
1621263894000;14214902;1.21447;1.21453;1.2145;1;T;True;1
1621263895000;14214904;1.21447;1.21453;1.2145;1;T;True;1
1621263896000;14214905;1.21447;1.21453;1.2145;0;T;True;1
1621263897000;14214906;1.21447;1.21453;1.2145;0;T;True;1
1621263898000;14214912;1.21446;1.21452;1.21449;5;T;True;1
1621263899000;14214915;1.21446;1.21452;1.21449;2;T;True;1
1621263900000;14214916;1.21446;1.21452;1.21449;0;T;True;1
1621263901000;14214920;1.21446;1.21452;1.21449;3;T;True;1
1621263902000;14214921;1.21446;1.21452;1.21449;0;T;True;1
1621263903000;14214925;1.2145;1.21456;1.21453;3;T;True;1
1621263904000;14214926;1.2145;1.21456;1.21453;0;T;True;1
1621263905000;14214928;1.21451;1.21457;1.21454;1;T;True;1
1621263906000;14214929;1.21451;1.21457;1.21454;0;T;True;1
1621263907000;14214931;1.21451;1.21457;1.21454;1;T;True;1
1621263908000;14214934;1.21452;1.21458;1.21455;2;T;True;1
1621263909000;14214935;1.21452;1.21458;1.21455;0;T;True;1
1621263910000;14214940;1.2145;1.21456;1.21453;4;T;True;1
1621263911000;14214942;1.21451;1.21457;1.21454;1;T;True;1
1621263912000;14214943;1.21451;1.21457;1.21454;0;T;True;1
1621263913000;14214946;1.21448;1.21454;1.21451;2;T;True;1
1621263914000;14214957;1.21456;1.21462;1.21459;10;T;True;1
1621263915000;14214959;1.21456;1.21462;1.21459;1;T;True;1
1621263916000;14214965;1.21456;1.21462;1.21459;5;T;True;1
1621263917000;14214967;1.21456;1.21462;1.21459;1;T;True;1
1621263918000;14214968;1.21456;1.21462;1.21459;0;T;True;1
1621263919000;14214970;1.21456;1.21462;1.21459;1;T;True;1
1621263920000;14214976;1.21463;1.21469;1.21466;5;T;True;1
1621263921000;14214979;1.21462;1.21468;1.21465;2;T;True;1
1621263922000;14214981;1.21462;1.21468;1.21465;1;T;True;1
1621263923000;14214988;1.21459;1.21465;1.21462;6;T;True;1
1621263924000;14214993;1.21457;1.21463;1.2146;4;T;True;1
1621263925000;14214998;1.21458;1.21464;1.21461;4;T;True;1
1621263926000;14215001;1.2146;1.21466;1.21463;2;T;True;1
1621263927000;14215003;1.21459;1.21465;1.21462;1;T;True;1
1621263928000;14215009;1.21464;1.2147;1.21467;5;T;True;1
1621263929000;14215010;1.21464;1.2147;1.21467;0;T;True;1
1621263930000;14215013;1.21462;1.21468;1.21465;2;T;True;1
1621263931000;14215014;1.21462;1.21468;1.21465;0;T;True;1
1621263932000;14215016;1.21462;1.21468;1.21465;1;T;True;1
1621263933000;14215019;1.21463;1.21469;1.21466;2;T;True;1
1621263934000;14215022;1.21463;1.21469;1.21466;2;T;True;1
1621263935000;14215024;1.21463;1.21469;1.21466;1;T;True;1
1621263936000;14215029;1.21462;1.21468;1.21465;4;T;True;1
1621263937000;14215032;1.21464;1.2147;1.21467;2;T;True;1
1621263938000;14215033;1.21464;1.2147;1.21467;0;T;True;1
1621263939000;14215038;1.21461;1.21467;1.21464;4;T;True;1
1621263940000;14215039;1.21461;1.21467;1.21464;0;T;True;1
1621263941000;14215041;1.21461;1.21467;1.21464;1;T;True;1
1621263942000;14215043;1.21462;1.21468;1.21465;1;T;True;1
1621263943000;14215050;1.21466;1.21472;1.21469;6;T;True;1
1621263944000;14215051;1.21466;1.21472;1.21469;0;T;True;1
1621263945000;14215052;1.21466;1.21472;1.21469;0;T;True;1
1621263946000;14215055;1.21466;1.21472;1.21469;2;T;True;1
1621263947000;14215057;1.21466;1.21472;1.21469;1;T;True;1
1621263948000;14215058;1.21466;1.21472;1.21469;0;T;True;1
1621263949000;14215059;1.21466;1.21472;1.21469;0;T;True;1
1621263950000;14215060;1.21466;1.21472;1.21469;0;T;True;1
1621263951000;14215063;1.21466;1.21472;1.21469;2;T;True;1
1621263952000;14215064;1.21466;1.21472;1.21469;0;T;True;1
1621263953000;14215068;1.21469;1.21475;1.21472;3;T;True;1
1621263954000;14215071;1.2147;1.21476;1.21473;2;T;True;1
1621263955000;14215073;1.2147;1.21476;1.21473;1;T;True;1
1621263956000;14215074;1.2147;1.21476;1.21473;0;T;True;1
1621263957000;14215076;1.2147;1.21476;1.21473;1;T;True;1
1621263958000;14215078;1.21471;1.21477;1.21474;1;T;True;1
1621263959000;14215085;1.21467;1.21473;1.2147;6;T;True;1
1621263960000;14215087;1.21466;1.21472;1.21469;1;T;True;1
1621263961000;14215089;1.21466;1.21472;1.21469;1;T;True;1
1621263962000;14215097;1.21462;1.21468;1.21465;7;T;True;1
1621263963000;14215100;1.21464;1.2147;1.21467;2;T;True;1
1621263964000;14215104;1.21464;1.2147;1.21467;3;T;True;1
1621263965000;14215112;1.21466;1.21472;1.21469;7;T;True;1
1621263966000;14215116;1.21466;1.21472;1.21469;3;T;True;1
1621263967000;14215125;1.21468;1.21474;1.21471;8;T;True;1
1621263968000;14215127;1.21468;1.21474;1.21471;1;T;True;1
1621263969000;14215129;1.21468;1.21474;1.21471;1;T;True;1
1621263970000;14215134;1.21468;1.21474;1.21471;4;T;True;1
1621263971000;14215135;1.21468;1.21474;1.21471;0;T;True;1
1621263972000;14215136;1.21468;1.21474;1.21471;0;T;True;1
1621263973000;14215137;1.21468;1.21474;1.21471;0;T;True;1
1621263974000;14215139;1.21469;1.21475;1.21472;1;T;True;1
1621263975000;14215142;1.2147;1.21476;1.21473;2;T;True;1
1621263976000;14215145;1.2147;1.21476;1.21473;2;T;True;1
1621263977000;14215151;1.2147;1.21476;1.21473;5;T;True;1
1621263978000;14215152;1.2147;1.21476;1.21473;0;T;True;1
1621263979000;14215153;1.2147;1.21476;1.21473;0;T;True;1
1621263980000;14215155;1.2147;1.21476;1.21473;1;T;True;1
1621263981000;14215156;1.2147;1.21476;1.21473;0;T;True;1
1621263982000;14215158;1.2147;1.21476;1.21473;1;T;True;1
1621263983000;14215162;1.21467;1.21473;1.2147;3;T;True;1
1621263984000;14215165;1.21466;1.21472;1.21469;2;T;True;1
1621263985000;14215167;1.21466;1.21472;1.21469;1;T;True;1
1621263986000;14215168;1.21466;1.21472;1.21469;0;T;True;1
1621263987000;14215169;1.21466;1.21472;1.21469;0;T;True;1
1621263988000;14215170;1.21466;1.21472;1.21469;0;T;True;1
1621263989000;14215171;1.21466;1.21472;1.21469;0;T;True;1
1621263990000;14215172;1.21466;1.21472;1.21469;0;T;True;1
1621263991000;14215174;1.21464;1.2147;1.21467;1;T;True;1
1621263992000;14215177;1.21464;1.2147;1.21467;2;T;True;1
1621263993000;14215178;1.21464;1.2147;1.21467;0;T;True;1
1621263994000;14215179;1.21464;1.2147;1.21467;0;T;True;1
1621263995000;14215180;1.21464;1.2147;1.21467;0;T;True;1
1621263996000;14215187;1.2146;1.21466;1.21463;6;T;True;1
1621263997000;14215190;1.21459;1.21465;1.21462;2;T;True;1
1621263998000;14215191;1.21459;1.21465;1.21462;0;T;True;1
1621263999000;14215192;1.21459;1.21465;1.21462;0;T;True;1
1621264000000;14215197;1.21456;1.21462;1.21459;4;T;True;1
1621264001000;14215198;1.21456;1.21462;1.21459;0;T;True;1
1621264002000;14215199;1.21456;1.21462;1.21459;0;T;True;1
1621264003000;14215200;1.21456;1.21462;1.21459;0;T;True;1
1621264004000;14215201;1.21456;1.21462;1.21459;0;T;True;1
1621264005000;14215202;1.21456;1.21462;1.21459;0;T;True;1
1621264006000;14215206;1.21454;1.2146;1.21457;3;T;True;1
1621264007000;14215208;1.21453;1.21459;1.21456;1;T;True;1
1621264008000;14215209;1.21453;1.21459;1.21456;0;T;True;1
1621264009000;14215211;1.21452;1.21458;1.21455;1;T;True;1
1621264010000;14215213;1.21452;1.21458;1.21455;1;T;True;1
1621264011000;14215214;1.21452;1.21458;1.21455;0;T;True;1
1621264012000;14215216;1.21451;1.21457;1.21454;1;T;True;1
1621264013000;14215218;1.21451;1.21457;1.21454;1;T;True;1
1621264014000;14215220;1.21451;1.21457;1.21454;1;T;True;1
1621264015000;14215222;1.2145;1.21456;1.21453;1;T;True;1
1621264016000;14215229;1.21454;1.2146;1.21457;6;T;True;1
1621264017000;14215232;1.21452;1.21458;1.21455;2;T;True;1
1621264018000;14215233;1.21452;1.21458;1.21455;0;T;True;1
1621264019000;14215234;1.21452;1.21458;1.21455;0;T;True;1
1621264020000;14215235;1.21452;1.21458;1.21455;0;T;True;1
1621264021000;14215239;1.21454;1.2146;1.21457;3;T;True;1
1621264022000;14215244;1.21454;1.2146;1.21457;4;T;True;1
1621264023000;14215245;1.21454;1.2146;1.21457;0;T;True;1
1621264024000;14215246;1.21454;1.2146;1.21457;0;T;True;1
1621264025000;14215251;1.21454;1.2146;1.21457;4;T;True;1
1621264026000;14215255;1.21454;1.2146;1.21457;3;T;True;1
1621264027000;14215257;1.21454;1.2146;1.21457;1;T;True;1
1621264028000;14215261;1.21452;1.21458;1.21455;3;T;True;1
1621264029000;14215263;1.21452;1.21458;1.21455;1;T;True;1
1621264030000;14215264;1.21452;1.21458;1.21455;0;T;True;1
1621264031000;14215266;1.2145;1.21456;1.21453;1;T;True;1
1621264032000;14215267;1.2145;1.21456;1.21453;0;T;True;1
1621264033000;14215268;1.2145;1.21456;1.21453;0;T;True;1
1621264034000;14215269;1.2145;1.21456;1.21453;0;T;True;1
1621264035000;14215270;1.2145;1.21456;1.21453;0;T;True;1
1621264036000;14215271;1.2145;1.21456;1.21453;0;T;True;1
1621264037000;14215272;1.2145;1.21456;1.21453;0;T;True;1
1621264038000;14215273;1.2145;1.21456;1.21453;0;T;True;1
1621264039000;14215279;1.21454;1.2146;1.21457;5;T;True;1
1621264040000;14215281;1.21453;1.21459;1.21456;1;T;True;1
1621264041000;14215282;1.21453;1.21459;1.21456;0;T;True;1
1621264042000;14215284;1.21452;1.21458;1.21455;1;T;True;1
1621264043000;14215288;1.21452;1.21458;1.21455;3;T;True;1
1621264044000;14215289;1.21452;1.21458;1.21455;0;T;True;1
1621264045000;14215291;1.21452;1.21458;1.21455;1;T;True;1
1621264046000;14215292;1.21452;1.21458;1.21455;0;T;True;1
1621264047000;14215294;1.21451;1.21457;1.21454;1;T;True;1
1621264048000;14215296;1.21451;1.21457;1.21454;1;T;True;1
1621264049000;14215297;1.21451;1.21457;1.21454;0;T;True;1
1621264050000;14215298;1.21451;1.21457;1.21454;0;T;True;1
1621264051000;14215302;1.2145;1.21456;1.21453;3;T;True;1
1621264052000;14215305;1.2145;1.21456;1.21453;2;T;True;1
1621264053000;14215307;1.21451;1.21457;1.21454;1;T;True;1
1621264054000;14215309;1.2145;1.21456;1.21453;1;T;True;1
1621264055000;14215310;1.2145;1.21456;1.21453;0;T;True;1
1621264056000;14215312;1.2145;1.21456;1.21453;1;T;True;1
1621264057000;14215313;1.2145;1.21456;1.21453;0;T;True;1
1621264058000;14215314;1.2145;1.21456;1.21453;0;T;True;1
1621264059000;14215315;1.2145;1.21456;1.21453;0;T;True;1
1621264060000;14215316;1.2145;1.21456;1.21453;0;T;True;1
1621264061000;14215317;1.2145;1.21456;1.21453;0;T;True;1
1621264062000;14215318;1.2145;1.21456;1.21453;0;T;True;1
1621264063000;14215319;1.2145;1.21456;1.21453;0;T;True;1
1621264064000;14215327;1.21442;1.21448;1.21445;7;T;True;1
1621264065000;14215334;1.21444;1.2145;1.21447;6;T;True;1
1621264066000;14215335;1.21444;1.2145;1.21447;0;T;True;1
1621264067000;14215336;1.21444;1.2145;1.21447;0;T;True;1
1621264068000;14215337;1.21444;1.2145;1.21447;0;T;True;1
1621264069000;14215338;1.21444;1.2145;1.21447;0;T;True;1
1621264070000;14215344;1.21443;1.21449;1.21446;5;T;True;1
1621264071000;14215346;1.21443;1.21449;1.21446;1;T;True;1
1621264072000;14215350;1.21442;1.21448;1.21445;3;T;True;1
1621264073000;14215359;1.2144;1.21446;1.21443;8;T;True;1
1621264074000;14215363;1.21438;1.21444;1.21441;3;T;True;1
1621264075000;14215364;1.21438;1.21444;1.21441;0;T;True;1
1621264076000;14215373;1.21445;1.21451;1.21448;8;T;True;1
1621264077000;14215374;1.21445;1.21451;1.21448;0;T;True;1
1621264078000;14215376;1.21446;1.21452;1.21449;1;T;True;1
1621264079000;14215378;1.21446;1.21452;1.21449;1;T;True;1
1621264080000;14215380;1.21446;1.21452;1.21449;1;T;True;1
1621264081000;14215381;1.21446;1.21452;1.21449;0;T;True;1
1621264082000;14215382;1.21446;1.21452;1.21449;0;T;True;1
1621264083000;14215384;1.21446;1.21452;1.21449;1;T;True;1
1621264084000;14215388;1.21446;1.21452;1.21449;3;T;True;1
1621264085000;14215390;1.21446;1.21452;1.21449;1;T;True;1
1621264086000;14215391;1.21446;1.21452;1.21449;0;T;True;1
1621264087000;14215392;1.21446;1.21452;1.21449;0;T;True;1
1621264088000;14215394;1.21446;1.21452;1.21449;1;T;True;1
1621264089000;14215398;1.21442;1.21448;1.21445;3;T;True;1
1621264090000;14215407;1.21439;1.21445;1.21442;8;T;True;1
1621264091000;14215409;1.21438;1.21444;1.21441;1;T;True;1
1621264092000;14215411;1.21438;1.21444;1.21441;1;T;True;1
1621264093000;14215417;1.21442;1.21448;1.21445;5;T;True;1
1621264094000;14215418;1.21442;1.21448;1.21445;0;T;True;1
1621264095000;14215422;1.21443;1.21449;1.21446;3;T;True;1
1621264096000;14215427;1.21439;1.21445;1.21442;4;T;True;1
1621264097000;14215434;1.2144;1.21446;1.21443;6;T;True;1
1621264098000;14215435;1.2144;1.21446;1.21443;0;T;True;1
1621264099000;14215439;1.2144;1.21446;1.21443;3;T;True;1
1621264100000;14215440;1.2144;1.21446;1.21443;0;T;True;1
1621264101000;14215446;1.21438;1.21444;1.21441;5;T;True;1
1621264102000;14215451;1.21437;1.21443;1.2144;4;T;True;1
1621264103000;14215453;1.21436;1.21442;1.21439;1;T;True;1
1621264104000;14215457;1.21434;1.2144;1.21437;3;T;True;1
1621264105000;14215461;1.21432;1.21438;1.21435;3;T;True;1
1621264106000;14215463;1.21432;1.21438;1.21435;1;T;True;1
1621264107000;14215466;1.21433;1.21439;1.21436;2;T;True;1
1621264108000;14215468;1.21434;1.2144;1.21437;1;T;True;1
1621264109000;14215469;1.21434;1.2144;1.21437;0;T;True;1
1621264110000;14215470;1.21434;1.2144;1.21437;0;T;True;1
1621264111000;14215474;1.21431;1.21437;1.21434;3;T;True;1
1621264112000;14215475;1.21431;1.21437;1.21434;0;T;True;1
1621264113000;14215478;1.21431;1.21437;1.21434;2;T;True;1
1621264114000;14215480;1.21431;1.21437;1.21434;1;T;True;1
1621264115000;14215481;1.21431;1.21437;1.21434;0;T;True;1
1621264116000;14215484;1.2143;1.21436;1.21433;2;T;True;1
1621264117000;14215486;1.21429;1.21435;1.21432;1;T;True;1
1621264118000;14215488;1.21428;1.21434;1.21431;1;T;True;1
1621264119000;14215491;1.2143;1.21436;1.21433;2;T;True;1
1621264120000;14215492;1.2143;1.21436;1.21433;0;T;True;1
1621264121000;14215493;1.2143;1.21436;1.21433;0;T;True;1
1621264122000;14215495;1.2143;1.21436;1.21433;1;T;True;1
1621264123000;14215499;1.2143;1.21436;1.21433;3;T;True;1
1621264124000;14215500;1.2143;1.21436;1.21433;0;T;True;1
1621264125000;14215501;1.2143;1.21436;1.21433;0;T;True;1
1621264126000;14215506;1.21431;1.21437;1.21434;4;T;True;1
1621264127000;14215510;1.21434;1.2144;1.21437;3;T;True;1
1621264128000;14215514;1.21434;1.2144;1.21437;3;T;True;1
1621264129000;14215517;1.21433;1.21439;1.21436;2;T;True;1
1621264130000;14215520;1.21434;1.2144;1.21437;2;T;True;1
1621264131000;14215522;1.21434;1.2144;1.21437;1;T;True;1
1621264132000;14215525;1.21434;1.2144;1.21437;2;T;True;1
1621264133000;14215532;1.21429;1.21435;1.21432;6;T;True;1
1621264134000;14215536;1.21428;1.21434;1.21431;3;T;True;1
1621264135000;14215540;1.21426;1.21432;1.21429;3;T;True;1
1621264136000;14215541;1.21426;1.21432;1.21429;0;T;True;1
1621264137000;14215542;1.21426;1.21432;1.21429;0;T;True;1
1621264138000;14215543;1.21426;1.21432;1.21429;0;T;True;1
1621264139000;14215544;1.21426;1.21432;1.21429;0;T;True;1
1621264140000;14215545;1.21426;1.21432;1.21429;0;T;True;1
1621264141000;14215554;1.21422;1.21428;1.21425;8;T;True;1
1621264142000;14215556;1.21422;1.21428;1.21425;1;T;True;1
1621264143000;14215558;1.21422;1.21428;1.21425;1;T;True;1
1621264144000;14215561;1.21424;1.2143;1.21427;2;T;True;1
1621264145000;14215571;1.21431;1.21437;1.21434;9;T;True;1
1621264146000;14215573;1.21432;1.21438;1.21435;1;T;True;1
1621264147000;14215574;1.21432;1.21438;1.21435;0;T;True;1
1621264148000;14215579;1.21434;1.2144;1.21437;4;T;True;1
1621264149000;14215583;1.21434;1.2144;1.21437;3;T;True;1
1621264150000;14215585;1.21432;1.21438;1.21435;1;T;True;1
1621264151000;14215586;1.21432;1.21438;1.21435;0;T;True;1
1621264152000;14215590;1.21432;1.21438;1.21435;3;T;True;1
1621264153000;14215591;1.21432;1.21438;1.21435;0;T;True;1
1621264154000;14215599;1.2143;1.21436;1.21433;7;T;True;1
1621264155000;14215601;1.21429;1.21435;1.21432;1;T;True;1
1621264156000;14215606;1.21431;1.21437;1.21434;4;T;True;1
1621264157000;14215612;1.21427;1.21433;1.2143;5;T;True;1
1621264158000;14215614;1.21427;1.21433;1.2143;1;T;True;1
1621264159000;14215616;1.21428;1.21434;1.21431;1;T;True;1
1621264160000;14215617;1.21428;1.21434;1.21431;0;T;True;1
1621264161000;14215626;1.21431;1.21437;1.21434;8;T;True;1
1621264162000;14215628;1.21431;1.21437;1.21434;1;T;True;1
1621264163000;14215630;1.21432;1.21438;1.21435;1;T;True;1
1621264164000;14215631;1.21432;1.21438;1.21435;0;T;True;1
1621264165000;14215632;1.21432;1.21438;1.21435;0;T;True;1
1621264166000;14215635;1.21434;1.2144;1.21437;2;T;True;1
1621264167000;14215638;1.21435;1.21441;1.21438;2;T;True;1
1621264168000;14215640;1.21436;1.21442;1.21439;1;T;True;1
1621264169000;14215642;1.21436;1.21442;1.21439;1;T;True;1
1621264170000;14215644;1.21436;1.21442;1.21439;1;T;True;1
1621264171000;14215646;1.21436;1.21442;1.21439;1;T;True;1
1621264172000;14215650;1.21434;1.2144;1.21437;3;T;True;1
1621264173000;14215656;1.21434;1.2144;1.21437;5;T;True;1
1621264174000;14215661;1.21436;1.21442;1.21439;4;T;True;1
1621264175000;14215662;1.21436;1.21442;1.21439;0;T;True;1
1621264176000;14215666;1.21438;1.21444;1.21441;3;T;True;1
1621264177000;14215673;1.21436;1.21442;1.21439;6;T;True;1
1621264178000;14215674;1.21436;1.21442;1.21439;0;T;True;1
1621264179000;14215676;1.21435;1.21441;1.21438;1;T;True;1
1621264180000;14215677;1.21435;1.21441;1.21438;0;T;True;1
1621264181000;14215685;1.2144;1.21446;1.21443;7;T;True;1
1621264182000;14215687;1.21441;1.21447;1.21444;1;T;True;1
1621264183000;14215690;1.21442;1.21448;1.21445;2;T;True;1
1621264184000;14215691;1.21442;1.21448;1.21445;0;T;True;1
1621264185000;14215692;1.21442;1.21448;1.21445;0;T;True;1
1621264186000;14215693;1.21442;1.21448;1.21445;0;T;True;1
1621264187000;14215694;1.21442;1.21448;1.21445;0;T;True;1
1621264188000;14215696;1.21442;1.21448;1.21445;1;T;True;1
1621264189000;14215697;1.21442;1.21448;1.21445;0;T;True;1
1621264190000;14215698;1.21442;1.21448;1.21445;0;T;True;1
1621264191000;14215706;1.2144;1.21446;1.21443;7;T;True;1
1621264192000;14215709;1.21438;1.21444;1.21441;2;T;True;1
1621264193000;14215711;1.21438;1.21444;1.21441;1;T;True;1
1621264194000;14215716;1.21441;1.21447;1.21444;4;T;True;1
1621264195000;14215717;1.21441;1.21447;1.21444;0;T;True;1
1621264196000;14215720;1.21442;1.21448;1.21445;2;T;True;1
1621264197000;14215721;1.21442;1.21448;1.21445;0;T;True;1
1621264198000;14215728;1.21442;1.21448;1.21445;6;T;True;1
1621264199000;14215730;1.21442;1.21448;1.21445;1;T;True;1
1621264200000;14215731;1.21442;1.21448;1.21445;0;T;True;1
1621264201000;14215736;1.21442;1.21448;1.21445;4;T;True;1
1621264202000;14215739;1.21442;1.21448;1.21445;2;T;True;1
1621264203000;14215744;1.21441;1.21447;1.21444;4;T;True;1
1621264204000;14215746;1.2144;1.21446;1.21443;1;T;True;1
1621264205000;14215752;1.21444;1.2145;1.21447;5;T;True;1
1621264206000;14215757;1.21442;1.21448;1.21445;4;T;True;1
1621264207000;14215759;1.2144;1.21446;1.21443;1;T;True;1
1621264208000;14215762;1.2144;1.21446;1.21443;2;T;True;1
1621264209000;14215763;1.2144;1.21446;1.21443;0;T;True;1
1621264210000;14215765;1.2144;1.21446;1.21443;1;T;True;1
1621264211000;14215766;1.2144;1.21446;1.21443;0;T;True;1
1621264212000;14215767;1.2144;1.21446;1.21443;0;T;True;1
1621264213000;14215769;1.21441;1.21447;1.21444;1;T;True;1
1621264214000;14215770;1.21441;1.21447;1.21444;0;T;True;1
1621264215000;14215774;1.21442;1.21448;1.21445;3;T;True;1
1621264216000;14215776;1.21443;1.21449;1.21446;1;T;True;1
1621264217000;14215777;1.21443;1.21449;1.21446;0;T;True;1
1621264218000;14215780;1.21441;1.21447;1.21444;2;T;True;1
1621264219000;14215781;1.21441;1.21447;1.21444;0;T;True;1
1621264220000;14215784;1.21442;1.21448;1.21445;2;T;True;1
1621264221000;14215793;1.2144;1.21446;1.21443;8;T;True;1
1621264222000;14215797;1.2144;1.21446;1.21443;3;T;True;1
1621264223000;14215803;1.21442;1.21448;1.21445;5;T;True;1
1621264224000;14215805;1.21442;1.21448;1.21445;1;T;True;1
1621264225000;14215807;1.21442;1.21448;1.21445;1;T;True;1
1621264226000;14215808;1.21442;1.21448;1.21445;0;T;True;1
1621264227000;14215813;1.21439;1.21445;1.21442;4;T;True;1
1621264228000;14215817;1.2144;1.21446;1.21443;3;T;True;1
1621264229000;14215822;1.21434;1.2144;1.21437;4;T;True;1
1621264230000;14215827;1.21434;1.2144;1.21437;4;T;True;1
1621264231000;14215830;1.21434;1.2144;1.21437;2;T;True;1
1621264232000;14215831;1.21434;1.2144;1.21437;0;T;True;1
1621264233000;14215837;1.2143;1.21436;1.21433;5;T;True;1
1621264234000;14215840;1.2143;1.21436;1.21433;2;T;True;1
1621264235000;14215841;1.2143;1.21436;1.21433;0;T;True;1
1621264236000;14215844;1.21432;1.21438;1.21435;2;T;True;1
1621264237000;14215849;1.21432;1.21438;1.21435;4;T;True;1
1621264238000;14215853;1.21432;1.21438;1.21435;3;T;True;1
1621264239000;14215854;1.21432;1.21438;1.21435;0;T;True;1
1621264240000;14215857;1.2143;1.21436;1.21433;2;T;True;1
1621264241000;14215858;1.2143;1.21436;1.21433;0;T;True;1
1621264242000;14215862;1.21428;1.21434;1.21431;3;T;True;1
1621264243000;14215867;1.21426;1.21432;1.21429;4;T;True;1
1621264244000;14215868;1.21426;1.21432;1.21429;0;T;True;1
1621264245000;14215870;1.21426;1.21432;1.21429;1;T;True;1
1621264246000;14215871;1.21426;1.21432;1.21429;0;T;True;1
1621264247000;14215873;1.21426;1.21432;1.21429;1;T;True;1
1621264248000;14215874;1.21426;1.21432;1.21429;0;T;True;1
1621264249000;14215875;1.21426;1.21432;1.21429;0;T;True;1
1621264250000;14215877;1.21426;1.21432;1.21429;1;T;True;1
1621264251000;14215878;1.21426;1.21432;1.21429;0;T;True;1
1621264252000;14215881;1.21426;1.21432;1.21429;2;T;True;1
1621264253000;14215882;1.21426;1.21432;1.21429;0;T;True;1
1621264254000;14215887;1.21426;1.21432;1.21429;4;T;True;1
1621264255000;14215888;1.21426;1.21432;1.21429;0;T;True;1
1621264256000;14215891;1.21426;1.21432;1.21429;2;T;True;1
1621264257000;14215895;1.21428;1.21434;1.21431;3;T;True;1
1621264258000;14215904;1.21423;1.21429;1.21426;8;T;True;1
1621264259000;14215906;1.21424;1.2143;1.21427;1;T;True;1
1621264260000;14215908;1.21424;1.2143;1.21427;1;T;True;1
1621264261000;14215909;1.21424;1.2143;1.21427;0;T;True;1
1621264262000;14215910;1.21424;1.2143;1.21427;0;T;True;1
1621264263000;14215916;1.21426;1.21432;1.21429;5;T;True;1
1621264264000;14215917;1.21426;1.21432;1.21429;0;T;True;1
1621264265000;14215920;1.21426;1.21432;1.21429;2;T;True;1
1621264266000;14215922;1.21426;1.21432;1.21429;1;T;True;1
1621264267000;14215925;1.21428;1.21434;1.21431;2;T;True;1
1621264268000;14215931;1.21432;1.21438;1.21435;5;T;True;1
1621264269000;14215934;1.21432;1.21438;1.21435;2;T;True;1
1621264270000;14215937;1.21434;1.2144;1.21437;2;T;True;1
1621264271000;14215939;1.21434;1.2144;1.21437;1;T;True;1
1621264272000;14215941;1.21434;1.2144;1.21437;1;T;True;1
1621264273000;14215945;1.21435;1.21441;1.21438;3;T;True;1
1621264274000;14215946;1.21435;1.21441;1.21438;0;T;True;1
1621264275000;14215947;1.21435;1.21441;1.21438;0;T;True;1
1621264276000;14215949;1.21436;1.21442;1.21439;1;T;True;1
1621264277000;14215950;1.21436;1.21442;1.21439;0;T;True;1
1621264278000;14215954;1.21436;1.21442;1.21439;3;T;True;1
1621264279000;14215955;1.21436;1.21442;1.21439;0;T;True;1
1621264280000;14215957;1.21436;1.21442;1.21439;1;T;True;1
1621264281000;14215964;1.21432;1.21438;1.21435;6;T;True;1
1621264282000;14215974;1.2143;1.21436;1.21433;9;T;True;1
1621264283000;14215976;1.21428;1.21434;1.21431;1;T;True;1
1621264284000;14215980;1.2143;1.21436;1.21433;3;T;True;1
1621264285000;14215981;1.2143;1.21436;1.21433;0;T;True;1
1621264286000;14215985;1.21428;1.21434;1.21431;3;T;True;1
1621264287000;14215987;1.21427;1.21433;1.2143;1;T;True;1
1621264288000;14215988;1.21427;1.21433;1.2143;0;T;True;1
1621264289000;14215994;1.2143;1.21436;1.21433;5;T;True;1
1621264290000;14215997;1.2143;1.21436;1.21433;2;T;True;1
1621264291000;14216002;1.2143;1.21436;1.21433;4;T;True;1
1621264292000;14216005;1.2143;1.21436;1.21433;2;T;True;1
1621264293000;14216010;1.21428;1.21434;1.21431;4;T;True;1
1621264294000;14216016;1.21428;1.21434;1.21431;5;T;True;1
1621264295000;14216017;1.21428;1.21434;1.21431;0;T;True;1
1621264296000;14216020;1.21428;1.21434;1.21431;2;T;True;1
1621264297000;14216021;1.21428;1.21434;1.21431;0;T;True;1
1621264298000;14216022;1.21428;1.21434;1.21431;0;T;True;1
1621264299000;14216025;1.21428;1.21434;1.21431;2;T;True;1
1621264300000;14216028;1.21426;1.21432;1.21429;2;T;True;1
1621264301000;14216033;1.2143;1.21436;1.21433;4;T;True;1
1621264302000;14216034;1.2143;1.21436;1.21433;0;T;True;1
1621264303000;14216035;1.2143;1.21436;1.21433;0;T;True;1
1621264304000;14216036;1.2143;1.21436;1.21433;0;T;True;1
1621264305000;14216040;1.21434;1.2144;1.21437;3;T;True;1
1621264306000;14216043;1.21436;1.21442;1.21439;2;T;True;1
1621264307000;14216046;1.21441;1.21447;1.21444;2;T;True;1
1621264308000;14216051;1.2144;1.21446;1.21443;4;T;True;1
1621264309000;14216055;1.2144;1.21446;1.21443;3;T;True;1
1621264310000;14216056;1.2144;1.21446;1.21443;0;T;True;1
1621264311000;14216058;1.2144;1.21446;1.21443;1;T;True;1
1621264312000;14216059;1.2144;1.21446;1.21443;0;T;True;1
1621264313000;14216061;1.2144;1.21446;1.21443;1;T;True;1
1621264314000;14216062;1.2144;1.21446;1.21443;0;T;True;1
1621264315000;14216065;1.21438;1.21444;1.21441;2;T;True;1
1621264316000;14216069;1.2144;1.21446;1.21443;3;T;True;1
1621264317000;14216075;1.21444;1.2145;1.21447;5;T;True;1
1621264318000;14216077;1.21444;1.2145;1.21447;1;T;True;1
1621264319000;14216078;1.21444;1.2145;1.21447;0;T;True;1
1621264320000;14216079;1.21444;1.2145;1.21447;0;T;True;1
1621264321000;14216083;1.21444;1.2145;1.21447;3;T;True;1
1621264322000;14216085;1.21444;1.2145;1.21447;1;T;True;1
1621264323000;14216086;1.21444;1.2145;1.21447;0;T;True;1
1621264324000;14216087;1.21444;1.2145;1.21447;0;T;True;1
1621264325000;14216088;1.21444;1.2145;1.21447;0;T;True;1
1621264326000;14216089;1.21444;1.2145;1.21447;0;T;True;1
1621264327000;14216093;1.21443;1.21449;1.21446;3;T;True;1
1621264328000;14216095;1.21444;1.2145;1.21447;1;T;True;1
1621264329000;14216096;1.21444;1.2145;1.21447;0;T;True;1
1621264330000;14216099;1.21446;1.21452;1.21449;2;T;True;1
1621264331000;14216100;1.21446;1.21452;1.21449;0;T;True;1
1621264332000;14216101;1.21446;1.21452;1.21449;0;T;True;1
1621264333000;14216102;1.21446;1.21452;1.21449;0;T;True;1
1621264334000;14216103;1.21446;1.21452;1.21449;0;T;True;1
1621264335000;14216104;1.21446;1.21452;1.21449;0;T;True;1
1621264336000;14216105;1.21446;1.21452;1.21449;0;T;True;1
1621264337000;14216106;1.21446;1.21452;1.21449;0;T;True;1
1621264338000;14216111;1.21444;1.2145;1.21447;4;T;True;1
1621264339000;14216113;1.21444;1.2145;1.21447;1;T;True;1
1621264340000;14216114;1.21444;1.2145;1.21447;0;T;True;1
1621264341000;14216116;1.21444;1.2145;1.21447;1;T;True;1
1621264342000;14216117;1.21444;1.2145;1.21447;0;T;True;1
1621264343000;14216119;1.21444;1.2145;1.21447;1;T;True;1
1621264344000;14216120;1.21444;1.2145;1.21447;0;T;True;1
1621264345000;14216121;1.21444;1.2145;1.21447;0;T;True;1
1621264346000;14216122;1.21444;1.2145;1.21447;0;T;True;1
1621264347000;14216123;1.21444;1.2145;1.21447;0;T;True;1
1621264348000;14216124;1.21444;1.2145;1.21447;0;T;True;1
1621264349000;14216125;1.21444;1.2145;1.21447;0;T;True;1
1621264350000;14216126;1.21444;1.2145;1.21447;0;T;True;1
1621264351000;14216127;1.21444;1.2145;1.21447;0;T;True;1
1621264352000;14216128;1.21444;1.2145;1.21447;0;T;True;1
1621264353000;14216129;1.21444;1.2145;1.21447;0;T;True;1
1621264354000;14216130;1.21444;1.2145;1.21447;0;T;True;1
1621264355000;14216132;1.21446;1.21452;1.21449;1;T;True;1
1621264356000;14216133;1.21446;1.21452;1.21449;0;T;True;1
1621264357000;14216134;1.21446;1.21452;1.21449;0;T;True;1
1621264358000;14216135;1.21446;1.21452;1.21449;0;T;True;1
1621264359000;14216136;1.21446;1.21452;1.21449;0;T;True;1
1621264360000;14216137;1.21446;1.21452;1.21449;0;T;True;1
1621264361000;14216138;1.21446;1.21452;1.21449;0;T;True;1
1621264362000;14216139;1.21446;1.21452;1.21449;0;T;True;1
1621264363000;14216140;1.21446;1.21452;1.21449;0;T;True;1
1621264364000;14216141;1.21446;1.21452;1.21449;0;T;True;1
1621264365000;14216142;1.21446;1.21452;1.21449;0;T;True;1
1621264366000;14216143;1.21446;1.21452;1.21449;0;T;True;1
1621264367000;14216144;1.21446;1.21452;1.21449;0;T;True;1
1621264368000;14216145;1.21446;1.21452;1.21449;0;T;True;1
1621264369000;14216146;1.21446;1.21452;1.21449;0;T;True;1
1621264370000;14216147;1.21446;1.21452;1.21449;0;T;True;1
1621264371000;14216148;1.21446;1.21452;1.21449;0;T;True;1
1621264372000;14216149;1.21446;1.21452;1.21449;0;T;True;1
1621264373000;14216151;1.21445;1.21451;1.21448;1;T;True;1
1621264374000;14216154;1.21444;1.2145;1.21447;2;T;True;1
1621264375000;14216156;1.21444;1.2145;1.21447;1;T;True;1
1621264376000;14216157;1.21444;1.2145;1.21447;0;T;True;1
1621264377000;14216166;1.21438;1.21444;1.21441;8;T;True;1
1621264378000;14216169;1.21439;1.21445;1.21442;2;T;True;1
1621264379000;14216170;1.21439;1.21445;1.21442;0;T;True;1
1621264380000;14216177;1.21438;1.21444;1.21441;6;T;True;1
1621264381000;14216183;1.21442;1.21448;1.21445;5;T;True;1
1621264382000;14216187;1.21443;1.21449;1.21446;3;T;True;1
1621264383000;14216190;1.21442;1.21448;1.21445;2;T;True;1
1621264384000;14216191;1.21442;1.21448;1.21445;0;T;True;1
1621264385000;14216192;1.21442;1.21448;1.21445;0;T;True;1
1621264386000;14216193;1.21442;1.21448;1.21445;0;T;True;1
1621264387000;14216196;1.21444;1.2145;1.21447;2;T;True;1
1621264388000;14216197;1.21444;1.2145;1.21447;0;T;True;1
1621264389000;14216201;1.21445;1.21451;1.21448;3;T;True;1
1621264390000;14216204;1.21448;1.21454;1.21451;2;T;True;1
1621264391000;14216208;1.2145;1.21456;1.21453;3;T;True;1
1621264392000;14216211;1.21449;1.21455;1.21452;2;T;True;1
1621264393000;14216215;1.2145;1.21456;1.21453;3;T;True;1
1621264394000;14216219;1.21451;1.21457;1.21454;3;T;True;1
1621264395000;14216222;1.21451;1.21457;1.21454;2;T;True;1
1621264396000;14216223;1.21451;1.21457;1.21454;0;T;True;1
1621264397000;14216224;1.21451;1.21457;1.21454;0;T;True;1
1621264398000;14216225;1.21451;1.21457;1.21454;0;T;True;1
1621264399000;14216226;1.21451;1.21457;1.21454;0;T;True;1
1621264400000;14216227;1.21451;1.21457;1.21454;0;T;True;1
1621264401000;14216228;1.21451;1.21457;1.21454;0;T;True;1
1621264402000;14216229;1.21451;1.21457;1.21454;0;T;True;1
1621264403000;14216230;1.21451;1.21457;1.21454;0;T;True;1
1621264404000;14216236;1.21456;1.21462;1.21459;5;T;True;1
1621264405000;14216238;1.21456;1.21462;1.21459;1;T;True;1
1621264406000;14216239;1.21456;1.21462;1.21459;0;T;True;1
1621264407000;14216240;1.21456;1.21462;1.21459;0;T;True;1
1621264408000;14216241;1.21456;1.21462;1.21459;0;T;True;1
1621264409000;14216243;1.21457;1.21463;1.2146;1;T;True;1
1621264410000;14216245;1.21458;1.21464;1.21461;1;T;True;1
1621264411000;14216246;1.21458;1.21464;1.21461;0;T;True;1
1621264412000;14216250;1.21459;1.21465;1.21462;3;T;True;1
1621264413000;14216251;1.21459;1.21465;1.21462;0;T;True;1
1621264414000;14216252;1.21459;1.21465;1.21462;0;T;True;1
1621264415000;14216254;1.21459;1.21465;1.21462;1;T;True;1
1621264416000;14216256;1.21458;1.21464;1.21461;1;T;True;1
1621264417000;14216257;1.21458;1.21464;1.21461;0;T;True;1
1621264418000;14216261;1.2146;1.21466;1.21463;3;T;True;1
1621264419000;14216264;1.21459;1.21465;1.21462;2;T;True;1
1621264420000;14216269;1.21456;1.21462;1.21459;4;T;True;1
1621264421000;14216272;1.21456;1.21462;1.21459;2;T;True;1
1621264422000;14216277;1.21457;1.21463;1.2146;4;T;True;1
1621264423000;14216282;1.21458;1.21464;1.21461;4;T;True;1
1621264424000;14216286;1.21458;1.21464;1.21461;3;T;True;1
1621264425000;14216288;1.21458;1.21464;1.21461;1;T;True;1
1621264426000;14216289;1.21458;1.21464;1.21461;0;T;True;1
1621264427000;14216290;1.21458;1.21464;1.21461;0;T;True;1
1621264428000;14216292;1.21458;1.21464;1.21461;1;T;True;1
1621264429000;14216293;1.21458;1.21464;1.21461;0;T;True;1
1621264430000;14216297;1.21457;1.21463;1.2146;3;T;True;1
1621264431000;14216298;1.21457;1.21463;1.2146;0;T;True;1
1621264432000;14216300;1.21456;1.21462;1.21459;1;T;True;1
1621264433000;14216303;1.21456;1.21462;1.21459;2;T;True;1
1621264434000;14216305;1.21456;1.21462;1.21459;1;T;True;1
1621264435000;14216306;1.21456;1.21462;1.21459;0;T;True;1
1621264436000;14216307;1.21456;1.21462;1.21459;0;T;True;1
1621264437000;14216309;1.21456;1.21462;1.21459;1;T;True;1
1621264438000;14216310;1.21456;1.21462;1.21459;0;T;True;1
1621264439000;14216313;1.21458;1.21464;1.21461;2;T;True;1
1621264440000;14216317;1.21458;1.21464;1.21461;3;T;True;1
1621264441000;14216320;1.21458;1.21464;1.21461;2;T;True;1
1621264442000;14216323;1.21456;1.21462;1.21459;2;T;True;1
1621264443000;14216325;1.21456;1.21462;1.21459;1;T;True;1
1621264444000;14216329;1.21459;1.21465;1.21462;3;T;True;1
1621264445000;14216332;1.2146;1.21466;1.21463;2;T;True;1
1621264446000;14216333;1.2146;1.21466;1.21463;0;T;True;1
1621264447000;14216335;1.2146;1.21466;1.21463;1;T;True;1
1621264448000;14216336;1.2146;1.21466;1.21463;0;T;True;1
1621264449000;14216338;1.2146;1.21466;1.21463;1;T;True;1
1621264450000;14216340;1.2146;1.21466;1.21463;1;T;True;1
1621264451000;14216341;1.2146;1.21466;1.21463;0;T;True;1
1621264452000;14216347;1.21464;1.2147;1.21467;5;T;True;1
1621264453000;14216348;1.21464;1.2147;1.21467;0;T;True;1
1621264454000;14216350;1.21464;1.2147;1.21467;1;T;True;1
1621264455000;14216354;1.21465;1.21471;1.21468;3;T;True;1
1621264456000;14216355;1.21465;1.21471;1.21468;0;T;True;1
1621264457000;14216357;1.21464;1.2147;1.21467;1;T;True;1
1621264458000;14216359;1.21464;1.2147;1.21467;1;T;True;1
1621264459000;14216362;1.21464;1.2147;1.21467;2;T;True;1
1621264460000;14216363;1.21464;1.2147;1.21467;0;T;True;1
1621264461000;14216366;1.21466;1.21472;1.21469;2;T;True;1
1621264462000;14216367;1.21466;1.21472;1.21469;0;T;True;1
1621264463000;14216369;1.21465;1.21471;1.21468;1;T;True;1
1621264464000;14216372;1.2147;1.21476;1.21473;2;T;True;1
1621264465000;14216373;1.2147;1.21476;1.21473;0;T;True;1
1621264466000;14216374;1.2147;1.21476;1.21473;0;T;True;1
1621264467000;14216375;1.2147;1.21476;1.21473;0;T;True;1
1621264468000;14216377;1.2147;1.21476;1.21473;1;T;True;1
1621264469000;14216378;1.2147;1.21476;1.21473;0;T;True;1
1621264470000;14216379;1.2147;1.21476;1.21473;0;T;True;1
1621264471000;14216380;1.2147;1.21476;1.21473;0;T;True;1
1621264472000;14216385;1.21466;1.21472;1.21469;4;T;True;1
1621264473000;14216391;1.21463;1.21469;1.21466;5;T;True;1
1621264474000;14216393;1.21462;1.21468;1.21465;1;T;True;1
1621264475000;14216394;1.21462;1.21468;1.21465;0;T;True;1
1621264476000;14216395;1.21462;1.21468;1.21465;0;T;True;1
1621264477000;14216398;1.21462;1.21468;1.21465;2;T;True;1
1621264478000;14216399;1.21462;1.21468;1.21465;0;T;True;1
1621264479000;14216402;1.21462;1.21468;1.21465;2;T;True;1
1621264480000;14216409;1.21466;1.21472;1.21469;6;T;True;1
1621264481000;14216412;1.21466;1.21472;1.21469;2;T;True;1
1621264482000;14216417;1.21466;1.21472;1.21469;4;T;True;1
1621264483000;14216418;1.21466;1.21472;1.21469;0;T;True;1
1621264484000;14216419;1.21466;1.21472;1.21469;0;T;True;1
1621264485000;14216423;1.21466;1.21472;1.21469;3;T;True;1
1621264486000;14216429;1.21465;1.21471;1.21468;5;T;True;1
1621264487000;14216432;1.21464;1.2147;1.21467;2;T;True;1
1621264488000;14216436;1.21465;1.21471;1.21468;3;T;True;1
1621264489000;14216439;1.21465;1.21471;1.21468;2;T;True;1
1621264490000;14216441;1.21465;1.21471;1.21468;1;T;True;1
1621264491000;14216444;1.21466;1.21472;1.21469;2;T;True;1
1621264492000;14216446;1.21466;1.21472;1.21469;1;T;True;1
1621264493000;14216449;1.21465;1.21471;1.21468;2;T;True;1
1621264494000;14216452;1.21464;1.2147;1.21467;2;T;True;1
1621264495000;14216454;1.21464;1.2147;1.21467;1;T;True;1
1621264496000;14216456;1.21464;1.2147;1.21467;1;T;True;1
1621264497000;14216457;1.21464;1.2147;1.21467;0;T;True;1
1621264498000;14216459;1.21464;1.2147;1.21467;1;T;True;1
1621264499000;14216460;1.21464;1.2147;1.21467;0;T;True;1
1621264500000;14216467;1.21462;1.21468;1.21465;6;T;True;1
1621264501000;14216474;1.21461;1.21467;1.21464;6;T;True;1
1621264502000;14216477;1.2146;1.21466;1.21463;2;T;True;1
1621264503000;14216489;1.21462;1.21468;1.21465;11;T;True;1
1621264504000;14216499;1.21466;1.21472;1.21469;9;T;True;1
1621264505000;14216502;1.21464;1.2147;1.21467;2;T;True;1
1621264506000;14216508;1.21464;1.2147;1.21467;5;T;True;1
1621264507000;14216510;1.21464;1.2147;1.21467;1;T;True;1
1621264508000;14216513;1.21462;1.21468;1.21465;2;T;True;1
1621264509000;14216515;1.21462;1.21468;1.21465;1;T;True;1
1621264510000;14216522;1.21458;1.21464;1.21461;6;T;True;1
1621264511000;14216526;1.21458;1.21464;1.21461;3;T;True;1
1621264512000;14216528;1.21458;1.21464;1.21461;1;T;True;1
1621264513000;14216529;1.21458;1.21464;1.21461;0;T;True;1
1621264514000;14216532;1.21458;1.21464;1.21461;2;T;True;1
1621264515000;14216533;1.21458;1.21464;1.21461;0;T;True;1
1621264516000;14216534;1.21458;1.21464;1.21461;0;T;True;1
1621264517000;14216535;1.21458;1.21464;1.21461;0;T;True;1
1621264518000;14216537;1.21456;1.21462;1.21459;1;T;True;1
1621264519000;14216538;1.21456;1.21462;1.21459;0;T;True;1
1621264520000;14216539;1.21456;1.21462;1.21459;0;T;True;1
1621264521000;14216541;1.21456;1.21462;1.21459;1;T;True;1
1621264522000;14216543;1.21456;1.21462;1.21459;1;T;True;1
1621264523000;14216550;1.21462;1.21468;1.21465;6;T;True;1
1621264524000;14216552;1.21463;1.21469;1.21466;1;T;True;1
1621264525000;14216554;1.21464;1.2147;1.21467;1;T;True;1
1621264526000;14216555;1.21464;1.2147;1.21467;0;T;True;1
1621264527000;14216557;1.21463;1.21469;1.21466;1;T;True;1
1621264528000;14216558;1.21463;1.21469;1.21466;0;T;True;1
1621264529000;14216561;1.21464;1.2147;1.21467;2;T;True;1
1621264530000;14216565;1.21464;1.2147;1.21467;3;T;True;1
1621264531000;14216566;1.21464;1.2147;1.21467;0;T;True;1
1621264532000;14216571;1.21462;1.21468;1.21465;4;T;True;1
1621264533000;14216573;1.21462;1.21468;1.21465;1;T;True;1
1621264534000;14216575;1.21461;1.21467;1.21464;1;T;True;1
1621264535000;14216577;1.21462;1.21468;1.21465;1;T;True;1
1621264536000;14216578;1.21462;1.21468;1.21465;0;T;True;1
1621264537000;14216579;1.21462;1.21468;1.21465;0;T;True;1
1621264538000;14216580;1.21462;1.21468;1.21465;0;T;True;1
1621264539000;14216581;1.21462;1.21468;1.21465;0;T;True;1
1621264540000;14216582;1.21462;1.21468;1.21465;0;T;True;1
1621264541000;14216584;1.21461;1.21467;1.21464;1;T;True;1
1621264542000;14216585;1.21461;1.21467;1.21464;0;T;True;1
1621264543000;14216586;1.21461;1.21467;1.21464;0;T;True;1
1621264544000;14216588;1.21461;1.21467;1.21464;1;T;True;1
1621264545000;14216589;1.21461;1.21467;1.21464;0;T;True;1
1621264546000;14216592;1.21462;1.21468;1.21465;2;T;True;1
1621264547000;14216599;1.21465;1.21471;1.21468;6;T;True;1
1621264548000;14216600;1.21465;1.21471;1.21468;0;T;True;1
1621264549000;14216601;1.21465;1.21471;1.21468;0;T;True;1
1621264550000;14216604;1.21466;1.21472;1.21469;2;T;True;1
1621264551000;14216605;1.21466;1.21472;1.21469;0;T;True;1
1621264552000;14216607;1.21466;1.21472;1.21469;1;T;True;1
1621264553000;14216609;1.21467;1.21473;1.2147;1;T;True;1
1621264554000;14216614;1.2147;1.21476;1.21473;4;T;True;1
1621264555000;14216615;1.2147;1.21476;1.21473;0;T;True;1
1621264556000;14216618;1.21472;1.21478;1.21475;2;T;True;1
1621264557000;14216624;1.2147;1.21476;1.21473;5;T;True;1
1621264558000;14216626;1.21469;1.21475;1.21472;1;T;True;1
1621264559000;14216627;1.21469;1.21475;1.21472;0;T;True;1
1621264560000;14216630;1.21468;1.21474;1.21471;2;T;True;1
1621264561000;14216632;1.21469;1.21475;1.21472;1;T;True;1
1621264562000;14216635;1.21469;1.21475;1.21472;2;T;True;1
1621264563000;14216636;1.21469;1.21475;1.21472;0;T;True;1
1621264564000;14216638;1.21469;1.21475;1.21472;1;T;True;1
1621264565000;14216639;1.21469;1.21475;1.21472;0;T;True;1
1621264566000;14216644;1.21474;1.2148;1.21477;4;T;True;1
1621264567000;14216646;1.21474;1.2148;1.21477;1;T;True;1
1621264568000;14216651;1.2147;1.21476;1.21473;4;T;True;1
1621264569000;14216652;1.2147;1.21476;1.21473;0;T;True;1
1621264570000;14216653;1.2147;1.21476;1.21473;0;T;True;1
1621264571000;14216658;1.21472;1.21478;1.21475;4;T;True;1
1621264572000;14216659;1.21472;1.21478;1.21475;0;T;True;1
1621264573000;14216669;1.21475;1.21481;1.21478;9;T;True;1
1621264574000;14216670;1.21475;1.21481;1.21478;0;T;True;1
1621264575000;14216671;1.21475;1.21481;1.21478;0;T;True;1
1621264576000;14216675;1.21473;1.21479;1.21476;3;T;True;1
1621264577000;14216678;1.21474;1.2148;1.21477;2;T;True;1
1621264578000;14216680;1.21473;1.21479;1.21476;1;T;True;1
1621264579000;14216683;1.21473;1.21479;1.21476;2;T;True;1
1621264580000;14216686;1.21472;1.21478;1.21475;2;T;True;1
1621264581000;14216688;1.21473;1.21479;1.21476;1;T;True;1
1621264582000;14216689;1.21473;1.21479;1.21476;0;T;True;1
1621264583000;14216690;1.21473;1.21479;1.21476;0;T;True;1
1621264584000;14216691;1.21473;1.21479;1.21476;0;T;True;1
1621264585000;14216695;1.21472;1.21478;1.21475;3;T;True;1
1621264586000;14216697;1.21472;1.21478;1.21475;1;T;True;1
1621264587000;14216702;1.21469;1.21475;1.21472;4;T;True;1
1621264588000;14216703;1.21469;1.21475;1.21472;0;T;True;1
1621264589000;14216705;1.21472;1.21478;1.21475;1;T;True;1
1621264590000;14216706;1.21472;1.21478;1.21475;0;T;True;1
1621264591000;14216710;1.21472;1.21478;1.21475;3;T;True;1
1621264592000;14216713;1.21473;1.21479;1.21476;2;T;True;1
1621264593000;14216714;1.21473;1.21479;1.21476;0;T;True;1
1621264594000;14216718;1.21473;1.21479;1.21476;3;T;True;1
1621264595000;14216722;1.21475;1.21481;1.21478;3;T;True;1
1621264596000;14216725;1.21478;1.21484;1.21481;2;T;True;1
1621264597000;14216726;1.21478;1.21484;1.21481;0;T;True;1
1621264598000;14216727;1.21478;1.21484;1.21481;0;T;True;1
1621264599000;14216735;1.21481;1.21487;1.21484;7;T;True;1
1621264600000;14216736;1.21481;1.21487;1.21484;0;T;True;1
1621264601000;14216737;1.21481;1.21487;1.21484;0;T;True;1
1621264602000;14216739;1.2148;1.21486;1.21483;1;T;True;1
1621264603000;14216743;1.21482;1.21488;1.21485;3;T;True;1
1621264604000;14216744;1.21482;1.21488;1.21485;0;T;True;1
1621264605000;14216747;1.21484;1.2149;1.21487;2;T;True;1
1621264606000;14216748;1.21484;1.2149;1.21487;0;T;True;1
1621264607000;14216750;1.21484;1.2149;1.21487;1;T;True;1
1621264608000;14216752;1.21486;1.21492;1.21489;1;T;True;1
1621264609000;14216756;1.21482;1.21488;1.21485;3;T;True;1
1621264610000;14216758;1.21482;1.21488;1.21485;1;T;True;1
1621264611000;14216759;1.21482;1.21488;1.21485;0;T;True;1
1621264612000;14216760;1.21482;1.21488;1.21485;0;T;True;1
1621264613000;14216761;1.21482;1.21488;1.21485;0;T;True;1
1621264614000;14216762;1.21482;1.21488;1.21485;0;T;True;1
1621264615000;14216763;1.21482;1.21488;1.21485;0;T;True;1
1621264616000;14216764;1.21482;1.21488;1.21485;0;T;True;1
1621264617000;14216766;1.21482;1.21488;1.21485;1;T;True;1
1621264618000;14216773;1.21476;1.21482;1.21479;6;T;True;1
1621264619000;14216775;1.21476;1.21482;1.21479;1;T;True;1
1621264620000;14216780;1.2148;1.21486;1.21483;4;T;True;1
1621264621000;14216784;1.21478;1.21484;1.21481;3;T;True;1
1621264622000;14216785;1.21478;1.21484;1.21481;0;T;True;1
1621264623000;14216786;1.21478;1.21484;1.21481;0;T;True;1
1621264624000;14216788;1.21477;1.21483;1.2148;1;T;True;1
1621264625000;14216789;1.21477;1.21483;1.2148;0;T;True;1
1621264626000;14216790;1.21477;1.21483;1.2148;0;T;True;1
1621264627000;14216791;1.21477;1.21483;1.2148;0;T;True;1
1621264628000;14216792;1.21477;1.21483;1.2148;0;T;True;1
1621264629000;14216793;1.21477;1.21483;1.2148;0;T;True;1
1621264630000;14216796;1.21478;1.21484;1.21481;2;T;True;1
1621264631000;14216798;1.21478;1.21484;1.21481;1;T;True;1
1621264632000;14216801;1.21476;1.21482;1.21479;2;T;True;1
1621264633000;14216802;1.21476;1.21482;1.21479;0;T;True;1
1621264634000;14216804;1.21476;1.21482;1.21479;1;T;True;1
1621264635000;14216805;1.21476;1.21482;1.21479;0;T;True;1
1621264636000;14216809;1.21476;1.21482;1.21479;3;T;True;1
1621264637000;14216811;1.21474;1.2148;1.21477;1;T;True;1
1621264638000;14216821;1.21482;1.21488;1.21485;9;T;True;1
1621264639000;14216829;1.21486;1.21492;1.21489;7;T;True;1
1621264640000;14216831;1.21486;1.21492;1.21489;1;T;True;1
1621264641000;14216833;1.21486;1.21492;1.21489;1;T;True;1
1621264642000;14216835;1.21486;1.21492;1.21489;1;T;True;1
1621264643000;14216839;1.21486;1.21492;1.21489;3;T;True;1
1621264644000;14216840;1.21486;1.21492;1.21489;0;T;True;1
1621264645000;14216846;1.21485;1.21491;1.21488;5;T;True;1
1621264646000;14216850;1.21485;1.21491;1.21488;3;T;True;1
1621264647000;14216853;1.21485;1.21491;1.21488;2;T;True;1
1621264648000;14216856;1.21485;1.21491;1.21488;2;T;True;1
1621264649000;14216858;1.21485;1.21491;1.21488;1;T;True;1
1621264650000;14216867;1.2149;1.21496;1.21493;8;T;True;1
1621264651000;14216869;1.21491;1.21497;1.21494;1;T;True;1
1621264652000;14216872;1.21492;1.21498;1.21495;2;T;True;1
1621264653000;14216873;1.21492;1.21498;1.21495;0;T;True;1
1621264654000;14216875;1.21491;1.21497;1.21494;1;T;True;1
1621264655000;14216878;1.2149;1.21496;1.21493;2;T;True;1
1621264656000;14216884;1.21488;1.21494;1.21491;5;T;True;1
1621264657000;14216886;1.21488;1.21494;1.21491;1;T;True;1
1621264658000;14216891;1.2149;1.21496;1.21493;4;T;True;1
1621264659000;14216896;1.2149;1.21496;1.21493;4;T;True;1
1621264660000;14216898;1.2149;1.21496;1.21493;1;T;True;1
1621264661000;14216899;1.2149;1.21496;1.21493;0;T;True;1
1621264662000;14216900;1.2149;1.21496;1.21493;0;T;True;1
1621264663000;14216902;1.2149;1.21496;1.21493;1;T;True;1
1621264664000;14216903;1.2149;1.21496;1.21493;0;T;True;1
1621264665000;14216904;1.2149;1.21496;1.21493;0;T;True;1
1621264666000;14216907;1.21487;1.21493;1.2149;2;T;True;1
1621264667000;14216908;1.21487;1.21493;1.2149;0;T;True;1
1621264668000;14216910;1.21486;1.21492;1.21489;1;T;True;1
1621264669000;14216911;1.21486;1.21492;1.21489;0;T;True;1
1621264670000;14216913;1.21486;1.21492;1.21489;1;T;True;1
1621264671000;14216918;1.2149;1.21496;1.21493;4;T;True;1
1621264672000;14216919;1.2149;1.21496;1.21493;0;T;True;1
1621264673000;14216924;1.2149;1.21496;1.21493;4;T;True;1
1621264674000;14216926;1.21491;1.21497;1.21494;1;T;True;1
1621264675000;14216928;1.2149;1.21496;1.21493;1;T;True;1
1621264676000;14216929;1.2149;1.21496;1.21493;0;T;True;1
1621264677000;14216935;1.21486;1.21492;1.21489;5;T;True;1
1621264678000;14216940;1.21484;1.2149;1.21487;4;T;True;1
1621264679000;14216944;1.21485;1.21491;1.21488;3;T;True;1
1621264680000;14216946;1.21484;1.2149;1.21487;1;T;True;1
1621264681000;14216949;1.21486;1.21492;1.21489;2;T;True;1
1621264682000;14216952;1.21486;1.21492;1.21489;2;T;True;1
1621264683000;14216953;1.21486;1.21492;1.21489;0;T;True;1
1621264684000;14216954;1.21486;1.21492;1.21489;0;T;True;1
1621264685000;14216956;1.21486;1.21492;1.21489;1;T;True;1
1621264686000;14216959;1.21488;1.21494;1.21491;2;T;True;1
1621264687000;14216964;1.2149;1.21496;1.21493;4;T;True;1
1621264688000;14216966;1.2149;1.21496;1.21493;1;T;True;1
1621264689000;14216968;1.21487;1.21493;1.2149;1;T;True;1
1621264690000;14216972;1.21488;1.21494;1.21491;3;T;True;1
1621264691000;14216973;1.21488;1.21494;1.21491;0;T;True;1
1621264692000;14216974;1.21488;1.21494;1.21491;0;T;True;1
1621264693000;14216976;1.21487;1.21493;1.2149;1;T;True;1
1621264694000;14216978;1.21487;1.21493;1.2149;1;T;True;1
1621264695000;14216979;1.21487;1.21493;1.2149;0;T;True;1
1621264696000;14216980;1.21487;1.21493;1.2149;0;T;True;1
1621264697000;14216986;1.21488;1.21494;1.21491;5;T;True;1
1621264698000;14216987;1.21488;1.21494;1.21491;0;T;True;1
1621264699000;14216989;1.21487;1.21493;1.2149;1;T;True;1
1621264700000;14216991;1.21486;1.21492;1.21489;1;T;True;1
1621264701000;14216993;1.21487;1.21493;1.2149;1;T;True;1
1621264702000;14216995;1.21486;1.21492;1.21489;1;T;True;1
1621264703000;14216996;1.21486;1.21492;1.21489;0;T;True;1
1621264704000;14216997;1.21486;1.21492;1.21489;0;T;True;1
1621264705000;14216998;1.21486;1.21492;1.21489;0;T;True;1
1621264706000;14216999;1.21486;1.21492;1.21489;0;T;True;1
1621264707000;14217000;1.21486;1.21492;1.21489;0;T;True;1
1621264708000;14217001;1.21486;1.21492;1.21489;0;T;True;1
1621264709000;14217002;1.21486;1.21492;1.21489;0;T;True;1
1621264710000;14217008;1.21488;1.21494;1.21491;5;T;True;1
1621264711000;14217009;1.21488;1.21494;1.21491;0;T;True;1
1621264712000;14217015;1.2149;1.21496;1.21493;5;T;True;1
1621264713000;14217019;1.21492;1.21498;1.21495;3;T;True;1
1621264714000;14217020;1.21492;1.21498;1.21495;0;T;True;1
1621264715000;14217021;1.21492;1.21498;1.21495;0;T;True;1
1621264716000;14217022;1.21492;1.21498;1.21495;0;T;True;1
1621264717000;14217025;1.21494;1.215;1.21497;2;T;True;1
1621264718000;14217026;1.21494;1.215;1.21497;0;T;True;1
1621264719000;14217028;1.21494;1.215;1.21497;1;T;True;1
1621264720000;14217030;1.21494;1.215;1.21497;1;T;True;1
1621264721000;14217031;1.21494;1.215;1.21497;0;T;True;1
1621264722000;14217032;1.21494;1.215;1.21497;0;T;True;1
1621264723000;14217035;1.21492;1.21498;1.21495;2;T;True;1
1621264724000;14217037;1.21492;1.21498;1.21495;1;T;True;1
1621264725000;14217039;1.21492;1.21498;1.21495;1;T;True;1
1621264726000;14217041;1.21492;1.21498;1.21495;1;T;True;1
1621264727000;14217044;1.21492;1.21498;1.21495;2;T;True;1
1621264728000;14217046;1.21492;1.21498;1.21495;1;T;True;1
1621264729000;14217048;1.21492;1.21498;1.21495;1;T;True;1
1621264730000;14217053;1.21488;1.21494;1.21491;4;T;True;1
1621264731000;14217057;1.21488;1.21494;1.21491;3;T;True;1
1621264732000;14217059;1.21487;1.21493;1.2149;1;T;True;1
1621264733000;14217060;1.21487;1.21493;1.2149;0;T;True;1
1621264734000;14217061;1.21487;1.21493;1.2149;0;T;True;1
1621264735000;14217062;1.21487;1.21493;1.2149;0;T;True;1
1621264736000;14217063;1.21487;1.21493;1.2149;0;T;True;1
1621264737000;14217064;1.21487;1.21493;1.2149;0;T;True;1
1621264738000;14217065;1.21487;1.21493;1.2149;0;T;True;1
1621264739000;14217066;1.21487;1.21493;1.2149;0;T;True;1
1621264740000;14217067;1.21487;1.21493;1.2149;0;T;True;1
1621264741000;14217072;1.21486;1.21492;1.21489;4;T;True;1
1621264742000;14217074;1.21486;1.21492;1.21489;1;T;True;1
1621264743000;14217078;1.21485;1.21491;1.21488;3;T;True;1
1621264744000;14217082;1.21482;1.21488;1.21485;3;T;True;1
1621264745000;14217083;1.21482;1.21488;1.21485;0;T;True;1
1621264746000;14217084;1.21482;1.21488;1.21485;0;T;True;1
1621264747000;14217085;1.21482;1.21488;1.21485;0;T;True;1
1621264748000;14217095;1.2148;1.21486;1.21483;9;T;True;1
1621264749000;14217099;1.21482;1.21488;1.21485;3;T;True;1
1621264750000;14217103;1.21482;1.21488;1.21485;3;T;True;1
1621264751000;14217107;1.21484;1.2149;1.21487;3;T;True;1
1621264752000;14217112;1.21486;1.21492;1.21489;4;T;True;1
1621264753000;14217115;1.21487;1.21493;1.2149;2;T;True;1
1621264754000;14217119;1.21488;1.21494;1.21491;3;T;True;1
1621264755000;14217122;1.21486;1.21492;1.21489;2;T;True;1
1621264756000;14217125;1.21487;1.21493;1.2149;2;T;True;1
1621264757000;14217126;1.21487;1.21493;1.2149;0;T;True;1
1621264758000;14217127;1.21487;1.21493;1.2149;0;T;True;1
1621264759000;14217128;1.21487;1.21493;1.2149;0;T;True;1
1621264760000;14217130;1.21487;1.21493;1.2149;1;T;True;1
1621264761000;14217134;1.21484;1.2149;1.21487;3;T;True;1
1621264762000;14217137;1.21486;1.21492;1.21489;2;T;True;1
1621264763000;14217138;1.21486;1.21492;1.21489;0;T;True;1
1621264764000;14217142;1.21488;1.21494;1.21491;3;T;True;1
1621264765000;14217143;1.21488;1.21494;1.21491;0;T;True;1
1621264766000;14217144;1.21488;1.21494;1.21491;0;T;True;1
1621264767000;14217145;1.21488;1.21494;1.21491;0;T;True;1
1621264768000;14217149;1.21486;1.21492;1.21489;3;T;True;1
1621264769000;14217150;1.21486;1.21492;1.21489;0;T;True;1
1621264770000;14217154;1.21486;1.21492;1.21489;3;T;True;1
1621264771000;14217156;1.21486;1.21492;1.21489;1;T;True;1
1621264772000;14217157;1.21486;1.21492;1.21489;0;T;True;1
1621264773000;14217158;1.21486;1.21492;1.21489;0;T;True;1
1621264774000;14217164;1.21483;1.21489;1.21486;5;T;True;1
1621264775000;14217169;1.21485;1.21491;1.21488;4;T;True;1
1621264776000;14217173;1.21485;1.21491;1.21488;3;T;True;1
1621264777000;14217175;1.21484;1.2149;1.21487;1;T;True;1
1621264778000;14217177;1.21484;1.2149;1.21487;1;T;True;1
1621264779000;14217178;1.21484;1.2149;1.21487;0;T;True;1
1621264780000;14217179;1.21484;1.2149;1.21487;0;T;True;1
1621264781000;14217180;1.21484;1.2149;1.21487;0;T;True;1
1621264782000;14217182;1.21484;1.2149;1.21487;1;T;True;1
1621264783000;14217186;1.21482;1.21488;1.21485;3;T;True;1
1621264784000;14217187;1.21482;1.21488;1.21485;0;T;True;1
1621264785000;14217188;1.21482;1.21488;1.21485;0;T;True;1
1621264786000;14217189;1.21482;1.21488;1.21485;0;T;True;1
1621264787000;14217190;1.21482;1.21488;1.21485;0;T;True;1
1621264788000;14217191;1.21482;1.21488;1.21485;0;T;True;1
1621264789000;14217193;1.21482;1.21488;1.21485;1;T;True;1
1621264790000;14217194;1.21482;1.21488;1.21485;0;T;True;1
1621264791000;14217202;1.21486;1.21492;1.21489;7;T;True;1
1621264792000;14217203;1.21486;1.21492;1.21489;0;T;True;1
1621264793000;14217206;1.2149;1.21496;1.21493;2;T;True;1
1621264794000;14217208;1.21488;1.21494;1.21491;1;T;True;1
1621264795000;14217211;1.21486;1.21492;1.21489;2;T;True;1
1621264796000;14217212;1.21486;1.21492;1.21489;0;T;True;1
1621264797000;14217213;1.21486;1.21492;1.21489;0;T;True;1
1621264798000;14217217;1.21486;1.21492;1.21489;3;T;True;1
1621264799000;14217220;1.21486;1.21492;1.21489;2;T;True;1
1621264800000;14217221;1.21486;1.21492;1.21489;0;T;True;1
1621264801000;14217224;1.21486;1.21492;1.21489;2;T;True;1
1621264802000;14217227;1.21487;1.21493;1.2149;2;T;True;1
1621264803000;14217228;1.21487;1.21493;1.2149;0;T;True;1
1621264804000;14217232;1.21489;1.21495;1.21492;3;T;True;1
1621264805000;14217238;1.21491;1.21497;1.21494;5;T;True;1
1621264806000;14217244;1.21485;1.21491;1.21488;5;T;True;1
1621264807000;14217245;1.21485;1.21491;1.21488;0;T;True;1
1621264808000;14217246;1.21485;1.21491;1.21488;0;T;True;1
1621264809000;14217252;1.21482;1.21488;1.21485;5;T;True;1
1621264810000;14217256;1.21481;1.21487;1.21484;3;T;True;1
1621264811000;14217258;1.2148;1.21486;1.21483;1;T;True;1
1621264812000;14217265;1.21476;1.21482;1.21479;6;T;True;1
1621264813000;14217268;1.21476;1.21482;1.21479;2;T;True;1
1621264814000;14217271;1.21477;1.21483;1.2148;2;T;True;1
1621264815000;14217275;1.2148;1.21486;1.21483;3;T;True;1
1621264816000;14217277;1.2148;1.21486;1.21483;1;T;True;1
1621264817000;14217278;1.2148;1.21486;1.21483;0;T;True;1
1621264818000;14217284;1.21476;1.21482;1.21479;5;T;True;1
1621264819000;14217285;1.21476;1.21482;1.21479;0;T;True;1
1621264820000;14217287;1.21476;1.21482;1.21479;1;T;True;1
1621264821000;14217288;1.21476;1.21482;1.21479;0;T;True;1
1621264822000;14217295;1.21477;1.21483;1.2148;6;T;True;1
1621264823000;14217296;1.21477;1.21483;1.2148;0;T;True;1
1621264824000;14217300;1.2148;1.21486;1.21483;3;T;True;1
1621264825000;14217303;1.21481;1.21487;1.21484;2;T;True;1
1621264826000;14217304;1.21481;1.21487;1.21484;0;T;True;1
1621264827000;14217307;1.2148;1.21486;1.21483;2;T;True;1
1621264828000;14217313;1.2148;1.21486;1.21483;5;T;True;1
1621264829000;14217314;1.2148;1.21486;1.21483;0;T;True;1
1621264830000;14217315;1.2148;1.21486;1.21483;0;T;True;1
1621264831000;14217322;1.21478;1.21484;1.21481;6;T;True;1
1621264832000;14217327;1.21481;1.21487;1.21484;4;T;True;1
1621264833000;14217330;1.21482;1.21488;1.21485;2;T;True;1
1621264834000;14217332;1.21482;1.21488;1.21485;1;T;True;1
1621264835000;14217335;1.21482;1.21488;1.21485;2;T;True;1
1621264836000;14217336;1.21482;1.21488;1.21485;0;T;True;1
1621264837000;14217337;1.21482;1.21488;1.21485;0;T;True;1
1621264838000;14217339;1.21482;1.21488;1.21485;1;T;True;1
1621264839000;14217346;1.21486;1.21492;1.21489;6;T;True;1
1621264840000;14217347;1.21486;1.21492;1.21489;0;T;True;1
1621264841000;14217352;1.21486;1.21492;1.21489;4;T;True;1
1621264842000;14217354;1.21487;1.21493;1.2149;1;T;True;1
1621264843000;14217356;1.21488;1.21494;1.21491;1;T;True;1
1621264844000;14217357;1.21488;1.21494;1.21491;0;T;True;1
1621264845000;14217358;1.21488;1.21494;1.21491;0;T;True;1
1621264846000;14217366;1.21491;1.21497;1.21494;7;T;True;1
1621264847000;14217367;1.21491;1.21497;1.21494;0;T;True;1
1621264848000;14217371;1.21492;1.21498;1.21495;3;T;True;1
1621264849000;14217372;1.21492;1.21498;1.21495;0;T;True;1
1621264850000;14217377;1.2149;1.21496;1.21493;4;T;True;1
1621264851000;14217380;1.2149;1.21496;1.21493;2;T;True;1
1621264852000;14217382;1.2149;1.21496;1.21493;1;T;True;1
1621264853000;14217383;1.2149;1.21496;1.21493;0;T;True;1
1621264854000;14217385;1.2149;1.21496;1.21493;1;T;True;1
1621264855000;14217387;1.2149;1.21496;1.21493;1;T;True;1
1621264856000;14217390;1.2149;1.21496;1.21493;2;T;True;1
1621264857000;14217395;1.21494;1.215;1.21497;4;T;True;1
1621264858000;14217401;1.21494;1.215;1.21497;5;T;True;1
1621264859000;14217403;1.21493;1.21499;1.21496;1;T;True;1
1621264860000;14217407;1.21491;1.21497;1.21494;3;T;True;1
1621264861000;14217418;1.21488;1.21494;1.21491;10;T;True;1
1621264862000;14217421;1.21488;1.21494;1.21491;2;T;True;1
1621264863000;14217423;1.21488;1.21494;1.21491;1;T;True;1
1621264864000;14217428;1.21486;1.21492;1.21489;4;T;True;1
1621264865000;14217430;1.21487;1.21493;1.2149;1;T;True;1
1621264866000;14217434;1.21486;1.21492;1.21489;3;T;True;1
1621264867000;14217440;1.21486;1.21492;1.21489;5;T;True;1
1621264868000;14217442;1.21486;1.21492;1.21489;1;T;True;1
1621264869000;14217445;1.21488;1.21494;1.21491;2;T;True;1
1621264870000;14217450;1.21486;1.21492;1.21489;4;T;True;1
1621264871000;14217453;1.21486;1.21492;1.21489;2;T;True;1
1621264872000;14217454;1.21486;1.21492;1.21489;0;T;True;1
1621264873000;14217457;1.21486;1.21492;1.21489;2;T;True;1
1621264874000;14217459;1.21486;1.21492;1.21489;1;T;True;1
1621264875000;14217464;1.21485;1.21491;1.21488;4;T;True;1
1621264876000;14217465;1.21485;1.21491;1.21488;0;T;True;1
1621264877000;14217466;1.21485;1.21491;1.21488;0;T;True;1
1621264878000;14217467;1.21485;1.21491;1.21488;0;T;True;1
1621264879000;14217468;1.21485;1.21491;1.21488;0;T;True;1
1621264880000;14217473;1.21482;1.21488;1.21485;4;T;True;1
1621264881000;14217474;1.21482;1.21488;1.21485;0;T;True;1
1621264882000;14217475;1.21482;1.21488;1.21485;0;T;True;1
1621264883000;14217476;1.21482;1.21488;1.21485;0;T;True;1
1621264884000;14217479;1.21484;1.2149;1.21487;2;T;True;1
1621264885000;14217481;1.21484;1.2149;1.21487;1;T;True;1
1621264886000;14217483;1.21484;1.2149;1.21487;1;T;True;1
1621264887000;14217485;1.21482;1.21488;1.21485;1;T;True;1
1621264888000;14217486;1.21482;1.21488;1.21485;0;T;True;1
1621264889000;14217488;1.21482;1.21488;1.21485;1;T;True;1
1621264890000;14217489;1.21482;1.21488;1.21485;0;T;True;1
1621264891000;14217490;1.21482;1.21488;1.21485;0;T;True;1
1621264892000;14217492;1.21482;1.21488;1.21485;1;T;True;1
1621264893000;14217493;1.21482;1.21488;1.21485;0;T;True;1
1621264894000;14217499;1.21486;1.21492;1.21489;5;T;True;1
1621264895000;14217503;1.21484;1.2149;1.21487;3;T;True;1
1621264896000;14217506;1.21484;1.2149;1.21487;2;T;True;1
1621264897000;14217507;1.21484;1.2149;1.21487;0;T;True;1
1621264898000;14217508;1.21484;1.2149;1.21487;0;T;True;1
1621264899000;14217509;1.21484;1.2149;1.21487;0;T;True;1
1621264900000;14217510;1.21484;1.2149;1.21487;0;T;True;1
1621264901000;14217511;1.21484;1.2149;1.21487;0;T;True;1
1621264902000;14217512;1.21484;1.2149;1.21487;0;T;True;1
1621264903000;14217513;1.21484;1.2149;1.21487;0;T;True;1
1621264904000;14217514;1.21484;1.2149;1.21487;0;T;True;1
1621264905000;14217518;1.21484;1.2149;1.21487;3;T;True;1
1621264906000;14217521;1.21484;1.2149;1.21487;2;T;True;1
1621264907000;14217525;1.21486;1.21492;1.21489;3;T;True;1
1621264908000;14217528;1.21488;1.21494;1.21491;2;T;True;1
1621264909000;14217533;1.21488;1.21494;1.21491;4;T;True;1
1621264910000;14217536;1.21487;1.21493;1.2149;2;T;True;1
1621264911000;14217537;1.21487;1.21493;1.2149;0;T;True;1
1621264912000;14217540;1.21487;1.21493;1.2149;2;T;True;1
1621264913000;14217542;1.21487;1.21493;1.2149;1;T;True;1
1621264914000;14217546;1.21488;1.21494;1.21491;3;T;True;1
1621264915000;14217551;1.21488;1.21494;1.21491;4;T;True;1
1621264916000;14217553;1.21488;1.21494;1.21491;1;T;True;1
1621264917000;14217554;1.21488;1.21494;1.21491;0;T;True;1
1621264918000;14217555;1.21488;1.21494;1.21491;0;T;True;1
1621264919000;14217562;1.21494;1.215;1.21497;6;T;True;1
1621264920000;14217564;1.21494;1.215;1.21497;1;T;True;1
1621264921000;14217567;1.21494;1.215;1.21497;2;T;True;1
1621264922000;14217571;1.21496;1.21502;1.21499;3;T;True;1
1621264923000;14217578;1.21498;1.21504;1.21501;6;T;True;1
1621264924000;14217583;1.21497;1.21503;1.215;4;T;True;1
1621264925000;14217585;1.21496;1.21502;1.21499;1;T;True;1
1621264926000;14217586;1.21496;1.21502;1.21499;0;T;True;1
1621264927000;14217587;1.21496;1.21502;1.21499;0;T;True;1
1621264928000;14217595;1.21492;1.21498;1.21495;7;T;True;1
1621264929000;14217597;1.21492;1.21498;1.21495;1;T;True;1
1621264930000;14217599;1.21492;1.21498;1.21495;1;T;True;1
1621264931000;14217600;1.21492;1.21498;1.21495;0;T;True;1
1621264932000;14217606;1.21492;1.21498;1.21495;5;T;True;1
1621264933000;14217609;1.21492;1.21498;1.21495;2;T;True;1
1621264934000;14217613;1.21491;1.21497;1.21494;3;T;True;1
1621264935000;14217618;1.21493;1.21499;1.21496;4;T;True;1
1621264936000;14217622;1.21492;1.21498;1.21495;3;T;True;1
1621264937000;14217629;1.2149;1.21496;1.21493;6;T;True;1
1621264938000;14217632;1.21492;1.21498;1.21495;2;T;True;1
1621264939000;14217634;1.21492;1.21498;1.21495;1;T;True;1
1621264940000;14217635;1.21492;1.21498;1.21495;0;T;True;1
1621264941000;14217642;1.21495;1.21501;1.21498;6;T;True;1
1621264942000;14217644;1.21495;1.21501;1.21498;1;T;True;1
1621264943000;14217652;1.21493;1.21499;1.21496;7;T;True;1
1621264944000;14217657;1.21494;1.215;1.21497;4;T;True;1
1621264945000;14217659;1.21493;1.21499;1.21496;1;T;True;1
1621264946000;14217663;1.21492;1.21498;1.21495;3;T;True;1
1621264947000;14217664;1.21492;1.21498;1.21495;0;T;True;1
1621264948000;14217671;1.21493;1.21499;1.21496;6;T;True;1
1621264949000;14217672;1.21493;1.21499;1.21496;0;T;True;1
1621264950000;14217674;1.21493;1.21499;1.21496;1;T;True;1
1621264951000;14217678;1.21494;1.215;1.21497;3;T;True;1
1621264952000;14217680;1.21493;1.21499;1.21496;1;T;True;1
1621264953000;14217681;1.21493;1.21499;1.21496;0;T;True;1
1621264954000;14217686;1.21491;1.21497;1.21494;4;T;True;1
1621264955000;14217694;1.21494;1.215;1.21497;7;T;True;1
1621264956000;14217696;1.21494;1.215;1.21497;1;T;True;1
1621264957000;14217697;1.21494;1.215;1.21497;0;T;True;1
1621264958000;14217699;1.21494;1.215;1.21497;1;T;True;1
1621264959000;14217702;1.21492;1.21498;1.21495;2;T;True;1
1621264960000;14217706;1.21491;1.21497;1.21494;3;T;True;1
1621264961000;14217707;1.21491;1.21497;1.21494;0;T;True;1
1621264962000;14217710;1.21491;1.21497;1.21494;2;T;True;1
1621264963000;14217712;1.2149;1.21496;1.21493;1;T;True;1
1621264964000;14217713;1.2149;1.21496;1.21493;0;T;True;1
1621264965000;14217715;1.2149;1.21496;1.21493;1;T;True;1
1621264966000;14217716;1.2149;1.21496;1.21493;0;T;True;1
1621264967000;14217717;1.2149;1.21496;1.21493;0;T;True;1
1621264968000;14217725;1.21494;1.215;1.21497;7;T;True;1
1621264969000;14217731;1.21494;1.215;1.21497;5;T;True;1
1621264970000;14217732;1.21494;1.215;1.21497;0;T;True;1
1621264971000;14217737;1.21493;1.21499;1.21496;4;T;True;1
1621264972000;14217738;1.21493;1.21499;1.21496;0;T;True;1
1621264973000;14217744;1.21491;1.21497;1.21494;5;T;True;1
1621264974000;14217745;1.21491;1.21497;1.21494;0;T;True;1
1621264975000;14217753;1.21496;1.21502;1.21499;7;T;True;1
1621264976000;14217754;1.21496;1.21502;1.21499;0;T;True;1
1621264977000;14217757;1.21496;1.21502;1.21499;2;T;True;1
1621264978000;14217763;1.21497;1.21503;1.215;5;T;True;1
1621264979000;14217768;1.21493;1.21499;1.21496;4;T;True;1
1621264980000;14217773;1.21496;1.21502;1.21499;4;T;True;1
1621264981000;14217775;1.21495;1.21501;1.21498;1;T;True;1
1621264982000;14217776;1.21495;1.21501;1.21498;0;T;True;1
1621264983000;14217784;1.21494;1.215;1.21497;7;T;True;1
1621264984000;14217793;1.21497;1.21503;1.215;8;T;True;1
1621264985000;14217801;1.21501;1.21507;1.21504;7;T;True;1
1621264986000;14217802;1.21501;1.21507;1.21504;0;T;True;1
1621264987000;14217804;1.21501;1.21507;1.21504;1;T;True;1
1621264988000;14217808;1.215;1.21506;1.21503;3;T;True;1
1621264989000;14217810;1.215;1.21506;1.21503;1;T;True;1
1621264990000;14217811;1.215;1.21506;1.21503;0;T;True;1
1621264991000;14217814;1.21499;1.21505;1.21502;2;T;True;1
1621264992000;14217817;1.21499;1.21505;1.21502;2;T;True;1
1621264993000;14217819;1.215;1.21506;1.21503;1;T;True;1
1621264994000;14217825;1.21497;1.21503;1.215;5;T;True;1
1621264995000;14217830;1.21498;1.21504;1.21501;4;T;True;1
1621264996000;14217835;1.21498;1.21504;1.21501;4;T;True;1
1621264997000;14217837;1.21498;1.21504;1.21501;1;T;True;1
1621264998000;14217838;1.21498;1.21504;1.21501;0;T;True;1
1621264999000;14217840;1.215;1.21506;1.21503;1;T;True;1
1621265000000;14217843;1.215;1.21506;1.21503;2;T;True;1
1621265001000;14217844;1.215;1.21506;1.21503;0;T;True;1
1621265002000;14217845;1.215;1.21506;1.21503;0;T;True;1
1621265003000;14217846;1.215;1.21506;1.21503;0;T;True;1
1621265004000;14217851;1.21502;1.21508;1.21505;4;T;True;1
1621265005000;14217853;1.21504;1.2151;1.21507;1;T;True;1
1621265006000;14217854;1.21504;1.2151;1.21507;0;T;True;1
1621265007000;14217856;1.21503;1.21509;1.21506;1;T;True;1
1621265008000;14217857;1.21503;1.21509;1.21506;0;T;True;1
1621265009000;14217863;1.215;1.21506;1.21503;5;T;True;1
1621265010000;14217865;1.21501;1.21507;1.21504;1;T;True;1
1621265011000;14217866;1.21501;1.21507;1.21504;0;T;True;1
1621265012000;14217869;1.21501;1.21507;1.21504;2;T;True;1
1621265013000;14217878;1.21504;1.2151;1.21507;8;T;True;1
1621265014000;14217883;1.21505;1.21511;1.21508;4;T;True;1
1621265015000;14217887;1.21504;1.2151;1.21507;3;T;True;1
1621265016000;14217892;1.21505;1.21511;1.21508;4;T;True;1
1621265017000;14217901;1.21508;1.21514;1.21511;8;T;True;1
1621265018000;14217906;1.21508;1.21514;1.21511;4;T;True;1
1621265019000;14217907;1.21508;1.21514;1.21511;0;T;True;1
1621265020000;14217913;1.2151;1.21516;1.21513;5;T;True;1
1621265021000;14217916;1.2151;1.21516;1.21513;2;T;True;1
1621265022000;14217919;1.21508;1.21514;1.21511;2;T;True;1
1621265023000;14217923;1.21508;1.21514;1.21511;3;T;True;1
1621265024000;14217924;1.21508;1.21514;1.21511;0;T;True;1
1621265025000;14217930;1.21505;1.21511;1.21508;5;T;True;1
1621265026000;14217934;1.21504;1.2151;1.21507;3;T;True;1
1621265027000;14217939;1.21502;1.21508;1.21505;4;T;True;1
1621265028000;14217940;1.21502;1.21508;1.21505;0;T;True;1
1621265029000;14217941;1.21502;1.21508;1.21505;0;T;True;1
1621265030000;14217943;1.21501;1.21507;1.21504;1;T;True;1
1621265031000;14217944;1.21501;1.21507;1.21504;0;T;True;1
1621265032000;14217948;1.215;1.21506;1.21503;3;T;True;1
1621265033000;14217949;1.215;1.21506;1.21503;0;T;True;1
1621265034000;14217959;1.21504;1.2151;1.21507;9;T;True;1
1621265035000;14217961;1.21504;1.2151;1.21507;1;T;True;1
1621265036000;14217962;1.21504;1.2151;1.21507;0;T;True;1
1621265037000;14217963;1.21504;1.2151;1.21507;0;T;True;1
1621265038000;14217965;1.21504;1.2151;1.21507;1;T;True;1
1621265039000;14217966;1.21504;1.2151;1.21507;0;T;True;1
1621265040000;14217967;1.21504;1.2151;1.21507;0;T;True;1
1621265041000;14217968;1.21504;1.2151;1.21507;0;T;True;1
1621265042000;14217972;1.21504;1.2151;1.21507;3;T;True;1
1621265043000;14217975;1.21503;1.21509;1.21506;2;T;True;1
1621265044000;14217976;1.21503;1.21509;1.21506;0;T;True;1
1621265045000;14217977;1.21503;1.21509;1.21506;0;T;True;1
1621265046000;14217979;1.21503;1.21509;1.21506;1;T;True;1
1621265047000;14217980;1.21503;1.21509;1.21506;0;T;True;1
1621265048000;14217983;1.215;1.21506;1.21503;2;T;True;1
1621265049000;14217984;1.215;1.21506;1.21503;0;T;True;1
1621265050000;14217986;1.215;1.21506;1.21503;1;T;True;1
1621265051000;14217987;1.215;1.21506;1.21503;0;T;True;1
1621265052000;14217988;1.215;1.21506;1.21503;0;T;True;1
1621265053000;14217989;1.215;1.21506;1.21503;0;T;True;1
1621265054000;14217990;1.215;1.21506;1.21503;0;T;True;1
1621265055000;14217991;1.215;1.21506;1.21503;0;T;True;1
1621265056000;14217998;1.21503;1.21509;1.21506;6;T;True;1
1621265057000;14218002;1.21502;1.21508;1.21505;3;T;True;1
1621265058000;14218003;1.21502;1.21508;1.21505;0;T;True;1
1621265059000;14218004;1.21502;1.21508;1.21505;0;T;True;1
1621265060000;14218005;1.21502;1.21508;1.21505;0;T;True;1
1621265061000;14218007;1.21502;1.21508;1.21505;1;T;True;1
1621265062000;14218008;1.21502;1.21508;1.21505;0;T;True;1
1621265063000;14218014;1.21498;1.21504;1.21501;5;T;True;1
1621265064000;14218015;1.21498;1.21504;1.21501;0;T;True;1
1621265065000;14218016;1.21498;1.21504;1.21501;0;T;True;1
1621265066000;14218017;1.21498;1.21504;1.21501;0;T;True;1
1621265067000;14218020;1.21499;1.21505;1.21502;2;T;True;1
1621265068000;14218022;1.215;1.21506;1.21503;1;T;True;1
1621265069000;14218023;1.215;1.21506;1.21503;0;T;True;1
1621265070000;14218024;1.215;1.21506;1.21503;0;T;True;1
1621265071000;14218029;1.21498;1.21504;1.21501;4;T;True;1
1621265072000;14218039;1.21498;1.21504;1.21501;9;T;True;1
1621265073000;14218042;1.21498;1.21504;1.21501;2;T;True;1
1621265074000;14218046;1.21497;1.21503;1.215;3;T;True;1
1621265075000;14218051;1.21498;1.21504;1.21501;4;T;True;1
1621265076000;14218055;1.21499;1.21505;1.21502;3;T;True;1
1621265077000;14218058;1.21499;1.21505;1.21502;2;T;True;1
1621265078000;14218060;1.21499;1.21505;1.21502;1;T;True;1
1621265079000;14218063;1.21499;1.21505;1.21502;2;T;True;1
1621265080000;14218064;1.21499;1.21505;1.21502;0;T;True;1
1621265081000;14218065;1.21499;1.21505;1.21502;0;T;True;1
1621265082000;14218066;1.21499;1.21505;1.21502;0;T;True;1
1621265083000;14218067;1.21499;1.21505;1.21502;0;T;True;1
1621265084000;14218068;1.21499;1.21505;1.21502;0;T;True;1
1621265085000;14218070;1.21499;1.21505;1.21502;1;T;True;1
1621265086000;14218075;1.21499;1.21505;1.21502;4;T;True;1
1621265087000;14218083;1.21494;1.215;1.21497;7;T;True;1
1621265088000;14218084;1.21494;1.215;1.21497;0;T;True;1
1621265089000;14218086;1.21492;1.21498;1.21495;1;T;True;1
1621265090000;14218087;1.21492;1.21498;1.21495;0;T;True;1
1621265091000;14218088;1.21492;1.21498;1.21495;0;T;True;1
1621265092000;14218090;1.21492;1.21498;1.21495;1;T;True;1
1621265093000;14218095;1.21493;1.21499;1.21496;4;T;True;1
1621265094000;14218098;1.21493;1.21499;1.21496;2;T;True;1
1621265095000;14218100;1.21493;1.21499;1.21496;1;T;True;1
1621265096000;14218101;1.21493;1.21499;1.21496;0;T;True;1
1621265097000;14218111;1.21494;1.215;1.21497;9;T;True;1
1621265098000;14218116;1.21496;1.21502;1.21499;4;T;True;1
1621265099000;14218117;1.21496;1.21502;1.21499;0;T;True;1
1621265100000;14218118;1.21496;1.21502;1.21499;0;T;True;1
1621265101000;14218126;1.21499;1.21505;1.21502;7;T;True;1
1621265102000;14218129;1.21499;1.21505;1.21502;2;T;True;1
1621265103000;14218133;1.21498;1.21504;1.21501;3;T;True;1
1621265104000;14218138;1.21498;1.21504;1.21501;4;T;True;1
1621265105000;14218139;1.21498;1.21504;1.21501;0;T;True;1
1621265106000;14218141;1.21498;1.21504;1.21501;1;T;True;1
1621265107000;14218142;1.21498;1.21504;1.21501;0;T;True;1
1621265108000;14218145;1.21498;1.21504;1.21501;2;T;True;1
1621265109000;14218147;1.215;1.21506;1.21503;1;T;True;1
1621265110000;14218148;1.215;1.21506;1.21503;0;T;True;1
1621265111000;14218150;1.21501;1.21507;1.21504;1;T;True;1
1621265112000;14218152;1.215;1.21506;1.21503;1;T;True;1
1621265113000;14218153;1.215;1.21506;1.21503;0;T;True;1
1621265114000;14218156;1.21498;1.21504;1.21501;2;T;True;1
1621265115000;14218158;1.21497;1.21503;1.215;1;T;True;1
1621265116000;14218168;1.2149;1.21496;1.21493;9;T;True;1
1621265117000;14218169;1.2149;1.21496;1.21493;0;T;True;1
1621265118000;14218170;1.2149;1.21496;1.21493;0;T;True;1
1621265119000;14218171;1.2149;1.21496;1.21493;0;T;True;1
1621265120000;14218172;1.2149;1.21496;1.21493;0;T;True;1
1621265121000;14218173;1.2149;1.21496;1.21493;0;T;True;1
1621265122000;14218179;1.21486;1.21492;1.21489;5;T;True;1
1621265123000;14218186;1.21482;1.21488;1.21485;6;T;True;1
1621265124000;14218190;1.21483;1.21489;1.21486;3;T;True;1
1621265125000;14218191;1.21483;1.21489;1.21486;0;T;True;1
1621265126000;14218193;1.21483;1.21489;1.21486;1;T;True;1
1621265127000;14218195;1.21483;1.21489;1.21486;1;T;True;1
1621265128000;14218196;1.21483;1.21489;1.21486;0;T;True;1
1621265129000;14218209;1.21494;1.215;1.21497;12;T;True;1
1621265130000;14218212;1.21494;1.215;1.21497;2;T;True;1
1621265131000;14218216;1.21492;1.21498;1.21495;3;T;True;1
1621265132000;14218218;1.21492;1.21498;1.21495;1;T;True;1
1621265133000;14218220;1.21492;1.21498;1.21495;1;T;True;1
1621265134000;14218221;1.21492;1.21498;1.21495;0;T;True;1
1621265135000;14218222;1.21492;1.21498;1.21495;0;T;True;1
1621265136000;14218226;1.2149;1.21496;1.21493;3;T;True;1
1621265137000;14218233;1.21495;1.21501;1.21498;6;T;True;1
1621265138000;14218242;1.21496;1.21502;1.21499;8;T;True;1
1621265139000;14218245;1.21496;1.21502;1.21499;2;T;True;1
1621265140000;14218247;1.21496;1.21502;1.21499;1;T;True;1
1621265141000;14218248;1.21496;1.21502;1.21499;0;T;True;1
1621265142000;14218251;1.21494;1.215;1.21497;2;T;True;1
1621265143000;14218254;1.21494;1.215;1.21497;2;T;True;1
1621265144000;14218262;1.21494;1.215;1.21497;7;T;True;1
1621265145000;14218265;1.21494;1.215;1.21497;2;T;True;1
1621265146000;14218267;1.21494;1.215;1.21497;1;T;True;1
1621265147000;14218270;1.21494;1.215;1.21497;2;T;True;1
1621265148000;14218274;1.21492;1.21498;1.21495;3;T;True;1
1621265149000;14218276;1.21494;1.215;1.21497;1;T;True;1
1621265150000;14218277;1.21494;1.215;1.21497;0;T;True;1
1621265151000;14218278;1.21494;1.215;1.21497;0;T;True;1
1621265152000;14218279;1.21494;1.215;1.21497;0;T;True;1
1621265153000;14218281;1.21493;1.21499;1.21496;1;T;True;1
1621265154000;14218283;1.21492;1.21498;1.21495;1;T;True;1
1621265155000;14218284;1.21492;1.21498;1.21495;0;T;True;1
1621265156000;14218287;1.21494;1.215;1.21497;2;T;True;1
1621265157000;14218288;1.21494;1.215;1.21497;0;T;True;1
1621265158000;14218291;1.21496;1.21502;1.21499;2;T;True;1
1621265159000;14218299;1.21502;1.21508;1.21505;7;T;True;1
1621265160000;14218304;1.21502;1.21508;1.21505;4;T;True;1
1621265161000;14218307;1.21502;1.21508;1.21505;2;T;True;1
1621265162000;14218308;1.21502;1.21508;1.21505;0;T;True;1
1621265163000;14218314;1.21502;1.21508;1.21505;5;T;True;1
1621265164000;14218315;1.21502;1.21508;1.21505;0;T;True;1
1621265165000;14218318;1.21502;1.21508;1.21505;2;T;True;1
1621265166000;14218320;1.21502;1.21508;1.21505;1;T;True;1
1621265167000;14218325;1.215;1.21506;1.21503;4;T;True;1
1621265168000;14218328;1.21501;1.21507;1.21504;2;T;True;1
1621265169000;14218331;1.21502;1.21508;1.21505;2;T;True;1
1621265170000;14218332;1.21502;1.21508;1.21505;0;T;True;1
1621265171000;14218333;1.21502;1.21508;1.21505;0;T;True;1
1621265172000;14218334;1.21502;1.21508;1.21505;0;T;True;1
1621265173000;14218335;1.21502;1.21508;1.21505;0;T;True;1
1621265174000;14218337;1.21501;1.21507;1.21504;1;T;True;1
1621265175000;14218338;1.21501;1.21507;1.21504;0;T;True;1
1621265176000;14218339;1.21501;1.21507;1.21504;0;T;True;1
1621265177000;14218340;1.21501;1.21507;1.21504;0;T;True;1
1621265178000;14218341;1.21501;1.21507;1.21504;0;T;True;1
1621265179000;14218343;1.21502;1.21508;1.21505;1;T;True;1
1621265180000;14218344;1.21502;1.21508;1.21505;0;T;True;1
1621265181000;14218346;1.21501;1.21507;1.21504;1;T;True;1
1621265182000;14218352;1.21506;1.21512;1.21509;5;T;True;1
1621265183000;14218356;1.21507;1.21513;1.2151;3;T;True;1
1621265184000;14218358;1.21506;1.21512;1.21509;1;T;True;1
1621265185000;14218359;1.21506;1.21512;1.21509;0;T;True;1
1621265186000;14218360;1.21506;1.21512;1.21509;0;T;True;1
1621265187000;14218362;1.21507;1.21513;1.2151;1;T;True;1
1621265188000;14218364;1.21506;1.21512;1.21509;1;T;True;1
1621265189000;14218365;1.21506;1.21512;1.21509;0;T;True;1
1621265190000;14218370;1.21506;1.21512;1.21509;4;T;True;1
1621265191000;14218373;1.21507;1.21513;1.2151;2;T;True;1
1621265192000;14218374;1.21507;1.21513;1.2151;0;T;True;1
1621265193000;14218377;1.21508;1.21514;1.21511;2;T;True;1
1621265194000;14218380;1.21509;1.21515;1.21512;2;T;True;1
1621265195000;14218386;1.21507;1.21513;1.2151;5;T;True;1
1621265196000;14218391;1.21506;1.21512;1.21509;4;T;True;1
