ts;n;bid;ask;value;volume;phase;round;active_id
1621232862000;14125225;1.21348;1.21354;1.21351;0;T;True;1
1621232863000;14125226;1.21348;1.21354;1.21351;0;T;True;1
1621232864000;14125227;1.21348;1.21354;1.21351;0;T;True;1
1621232865000;14125228;1.21348;1.21354;1.21351;0;T;True;1
1621232866000;14125229;1.21348;1.21354;1.21351;0;T;True;1
1621232867000;14125231;1.21348;1.21354;1.21351;1;T;True;1
1621232868000;14125232;1.21348;1.21354;1.21351;0;T;True;1
1621232869000;14125234;1.21348;1.21354;1.21351;1;T;True;1
1621232870000;14125235;1.21348;1.21354;1.21351;0;T;True;1
1621232871000;14125236;1.21348;1.21354;1.21351;0;T;True;1
1621232872000;14125237;1.21348;1.21354;1.21351;0;T;True;1
1621232873000;14125238;1.21348;1.21354;1.21351;0;T;True;1
1621232874000;14125240;1.21348;1.21354;1.21351;1;T;True;1
1621232875000;14125247;1.21344;1.2135;1.21347;6;T;True;1
1621232876000;14125249;1.21344;1.2135;1.21347;1;T;True;1
1621232877000;14125250;1.21344;1.2135;1.21347;0;T;True;1
1621232878000;14125251;1.21344;1.2135;1.21347;0;T;True;1
1621232879000;14125252;1.21344;1.2135;1.21347;0;T;True;1
1621232880000;14125253;1.21344;1.2135;1.21347;0;T;True;1
1621232881000;14125254;1.21344;1.2135;1.21347;0;T;True;1
1621232882000;14125258;1.21346;1.21352;1.21349;3;T;True;1
1621232883000;14125260;1.21346;1.21352;1.21349;1;T;True;1
1621232884000;14125269;1.2135;1.21356;1.21353;8;T;True;1
1621232885000;14125272;1.2135;1.21356;1.21353;2;T;True;1
1621232886000;14125273;1.2135;1.21356;1.21353;0;T;True;1
1621232887000;14125274;1.2135;1.21356;1.21353;0;T;True;1
1621232888000;14125275;1.2135;1.21356;1.21353;0;T;True;1
1621232889000;14125280;1.21352;1.21358;1.21355;4;T;True;1
1621232890000;14125281;1.21352;1.21358;1.21355;0;T;True;1
1621232891000;14125282;1.21352;1.21358;1.21355;0;T;True;1
1621232892000;14125289;1.21353;1.21359;1.21356;6;T;True;1
1621232893000;14125294;1.21354;1.2136;1.21357;4;T;True;1
1621232894000;14125295;1.21354;1.2136;1.21357;0;T;True;1
1621232895000;14125297;1.21354;1.2136;1.21357;1;T;True;1
1621232896000;14125300;1.21354;1.2136;1.21357;2;T;True;1
1621232897000;14125301;1.21354;1.2136;1.21357;0;T;True;1
1621232898000;14125304;1.21354;1.2136;1.21357;2;T;True;1
1621232899000;14125305;1.21354;1.2136;1.21357;0;T;True;1
1621232900000;14125310;1.21354;1.2136;1.21357;4;T;True;1
1621232901000;14125315;1.21353;1.21359;1.21356;4;T;True;1
1621232902000;14125316;1.21353;1.21359;1.21356;0;T;True;1
1621232903000;14125317;1.21353;1.21359;1.21356;0;T;True;1
1621232904000;14125319;1.21352;1.21358;1.21355;1;T;True;1
1621232905000;14125320;1.21352;1.21358;1.21355;0;T;True;1
1621232906000;14125321;1.21352;1.21358;1.21355;0;T;True;1
1621232907000;14125323;1.21352;1.21358;1.21355;1;T;True;1
1621232908000;14125324;1.21352;1.21358;1.21355;0;T;True;1
1621232909000;14125326;1.21352;1.21358;1.21355;1;T;True;1
1621232910000;14125327;1.21352;1.21358;1.21355;0;T;True;1
1621232911000;14125329;1.21352;1.21358;1.21355;1;T;True;1
1621232912000;14125330;1.21352;1.21358;1.21355;0;T;True;1
1621232913000;14125331;1.21352;1.21358;1.21355;0;T;True;1
1621232914000;14125332;1.21352;1.21358;1.21355;0;T;True;1
1621232915000;14125333;1.21352;1.21358;1.21355;0;T;True;1
1621232916000;14125336;1.21353;1.21359;1.21356;2;T;True;1
1621232917000;14125337;1.21353;1.21359;1.21356;0;T;True;1
1621232918000;14125338;1.21353;1.21359;1.21356;0;T;True;1
1621232919000;14125343;1.21353;1.21359;1.21356;4;T;True;1
1621232920000;14125346;1.21352;1.21358;1.21355;2;T;True;1
1621232921000;14125347;1.21352;1.21358;1.21355;0;T;True;1
1621232922000;14125348;1.21352;1.21358;1.21355;0;T;True;1
1621232923000;14125349;1.21352;1.21358;1.21355;0;T;True;1
1621232924000;14125350;1.21352;1.21358;1.21355;0;T;True;1
1621232925000;14125352;1.21352;1.21358;1.21355;1;T;True;1
1621232926000;14125356;1.2135;1.21356;1.21353;3;T;True;1
1621232927000;14125363;1.21343;1.21349;1.21346;6;T;True;1
1621232928000;14125364;1.21343;1.21349;1.21346;0;T;True;1
1621232929000;14125365;1.21343;1.21349;1.21346;0;T;True;1
1621232930000;14125366;1.21343;1.21349;1.21346;0;T;True;1
1621232931000;14125372;1.21346;1.21352;1.21349;5;T;True;1
1621232932000;14125377;1.21344;1.2135;1.21347;4;T;True;1
1621232933000;14125378;1.21344;1.2135;1.21347;0;T;True;1
1621232934000;14125381;1.21344;1.2135;1.21347;2;T;True;1
1621232935000;14125386;1.21341;1.21347;1.21344;4;T;True;1
1621232936000;14125387;1.21341;1.21347;1.21344;0;T;True;1
1621232937000;14125389;1.2134;1.21346;1.21343;1;T;True;1
1621232938000;14125390;1.2134;1.21346;1.21343;0;T;True;1
1621232939000;14125392;1.2134;1.21346;1.21343;1;T;True;1
1621232940000;14125396;1.21343;1.21349;1.21346;3;T;True;1
1621232941000;14125401;1.21341;1.21347;1.21344;4;T;True;1
1621232942000;14125405;1.21341;1.21347;1.21344;3;T;True;1
1621232943000;14125406;1.21341;1.21347;1.21344;0;T;True;1
1621232944000;14125408;1.21341;1.21347;1.21344;1;T;True;1
1621232945000;14125410;1.21341;1.21347;1.21344;1;T;True;1
1621232946000;14125414;1.21342;1.21348;1.21345;3;T;True;1
1621232947000;14125419;1.21344;1.2135;1.21347;4;T;True;1
1621232948000;14125422;1.21341;1.21347;1.21344;2;T;True;1
1621232949000;14125425;1.21342;1.21348;1.21345;2;T;True;1
1621232950000;14125426;1.21342;1.21348;1.21345;0;T;True;1
1621232951000;14125427;1.21342;1.21348;1.21345;0;T;True;1
1621232952000;14125428;1.21342;1.21348;1.21345;0;T;True;1
1621232953000;14125434;1.2134;1.21346;1.21343;5;T;True;1
1621232954000;14125435;1.2134;1.21346;1.21343;0;T;True;1
1621232955000;14125439;1.21336;1.21342;1.21339;3;T;True;1
1621232956000;14125440;1.21336;1.21342;1.21339;0;T;True;1
1621232957000;14125441;1.21336;1.21342;1.21339;0;T;True;1
1621232958000;14125442;1.21336;1.21342;1.21339;0;T;True;1
1621232959000;14125443;1.21336;1.21342;1.21339;0;T;True;1
1621232960000;14125444;1.21336;1.21342;1.21339;0;T;True;1
1621232961000;14125445;1.21336;1.21342;1.21339;0;T;True;1
1621232962000;14125446;1.21336;1.21342;1.21339;0;T;True;1
1621232963000;14125447;1.21336;1.21342;1.21339;0;T;True;1
1621232964000;14125448;1.21336;1.21342;1.21339;0;T;True;1
1621232965000;14125449;1.21336;1.21342;1.21339;0;T;True;1
1621232966000;14125450;1.21336;1.21342;1.21339;0;T;True;1
1621232967000;14125452;1.21336;1.21342;1.21339;1;T;True;1
1621232968000;14125453;1.21336;1.21342;1.21339;0;T;True;1
1621232969000;14125456;1.21338;1.21344;1.21341;2;T;True;1
1621232970000;14125457;1.21338;1.21344;1.21341;0;T;True;1
1621232971000;14125458;1.21338;1.21344;1.21341;0;T;True;1
1621232972000;14125462;1.2134;1.21346;1.21343;3;T;True;1
1621232973000;14125463;1.2134;1.21346;1.21343;0;T;True;1
1621232974000;14125464;1.2134;1.21346;1.21343;0;T;True;1
1621232975000;14125465;1.2134;1.21346;1.21343;0;T;True;1
1621232976000;14125469;1.21338;1.21344;1.21341;3;T;True;1
1621232977000;14125471;1.21338;1.21344;1.21341;1;T;True;1
1621232978000;14125474;1.21338;1.21344;1.21341;2;T;True;1
1621232979000;14125478;1.2134;1.21346;1.21343;3;T;True;1
1621232980000;14125479;1.2134;1.21346;1.21343;0;T;True;1
1621232981000;14125481;1.2134;1.21346;1.21343;1;T;True;1
1621232982000;14125483;1.2134;1.21346;1.21343;1;T;True;1
1621232983000;14125484;1.2134;1.21346;1.21343;0;T;True;1
1621232984000;14125487;1.2134;1.21346;1.21343;2;T;True;1
1621232985000;14125490;1.2134;1.21346;1.21343;2;T;True;1
1621232986000;14125491;1.2134;1.21346;1.21343;0;T;True;1
1621232987000;14125496;1.2134;1.21346;1.21343;4;T;True;1
1621232988000;14125497;1.2134;1.21346;1.21343;0;T;True;1
1621232989000;14125503;1.21339;1.21345;1.21342;5;T;True;1
1621232990000;14125505;1.2134;1.21346;1.21343;1;T;True;1
1621232991000;14125506;1.2134;1.21346;1.21343;0;T;True;1
1621232992000;14125507;1.2134;1.21346;1.21343;0;T;True;1
1621232993000;14125508;1.2134;1.21346;1.21343;0;T;True;1
1621232994000;14125510;1.21338;1.21344;1.21341;1;T;True;1
1621232995000;14125511;1.21338;1.21344;1.21341;0;T;True;1
1621232996000;14125512;1.21338;1.21344;1.21341;0;T;True;1
1621232997000;14125513;1.21338;1.21344;1.21341;0;T;True;1
1621232998000;14125514;1.21338;1.21344;1.21341;0;T;True;1
1621232999000;14125515;1.21338;1.21344;1.21341;0;T;True;1
1621233000000;14125517;1.21335;1.21341;1.21338;1;T;True;1
1621233001000;14125522;1.21336;1.21342;1.21339;4;T;True;1
1621233002000;14125527;1.21339;1.21345;1.21342;4;T;True;1
1621233003000;14125530;1.21338;1.21344;1.21341;2;T;True;1
1621233004000;14125538;1.21332;1.21338;1.21335;7;T;True;1
1621233005000;14125544;1.21334;1.2134;1.21337;5;T;True;1
1621233006000;14125548;1.21334;1.2134;1.21337;3;T;True;1
1621233007000;14125554;1.2133;1.21336;1.21333;5;T;True;1
1621233008000;14125556;1.2133;1.21336;1.21333;1;T;True;1
1621233009000;14125558;1.2133;1.21336;1.21333;1;T;True;1
1621233010000;14125561;1.2133;1.21336;1.21333;2;T;True;1
1621233011000;14125572;1.21339;1.21345;1.21342;10;T;True;1
1621233012000;14125576;1.21338;1.21344;1.21341;3;T;True;1
1621233013000;14125578;1.21338;1.21344;1.21341;1;T;True;1
1621233014000;14125587;1.2134;1.21346;1.21343;8;T;True;1
1621233015000;14125589;1.21339;1.21345;1.21342;1;T;True;1
1621233016000;14125590;1.21339;1.21345;1.21342;0;T;True;1
1621233017000;14125592;1.2134;1.21346;1.21343;1;T;True;1
1621233018000;14125596;1.2134;1.21346;1.21343;3;T;True;1
1621233019000;14125600;1.21342;1.21348;1.21345;3;T;True;1
1621233020000;14125602;1.21343;1.21349;1.21346;1;T;True;1
1621233021000;14125603;1.21343;1.21349;1.21346;0;T;True;1
1621233022000;14125604;1.21343;1.21349;1.21346;0;T;True;1
1621233023000;14125605;1.21343;1.21349;1.21346;0;T;True;1
1621233024000;14125606;1.21343;1.21349;1.21346;0;T;True;1
1621233025000;14125607;1.21343;1.21349;1.21346;0;T;True;1
1621233026000;14125609;1.21342;1.21348;1.21345;1;T;True;1
1621233027000;14125611;1.2134;1.21346;1.21343;1;T;True;1
1621233028000;14125612;1.2134;1.21346;1.21343;0;T;True;1
1621233029000;14125613;1.2134;1.21346;1.21343;0;T;True;1
1621233030000;14125616;1.21342;1.21348;1.21345;2;T;True;1
1621233031000;14125617;1.21342;1.21348;1.21345;0;T;True;1
1621233032000;14125618;1.21342;1.21348;1.21345;0;T;True;1
1621233033000;14125619;1.21342;1.21348;1.21345;0;T;True;1
1621233034000;14125622;1.21342;1.21348;1.21345;2;T;True;1
1621233035000;14125623;1.21342;1.21348;1.21345;0;T;True;1
1621233036000;14125624;1.21342;1.21348;1.21345;0;T;True;1
1621233037000;14125627;1.21344;1.2135;1.21347;2;T;True;1
1621233038000;14125629;1.21344;1.2135;1.21347;1;T;True;1
1621233039000;14125630;1.21344;1.2135;1.21347;0;T;True;1
1621233040000;14125634;1.21346;1.21352;1.21349;3;T;True;1
1621233041000;14125640;1.21344;1.2135;1.21347;5;T;True;1
1621233042000;14125641;1.21344;1.2135;1.21347;0;T;True;1
1621233043000;14125642;1.21344;1.2135;1.21347;0;T;True;1
1621233044000;14125643;1.21344;1.2135;1.21347;0;T;True;1
1621233045000;14125645;1.21344;1.2135;1.21347;1;T;True;1
1621233046000;14125647;1.21344;1.2135;1.21347;1;T;True;1
1621233047000;14125648;1.21344;1.2135;1.21347;0;T;True;1
1621233048000;14125649;1.21344;1.2135;1.21347;0;T;True;1
1621233049000;14125650;1.21344;1.2135;1.21347;0;T;True;1
1621233050000;14125654;1.2134;1.21346;1.21343;3;T;True;1
1621233051000;14125657;1.21342;1.21348;1.21345;2;T;True;1
1621233052000;14125658;1.21342;1.21348;1.21345;0;T;True;1
1621233053000;14125660;1.21343;1.21349;1.21346;1;T;True;1
1621233054000;14125664;1.21342;1.21348;1.21345;3;T;True;1
1621233055000;14125665;1.21342;1.21348;1.21345;0;T;True;1
1621233056000;14125666;1.21342;1.21348;1.21345;0;T;True;1
1621233057000;14125667;1.21342;1.21348;1.21345;0;T;True;1
1621233058000;14125668;1.21342;1.21348;1.21345;0;T;True;1
1621233059000;14125670;1.21342;1.21348;1.21345;1;T;True;1
1621233060000;14125674;1.21341;1.21347;1.21344;3;T;True;1
1621233061000;14125678;1.21342;1.21348;1.21345;3;T;True;1
1621233062000;14125679;1.21342;1.21348;1.21345;0;T;True;1
1621233063000;14125682;1.21342;1.21348;1.21345;2;T;True;1
1621233064000;14125684;1.21343;1.21349;1.21346;1;T;True;1
1621233065000;14125687;1.21343;1.21349;1.21346;2;T;True;1
1621233066000;14125688;1.21343;1.21349;1.21346;0;T;True;1
1621233067000;14125693;1.21344;1.2135;1.21347;4;T;True;1
1621233068000;14125695;1.21344;1.2135;1.21347;1;T;True;1
1621233069000;14125696;1.21344;1.2135;1.21347;0;T;True;1
1621233070000;14125701;1.21342;1.21348;1.21345;4;T;True;1
1621233071000;14125704;1.21343;1.21349;1.21346;2;T;True;1
1621233072000;14125705;1.21343;1.21349;1.21346;0;T;True;1
1621233073000;14125712;1.21344;1.2135;1.21347;6;T;True;1
1621233074000;14125714;1.21343;1.21349;1.21346;1;T;True;1
1621233075000;14125715;1.21343;1.21349;1.21346;0;T;True;1
1621233076000;14125717;1.21343;1.21349;1.21346;1;T;True;1
1621233077000;14125724;1.21344;1.2135;1.21347;6;T;True;1
1621233078000;14125726;1.21344;1.2135;1.21347;1;T;True;1
1621233079000;14125730;1.21344;1.2135;1.21347;3;T;True;1
1621233080000;14125733;1.21346;1.21352;1.21349;2;T;True;1
1621233081000;14125743;1.2135;1.21356;1.21353;9;T;True;1
1621233082000;14125746;1.2135;1.21356;1.21353;2;T;True;1
1621233083000;14125747;1.2135;1.21356;1.21353;0;T;True;1
1621233084000;14125753;1.21352;1.21358;1.21355;5;T;True;1
1621233085000;14125759;1.21356;1.21362;1.21359;5;T;True;1
1621233086000;14125762;1.21356;1.21362;1.21359;2;T;True;1
1621233087000;14125763;1.21356;1.21362;1.21359;0;T;True;1
1621233088000;14125766;1.21354;1.2136;1.21357;2;T;True;1
1621233089000;14125767;1.21354;1.2136;1.21357;0;T;True;1
1621233090000;14125770;1.21356;1.21362;1.21359;2;T;True;1
1621233091000;14125774;1.21356;1.21362;1.21359;3;T;True;1
1621233092000;14125775;1.21356;1.21362;1.21359;0;T;True;1
1621233093000;14125780;1.21357;1.21363;1.2136;4;T;True;1
1621233094000;14125782;1.21358;1.21364;1.21361;1;T;True;1
1621233095000;14125783;1.21358;1.21364;1.21361;0;T;True;1
1621233096000;14125784;1.21358;1.21364;1.21361;0;T;True;1
1621233097000;14125785;1.21358;1.21364;1.21361;0;T;True;1
1621233098000;14125787;1.21358;1.21364;1.21361;1;T;True;1
1621233099000;14125789;1.21357;1.21363;1.2136;1;T;True;1
1621233100000;14125790;1.21357;1.21363;1.2136;0;T;True;1
1621233101000;14125791;1.21357;1.21363;1.2136;0;T;True;1
1621233102000;14125792;1.21357;1.21363;1.2136;0;T;True;1
1621233103000;14125793;1.21357;1.21363;1.2136;0;T;True;1
1621233104000;14125798;1.21356;1.21362;1.21359;4;T;True;1
1621233105000;14125802;1.2136;1.21366;1.21363;3;T;True;1
1621233106000;14125803;1.2136;1.21366;1.21363;0;T;True;1
1621233107000;14125804;1.2136;1.21366;1.21363;0;T;True;1
1621233108000;14125811;1.21359;1.21365;1.21362;6;T;True;1
1621233109000;14125818;1.21359;1.21365;1.21362;6;T;True;1
1621233110000;14125820;1.21359;1.21365;1.21362;1;T;True;1
1621233111000;14125827;1.21358;1.21364;1.21361;6;T;True;1
1621233112000;14125828;1.21358;1.21364;1.21361;0;T;True;1
1621233113000;14125836;1.21357;1.21363;1.2136;7;T;True;1
1621233114000;14125837;1.21357;1.21363;1.2136;0;T;True;1
1621233115000;14125840;1.21358;1.21364;1.21361;2;T;True;1
1621233116000;14125841;1.21358;1.21364;1.21361;0;T;True;1
1621233117000;14125843;1.21358;1.21364;1.21361;1;T;True;1
1621233118000;14125846;1.21359;1.21365;1.21362;2;T;True;1
1621233119000;14125849;1.2136;1.21366;1.21363;2;T;True;1
1621233120000;14125855;1.2136;1.21366;1.21363;5;T;True;1
1621233121000;14125856;1.2136;1.21366;1.21363;0;T;True;1
1621233122000;14125858;1.21359;1.21365;1.21362;1;T;True;1
1621233123000;14125859;1.21359;1.21365;1.21362;0;T;True;1
1621233124000;14125860;1.21359;1.21365;1.21362;0;T;True;1
1621233125000;14125861;1.21359;1.21365;1.21362;0;T;True;1
1621233126000;14125862;1.21359;1.21365;1.21362;0;T;True;1
1621233127000;14125864;1.21358;1.21364;1.21361;1;T;True;1
1621233128000;14125869;1.2136;1.21366;1.21363;4;T;True;1
1621233129000;14125870;1.2136;1.21366;1.21363;0;T;True;1
1621233130000;14125871;1.2136;1.21366;1.21363;0;T;True;1
1621233131000;14125872;1.2136;1.21366;1.21363;0;T;True;1
1621233132000;14125875;1.2136;1.21366;1.21363;2;T;True;1
1621233133000;14125879;1.21362;1.21368;1.21365;3;T;True;1
1621233134000;14125880;1.21362;1.21368;1.21365;0;T;True;1
1621233135000;14125883;1.21362;1.21368;1.21365;2;T;True;1
1621233136000;14125884;1.21362;1.21368;1.21365;0;T;True;1
1621233137000;14125888;1.2136;1.21366;1.21363;3;T;True;1
1621233138000;14125892;1.2136;1.21366;1.21363;3;T;True;1
1621233139000;14125896;1.2136;1.21366;1.21363;3;T;True;1
1621233140000;14125898;1.2136;1.21366;1.21363;1;T;True;1
1621233141000;14125900;1.2136;1.21366;1.21363;1;T;True;1
1621233142000;14125903;1.2136;1.21366;1.21363;2;T;True;1
1621233143000;14125907;1.2136;1.21366;1.21363;3;T;True;1
1621233144000;14125909;1.2136;1.21366;1.21363;1;T;True;1
1621233145000;14125917;1.2136;1.21366;1.21363;7;T;True;1
1621233146000;14125920;1.21361;1.21367;1.21364;2;T;True;1
1621233147000;14125921;1.21361;1.21367;1.21364;0;T;True;1
1621233148000;14125925;1.21362;1.21368;1.21365;3;T;True;1
1621233149000;14125928;1.21362;1.21368;1.21365;2;T;True;1
1621233150000;14125930;1.21362;1.21368;1.21365;1;T;True;1
1621233151000;14125931;1.21362;1.21368;1.21365;0;T;True;1
1621233152000;14125933;1.21362;1.21368;1.21365;1;T;True;1
1621233153000;14125936;1.21362;1.21368;1.21365;2;T;True;1
1621233154000;14125939;1.21363;1.21369;1.21366;2;T;True;1
1621233155000;14125940;1.21363;1.21369;1.21366;0;T;True;1
1621233156000;14125944;1.21364;1.2137;1.21367;3;T;True;1
1621233157000;14125946;1.21364;1.2137;1.21367;1;T;True;1
1621233158000;14125947;1.21364;1.2137;1.21367;0;T;True;1
1621233159000;14125948;1.21364;1.2137;1.21367;0;T;True;1
1621233160000;14125950;1.21364;1.2137;1.21367;1;T;True;1
1621233161000;14125951;1.21364;1.2137;1.21367;0;T;True;1
1621233162000;14125954;1.21363;1.21369;1.21366;2;T;True;1
1621233163000;14125955;1.21363;1.21369;1.21366;0;T;True;1
1621233164000;14125958;1.21362;1.21368;1.21365;2;T;True;1
1621233165000;14125964;1.21362;1.21368;1.21365;5;T;True;1
1621233166000;14125967;1.21364;1.2137;1.21367;2;T;True;1
1621233167000;14125968;1.21364;1.2137;1.21367;0;T;True;1
1621233168000;14125969;1.21364;1.2137;1.21367;0;T;True;1
1621233169000;14125970;1.21364;1.2137;1.21367;0;T;True;1
1621233170000;14125976;1.2137;1.21376;1.21373;5;T;True;1
1621233171000;14125979;1.21372;1.21378;1.21375;2;T;True;1
1621233172000;14125982;1.21375;1.21381;1.21378;2;T;True;1
1621233173000;14125986;1.21372;1.21378;1.21375;3;T;True;1
1621233174000;14125988;1.21372;1.21378;1.21375;1;T;True;1
1621233175000;14125991;1.21372;1.21378;1.21375;2;T;True;1
1621233176000;14125992;1.21372;1.21378;1.21375;0;T;True;1
1621233177000;14125993;1.21372;1.21378;1.21375;0;T;True;1
1621233178000;14125994;1.21372;1.21378;1.21375;0;T;True;1
1621233179000;14125995;1.21372;1.21378;1.21375;0;T;True;1
1621233180000;14125996;1.21372;1.21378;1.21375;0;T;True;1
1621233181000;14126000;1.2137;1.21376;1.21373;3;T;True;1
1621233182000;14126002;1.2137;1.21376;1.21373;1;T;True;1
1621233183000;14126004;1.21369;1.21375;1.21372;1;T;True;1
1621233184000;14126005;1.21369;1.21375;1.21372;0;T;True;1
1621233185000;14126006;1.21369;1.21375;1.21372;0;T;True;1
1621233186000;14126007;1.21369;1.21375;1.21372;0;T;True;1
1621233187000;14126009;1.2137;1.21376;1.21373;1;T;True;1
1621233188000;14126016;1.21372;1.21378;1.21375;6;T;True;1
1621233189000;14126018;1.21374;1.2138;1.21377;1;T;True;1
1621233190000;14126019;1.21374;1.2138;1.21377;0;T;True;1
1621233191000;14126020;1.21374;1.2138;1.21377;0;T;True;1
1621233192000;14126022;1.21374;1.2138;1.21377;1;T;True;1
1621233193000;14126024;1.21375;1.21381;1.21378;1;T;True;1
1621233194000;14126025;1.21375;1.21381;1.21378;0;T;True;1
1621233195000;14126027;1.21374;1.2138;1.21377;1;T;True;1
1621233196000;14126031;1.21377;1.21383;1.2138;3;T;True;1
1621233197000;14126032;1.21377;1.21383;1.2138;0;T;True;1
1621233198000;14126037;1.2138;1.21386;1.21383;4;T;True;1
1621233199000;14126042;1.21382;1.21388;1.21385;4;T;True;1
1621233200000;14126048;1.2138;1.21386;1.21383;5;T;True;1
1621233201000;14126050;1.21379;1.21385;1.21382;1;T;True;1
1621233202000;14126051;1.21379;1.21385;1.21382;0;T;True;1
1621233203000;14126057;1.21379;1.21385;1.21382;5;T;True;1
1621233204000;14126058;1.21379;1.21385;1.21382;0;T;True;1
1621233205000;14126059;1.21379;1.21385;1.21382;0;T;True;1
1621233206000;14126061;1.21379;1.21385;1.21382;1;T;True;1
1621233207000;14126066;1.2138;1.21386;1.21383;4;T;True;1
1621233208000;14126067;1.2138;1.21386;1.21383;0;T;True;1
1621233209000;14126069;1.2138;1.21386;1.21383;1;T;True;1
1621233210000;14126071;1.2138;1.21386;1.21383;1;T;True;1
1621233211000;14126072;1.2138;1.21386;1.21383;0;T;True;1
1621233212000;14126073;1.2138;1.21386;1.21383;0;T;True;1
1621233213000;14126075;1.21379;1.21385;1.21382;1;T;True;1
1621233214000;14126076;1.21379;1.21385;1.21382;0;T;True;1
1621233215000;14126078;1.21378;1.21384;1.21381;1;T;True;1
1621233216000;14126079;1.21378;1.21384;1.21381;0;T;True;1
1621233217000;14126081;1.21378;1.21384;1.21381;1;T;True;1
1621233218000;14126083;1.21379;1.21385;1.21382;1;T;True;1
1621233219000;14126084;1.21379;1.21385;1.21382;0;T;True;1
1621233220000;14126085;1.21379;1.21385;1.21382;0;T;True;1
1621233221000;14126086;1.21379;1.21385;1.21382;0;T;True;1
1621233222000;14126087;1.21379;1.21385;1.21382;0;T;True;1
1621233223000;14126089;1.21378;1.21384;1.21381;1;T;True;1
1621233224000;14126091;1.21378;1.21384;1.21381;1;T;True;1
1621233225000;14126103;1.21379;1.21385;1.21382;11;T;True;1
1621233226000;14126104;1.21379;1.21385;1.21382;0;T;True;1
1621233227000;14126105;1.21379;1.21385;1.21382;0;T;True;1
1621233228000;14126110;1.2138;1.21386;1.21383;4;T;True;1
1621233229000;14126115;1.21382;1.21388;1.21385;4;T;True;1
1621233230000;14126116;1.21382;1.21388;1.21385;0;T;True;1
1621233231000;14126119;1.21382;1.21388;1.21385;2;T;True;1
1621233232000;14126120;1.21382;1.21388;1.21385;0;T;True;1
1621233233000;14126126;1.21382;1.21388;1.21385;5;T;True;1
1621233234000;14126131;1.2138;1.21386;1.21383;4;T;True;1
1621233235000;14126132;1.2138;1.21386;1.21383;0;T;True;1
1621233236000;14126133;1.2138;1.21386;1.21383;0;T;True;1
1621233237000;14126135;1.2138;1.21386;1.21383;1;T;True;1
1621233238000;14126142;1.21382;1.21388;1.21385;6;T;True;1
1621233239000;14126148;1.21382;1.21388;1.21385;5;T;True;1
1621233240000;14126151;1.21383;1.21389;1.21386;2;T;True;1
1621233241000;14126156;1.21382;1.21388;1.21385;4;T;True;1
1621233242000;14126161;1.21384;1.2139;1.21387;4;T;True;1
1621233243000;14126163;1.21384;1.2139;1.21387;1;T;True;1
1621233244000;14126164;1.21384;1.2139;1.21387;0;T;True;1
1621233245000;14126165;1.21384;1.2139;1.21387;0;T;True;1
1621233246000;14126166;1.21384;1.2139;1.21387;0;T;True;1
1621233247000;14126168;1.21384;1.2139;1.21387;1;T;True;1
1621233248000;14126169;1.21384;1.2139;1.21387;0;T;True;1
1621233249000;14126175;1.21384;1.2139;1.21387;5;T;True;1
1621233250000;14126176;1.21384;1.2139;1.21387;0;T;True;1
1621233251000;14126177;1.21384;1.2139;1.21387;0;T;True;1
1621233252000;14126178;1.21384;1.2139;1.21387;0;T;True;1
1621233253000;14126187;1.2139;1.21396;1.21393;8;T;True;1
1621233254000;14126192;1.2139;1.21396;1.21393;4;T;True;1
1621233255000;14126198;1.2139;1.21396;1.21393;5;T;True;1
1621233256000;14126203;1.21392;1.21398;1.21395;4;T;True;1
1621233257000;14126208;1.2139;1.21396;1.21393;4;T;True;1
1621233258000;14126209;1.2139;1.21396;1.21393;0;T;True;1
1621233259000;14126216;1.21395;1.21401;1.21398;6;T;True;1
1621233260000;14126220;1.21395;1.21401;1.21398;3;T;True;1
1621233261000;14126225;1.21397;1.21403;1.214;4;T;True;1
1621233262000;14126226;1.21397;1.21403;1.214;0;T;True;1
1621233263000;14126227;1.21397;1.21403;1.214;0;T;True;1
1621233264000;14126228;1.21397;1.21403;1.214;0;T;True;1
1621233265000;14126236;1.21394;1.214;1.21397;7;T;True;1
1621233266000;14126238;1.21394;1.214;1.21397;1;T;True;1
1621233267000;14126241;1.21394;1.214;1.21397;2;T;True;1
1621233268000;14126249;1.21388;1.21394;1.21391;7;T;True;1
1621233269000;14126264;1.21392;1.21398;1.21395;14;T;True;1
1621233270000;14126270;1.21393;1.21399;1.21396;5;T;True;1
1621233271000;14126274;1.21394;1.214;1.21397;3;T;True;1
1621233272000;14126276;1.21395;1.21401;1.21398;1;T;True;1
1621233273000;14126278;1.21394;1.214;1.21397;1;T;True;1
1621233274000;14126279;1.21394;1.214;1.21397;0;T;True;1
1621233275000;14126280;1.21394;1.214;1.21397;0;T;True;1
1621233276000;14126281;1.21394;1.214;1.21397;0;T;True;1
1621233277000;14126286;1.21392;1.21398;1.21395;4;T;True;1
1621233278000;14126288;1.21392;1.21398;1.21395;1;T;True;1
1621233279000;14126293;1.21394;1.214;1.21397;4;T;True;1
1621233280000;14126295;1.21394;1.214;1.21397;1;T;True;1
1621233281000;14126302;1.21395;1.21401;1.21398;6;T;True;1
1621233282000;14126308;1.21396;1.21402;1.21399;5;T;True;1
1621233283000;14126309;1.21396;1.21402;1.21399;0;T;True;1
1621233284000;14126313;1.21397;1.21403;1.214;3;T;True;1
1621233285000;14126315;1.21397;1.21403;1.214;1;T;True;1
1621233286000;14126321;1.214;1.21406;1.21403;5;T;True;1
1621233287000;14126331;1.21394;1.214;1.21397;9;T;True;1
1621233288000;14126339;1.21394;1.214;1.21397;7;T;True;1
1621233289000;14126342;1.21392;1.21398;1.21395;2;T;True;1
1621233290000;14126347;1.21388;1.21394;1.21391;4;T;True;1
1621233291000;14126349;1.21388;1.21394;1.21391;1;T;True;1
1621233292000;14126357;1.21389;1.21395;1.21392;7;T;True;1
1621233293000;14126363;1.2139;1.21396;1.21393;5;T;True;1
1621233294000;14126367;1.2139;1.21396;1.21393;3;T;True;1
1621233295000;14126375;1.21388;1.21394;1.21391;7;T;True;1
1621233296000;14126376;1.21388;1.21394;1.21391;0;T;True;1
1621233297000;14126381;1.21388;1.21394;1.21391;4;T;True;1
1621233298000;14126384;1.21388;1.21394;1.21391;2;T;True;1
1621233299000;14126389;1.21389;1.21395;1.21392;4;T;True;1
1621233300000;14126394;1.21389;1.21395;1.21392;4;T;True;1
1621233301000;14126402;1.21394;1.214;1.21397;7;T;True;1
1621233302000;14126407;1.21394;1.214;1.21397;4;T;True;1
1621233303000;14126411;1.21395;1.21401;1.21398;3;T;True;1
1621233304000;14126417;1.214;1.21406;1.21403;5;T;True;1
1621233305000;14126421;1.21399;1.21405;1.21402;3;T;True;1
1621233306000;14126423;1.214;1.21406;1.21403;1;T;True;1
1621233307000;14126425;1.21399;1.21405;1.21402;1;T;True;1
1621233308000;14126431;1.214;1.21406;1.21403;5;T;True;1
1621233309000;14126439;1.21403;1.21409;1.21406;7;T;True;1
1621233310000;14126445;1.21398;1.21404;1.21401;5;T;True;1
1621233311000;14126448;1.21398;1.21404;1.21401;2;T;True;1
1621233312000;14126454;1.21398;1.21404;1.21401;5;T;True;1
1621233313000;14126457;1.21398;1.21404;1.21401;2;T;True;1
1621233314000;14126458;1.21398;1.21404;1.21401;0;T;True;1
1621233315000;14126466;1.21403;1.21409;1.21406;7;T;True;1
1621233316000;14126470;1.214;1.21406;1.21403;3;T;True;1
1621233317000;14126486;1.214;1.21406;1.21403;15;T;True;1
1621233318000;14126498;1.21392;1.21398;1.21395;11;T;True;1
1621233319000;14126500;1.21392;1.21398;1.21395;1;T;True;1
1621233320000;14126503;1.21392;1.21398;1.21395;2;T;True;1
1621233321000;14126508;1.21393;1.21399;1.21396;4;T;True;1
1621233322000;14126515;1.21393;1.21399;1.21396;6;T;True;1
1621233323000;14126520;1.21393;1.21399;1.21396;4;T;True;1
1621233324000;14126527;1.21394;1.214;1.21397;6;T;True;1
1621233325000;14126530;1.21394;1.214;1.21397;2;T;True;1
1621233326000;14126531;1.21394;1.214;1.21397;0;T;True;1
1621233327000;14126533;1.21394;1.214;1.21397;1;T;True;1
1621233328000;14126537;1.21396;1.21402;1.21399;3;T;True;1
1621233329000;14126538;1.21396;1.21402;1.21399;0;T;True;1
1621233330000;14126539;1.21396;1.21402;1.21399;0;T;True;1
1621233331000;14126540;1.21396;1.21402;1.21399;0;T;True;1
1621233332000;14126545;1.21398;1.21404;1.21401;4;T;True;1
1621233333000;14126550;1.21398;1.21404;1.21401;4;T;True;1
1621233334000;14126553;1.21396;1.21402;1.21399;2;T;True;1
1621233335000;14126559;1.21399;1.21405;1.21402;5;T;True;1
1621233336000;14126561;1.21399;1.21405;1.21402;1;T;True;1
1621233337000;14126563;1.21399;1.21405;1.21402;1;T;True;1
1621233338000;14126567;1.21398;1.21404;1.21401;3;T;True;1
1621233339000;14126571;1.21398;1.21404;1.21401;3;T;True;1
1621233340000;14126574;1.21398;1.21404;1.21401;2;T;True;1
1621233341000;14126576;1.21398;1.21404;1.21401;1;T;True;1
1621233342000;14126580;1.21399;1.21405;1.21402;3;T;True;1
1621233343000;14126581;1.21399;1.21405;1.21402;0;T;True;1
1621233344000;14126585;1.21399;1.21405;1.21402;3;T;True;1
1621233345000;14126586;1.21399;1.21405;1.21402;0;T;True;1
1621233346000;14126589;1.21398;1.21404;1.21401;2;T;True;1
1621233347000;14126590;1.21398;1.21404;1.21401;0;T;True;1
1621233348000;14126591;1.21398;1.21404;1.21401;0;T;True;1
1621233349000;14126593;1.21398;1.21404;1.21401;1;T;True;1
1621233350000;14126594;1.21398;1.21404;1.21401;0;T;True;1
1621233351000;14126601;1.21397;1.21403;1.214;6;T;True;1
1621233352000;14126603;1.21397;1.21403;1.214;1;T;True;1
1621233353000;14126605;1.21397;1.21403;1.214;1;T;True;1
1621233354000;14126607;1.21398;1.21404;1.21401;1;T;True;1
1621233355000;14126608;1.21398;1.21404;1.21401;0;T;True;1
1621233356000;14126610;1.21398;1.21404;1.21401;1;T;True;1
1621233357000;14126614;1.21398;1.21404;1.21401;3;T;True;1
1621233358000;14126616;1.21398;1.21404;1.21401;1;T;True;1
1621233359000;14126617;1.21398;1.21404;1.21401;0;T;True;1
1621233360000;14126623;1.214;1.21406;1.21403;5;T;True;1
1621233361000;14126628;1.21402;1.21408;1.21405;4;T;True;1
1621233362000;14126633;1.21402;1.21408;1.21405;4;T;True;1
1621233363000;14126640;1.21408;1.21414;1.21411;6;T;True;1
1621233364000;14126645;1.21408;1.21414;1.21411;4;T;True;1
1621233365000;14126647;1.21409;1.21415;1.21412;1;T;True;1
1621233366000;14126648;1.21409;1.21415;1.21412;0;T;True;1
1621233367000;14126649;1.21409;1.21415;1.21412;0;T;True;1
1621233368000;14126652;1.2141;1.21416;1.21413;2;T;True;1
1621233369000;14126654;1.21409;1.21415;1.21412;1;T;True;1
1621233370000;14126655;1.21409;1.21415;1.21412;0;T;True;1
1621233371000;14126660;1.21407;1.21413;1.2141;4;T;True;1
1621233372000;14126662;1.21407;1.21413;1.2141;1;T;True;1
1621233373000;14126665;1.21407;1.21413;1.2141;2;T;True;1
1621233374000;14126667;1.21407;1.21413;1.2141;1;T;True;1
1621233375000;14126669;1.21407;1.21413;1.2141;1;T;True;1
1621233376000;14126675;1.21408;1.21414;1.21411;5;T;True;1
1621233377000;14126677;1.21407;1.21413;1.2141;1;T;True;1
1621233378000;14126682;1.21404;1.2141;1.21407;4;T;True;1
1621233379000;14126686;1.21404;1.2141;1.21407;3;T;True;1
1621233380000;14126692;1.21406;1.21412;1.21409;5;T;True;1
1621233381000;14126696;1.21406;1.21412;1.21409;3;T;True;1
1621233382000;14126699;1.21406;1.21412;1.21409;2;T;True;1
1621233383000;14126701;1.21406;1.21412;1.21409;1;T;True;1
1621233384000;14126708;1.21406;1.21412;1.21409;6;T;True;1
1621233385000;14126712;1.2141;1.21416;1.21413;3;T;True;1
1621233386000;14126713;1.2141;1.21416;1.21413;0;T;True;1
1621233387000;14126716;1.2141;1.21416;1.21413;2;T;True;1
1621233388000;14126722;1.21412;1.21418;1.21415;5;T;True;1
1621233389000;14126724;1.21414;1.2142;1.21417;1;T;True;1
1621233390000;14126728;1.21412;1.21418;1.21415;3;T;True;1
1621233391000;14126729;1.21412;1.21418;1.21415;0;T;True;1
1621233392000;14126732;1.21412;1.21418;1.21415;2;T;True;1
1621233393000;14126738;1.2141;1.21416;1.21413;5;T;True;1
1621233394000;14126739;1.2141;1.21416;1.21413;0;T;True;1
1621233395000;14126740;1.2141;1.21416;1.21413;0;T;True;1
1621233396000;14126744;1.21413;1.21419;1.21416;3;T;True;1
1621233397000;14126747;1.21414;1.2142;1.21417;2;T;True;1
1621233398000;14126753;1.21415;1.21421;1.21418;5;T;True;1
1621233399000;14126757;1.21414;1.2142;1.21417;3;T;True;1
1621233400000;14126758;1.21414;1.2142;1.21417;0;T;True;1
1621233401000;14126768;1.21418;1.21424;1.21421;9;T;True;1
1621233402000;14126772;1.21418;1.21424;1.21421;3;T;True;1
1621233403000;14126773;1.21418;1.21424;1.21421;0;T;True;1
1621233404000;14126775;1.21418;1.21424;1.21421;1;T;True;1
1621233405000;14126780;1.21414;1.2142;1.21417;4;T;True;1
1621233406000;14126781;1.21414;1.2142;1.21417;0;T;True;1
1621233407000;14126783;1.21414;1.2142;1.21417;1;T;True;1
1621233408000;14126786;1.21414;1.2142;1.21417;2;T;True;1
1621233409000;14126788;1.21414;1.2142;1.21417;1;T;True;1
1621233410000;14126793;1.21414;1.2142;1.21417;4;T;True;1
1621233411000;14126805;1.21417;1.21423;1.2142;11;T;True;1
1621233412000;14126807;1.21416;1.21422;1.21419;1;T;True;1
1621233413000;14126819;1.2141;1.21416;1.21413;11;T;True;1
1621233414000;14126824;1.21412;1.21418;1.21415;4;T;True;1
1621233415000;14126828;1.21414;1.2142;1.21417;3;T;True;1
1621233416000;14126830;1.21414;1.2142;1.21417;1;T;True;1
1621233417000;14126831;1.21414;1.2142;1.21417;0;T;True;1
1621233418000;14126833;1.21414;1.2142;1.21417;1;T;True;1
1621233419000;14126834;1.21414;1.2142;1.21417;0;T;True;1
1621233420000;14126835;1.21414;1.2142;1.21417;0;T;True;1
1621233421000;14126840;1.21413;1.21419;1.21416;4;T;True;1
1621233422000;14126842;1.21414;1.2142;1.21417;1;T;True;1
1621233423000;14126843;1.21414;1.2142;1.21417;0;T;True;1
1621233424000;14126844;1.21414;1.2142;1.21417;0;T;True;1
1621233425000;14126845;1.21414;1.2142;1.21417;0;T;True;1
1621233426000;14126848;1.21411;1.21417;1.21414;2;T;True;1
1621233427000;14126851;1.2141;1.21416;1.21413;2;T;True;1
1621233428000;14126853;1.2141;1.21416;1.21413;1;T;True;1
1621233429000;14126854;1.2141;1.21416;1.21413;0;T;True;1
1621233430000;14126855;1.2141;1.21416;1.21413;0;T;True;1
1621233431000;14126858;1.21409;1.21415;1.21412;2;T;True;1
1621233432000;14126860;1.2141;1.21416;1.21413;1;T;True;1
1621233433000;14126861;1.2141;1.21416;1.21413;0;T;True;1
1621233434000;14126862;1.2141;1.21416;1.21413;0;T;True;1
1621233435000;14126868;1.21404;1.2141;1.21407;5;T;True;1
1621233436000;14126877;1.21408;1.21414;1.21411;8;T;True;1
1621233437000;14126879;1.21408;1.21414;1.21411;1;T;True;1
1621233438000;14126883;1.21407;1.21413;1.2141;3;T;True;1
1621233439000;14126884;1.21407;1.21413;1.2141;0;T;True;1
1621233440000;14126885;1.21407;1.21413;1.2141;0;T;True;1
1621233441000;14126894;1.21409;1.21415;1.21412;8;T;True;1
1621233442000;14126897;1.2141;1.21416;1.21413;2;T;True;1
1621233443000;14126898;1.2141;1.21416;1.21413;0;T;True;1
1621233444000;14126900;1.2141;1.21416;1.21413;1;T;True;1
1621233445000;14126902;1.2141;1.21416;1.21413;1;T;True;1
1621233446000;14126906;1.21412;1.21418;1.21415;3;T;True;1
1621233447000;14126911;1.2141;1.21416;1.21413;4;T;True;1
1621233448000;14126913;1.2141;1.21416;1.21413;1;T;True;1
1621233449000;14126914;1.2141;1.21416;1.21413;0;T;True;1
1621233450000;14126915;1.2141;1.21416;1.21413;0;T;True;1
1621233451000;14126916;1.2141;1.21416;1.21413;0;T;True;1
1621233452000;14126917;1.2141;1.21416;1.21413;0;T;True;1
1621233453000;14126918;1.2141;1.21416;1.21413;0;T;True;1
1621233454000;14126924;1.21413;1.21419;1.21416;5;T;True;1
1621233455000;14126932;1.21414;1.2142;1.21417;7;T;True;1
1621233456000;14126934;1.21415;1.21421;1.21418;1;T;True;1
1621233457000;14126935;1.21415;1.21421;1.21418;0;T;True;1
1621233458000;14126938;1.21415;1.21421;1.21418;2;T;True;1
1621233459000;14126942;1.21414;1.2142;1.21417;3;T;True;1
1621233460000;14126943;1.21414;1.2142;1.21417;0;T;True;1
1621233461000;14126944;1.21414;1.2142;1.21417;0;T;True;1
1621233462000;14126950;1.21416;1.21422;1.21419;5;T;True;1
1621233463000;14126952;1.21415;1.21421;1.21418;1;T;True;1
1621233464000;14126954;1.21415;1.21421;1.21418;1;T;True;1
1621233465000;14126955;1.21415;1.21421;1.21418;0;T;True;1
1621233466000;14126956;1.21415;1.21421;1.21418;0;T;True;1
1621233467000;14126960;1.21413;1.21419;1.21416;3;T;True;1
1621233468000;14126963;1.21411;1.21417;1.21414;2;T;True;1
1621233469000;14126967;1.2141;1.21416;1.21413;3;T;True;1
1621233470000;14126970;1.21409;1.21415;1.21412;2;T;True;1
1621233471000;14126971;1.21409;1.21415;1.21412;0;T;True;1
1621233472000;14126972;1.21409;1.21415;1.21412;0;T;True;1
1621233473000;14126973;1.21409;1.21415;1.21412;0;T;True;1
1621233474000;14126975;1.21408;1.21414;1.21411;1;T;True;1
1621233475000;14126977;1.21407;1.21413;1.2141;1;T;True;1
1621233476000;14126984;1.21407;1.21413;1.2141;6;T;True;1
1621233477000;14126986;1.21408;1.21414;1.21411;1;T;True;1
1621233478000;14126987;1.21408;1.21414;1.21411;0;T;True;1
1621233479000;14126988;1.21408;1.21414;1.21411;0;T;True;1
1621233480000;14126990;1.21407;1.21413;1.2141;1;T;True;1
1621233481000;14126992;1.21408;1.21414;1.21411;1;T;True;1
1621233482000;14126993;1.21408;1.21414;1.21411;0;T;True;1
1621233483000;14126998;1.21404;1.2141;1.21407;4;T;True;1
1621233484000;14126999;1.21404;1.2141;1.21407;0;T;True;1
1621233485000;14127000;1.21404;1.2141;1.21407;0;T;True;1
1621233486000;14127005;1.214;1.21406;1.21403;4;T;True;1
1621233487000;14127006;1.214;1.21406;1.21403;0;T;True;1
1621233488000;14127010;1.21403;1.21409;1.21406;3;T;True;1
1621233489000;14127011;1.21403;1.21409;1.21406;0;T;True;1
1621233490000;14127012;1.21403;1.21409;1.21406;0;T;True;1
1621233491000;14127014;1.21404;1.2141;1.21407;1;T;True;1
1621233492000;14127015;1.21404;1.2141;1.21407;0;T;True;1
1621233493000;14127017;1.21406;1.21412;1.21409;1;T;True;1
1621233494000;14127020;1.21404;1.2141;1.21407;2;T;True;1
1621233495000;14127021;1.21404;1.2141;1.21407;0;T;True;1
1621233496000;14127022;1.21404;1.2141;1.21407;0;T;True;1
1621233497000;14127023;1.21404;1.2141;1.21407;0;T;True;1
1621233498000;14127024;1.21404;1.2141;1.21407;0;T;True;1
1621233499000;14127028;1.21404;1.2141;1.21407;3;T;True;1
1621233500000;14127032;1.21404;1.2141;1.21407;3;T;True;1
1621233501000;14127033;1.21404;1.2141;1.21407;0;T;True;1
1621233502000;14127034;1.21404;1.2141;1.21407;0;T;True;1
1621233503000;14127035;1.21404;1.2141;1.21407;0;T;True;1
1621233504000;14127036;1.21404;1.2141;1.21407;0;T;True;1
1621233505000;14127037;1.21404;1.2141;1.21407;0;T;True;1
1621233506000;14127038;1.21404;1.2141;1.21407;0;T;True;1
1621233507000;14127043;1.21402;1.21408;1.21405;4;T;True;1
1621233508000;14127044;1.21402;1.21408;1.21405;0;T;True;1
1621233509000;14127045;1.21402;1.21408;1.21405;0;T;True;1
1621233510000;14127046;1.21402;1.21408;1.21405;0;T;True;1
1621233511000;14127053;1.21402;1.21408;1.21405;6;T;True;1
1621233512000;14127054;1.21402;1.21408;1.21405;0;T;True;1
1621233513000;14127055;1.21402;1.21408;1.21405;0;T;True;1
1621233514000;14127056;1.21402;1.21408;1.21405;0;T;True;1
1621233515000;14127057;1.21402;1.21408;1.21405;0;T;True;1
1621233516000;14127059;1.21402;1.21408;1.21405;1;T;True;1
1621233517000;14127060;1.21402;1.21408;1.21405;0;T;True;1
1621233518000;14127061;1.21402;1.21408;1.21405;0;T;True;1
1621233519000;14127064;1.21402;1.21408;1.21405;2;T;True;1
1621233520000;14127067;1.21402;1.21408;1.21405;2;T;True;1
1621233521000;14127068;1.21402;1.21408;1.21405;0;T;True;1
1621233522000;14127070;1.21402;1.21408;1.21405;1;T;True;1
1621233523000;14127071;1.21402;1.21408;1.21405;0;T;True;1
1621233524000;14127074;1.21404;1.2141;1.21407;2;T;True;1
1621233525000;14127075;1.21404;1.2141;1.21407;0;T;True;1
1621233526000;14127077;1.21404;1.2141;1.21407;1;T;True;1
1621233527000;14127083;1.21405;1.21411;1.21408;5;T;True;1
1621233528000;14127085;1.21405;1.21411;1.21408;1;T;True;1
1621233529000;14127087;1.21405;1.21411;1.21408;1;T;True;1
1621233530000;14127090;1.21408;1.21414;1.21411;2;T;True;1
1621233531000;14127093;1.21408;1.21414;1.21411;2;T;True;1
1621233532000;14127096;1.21409;1.21415;1.21412;2;T;True;1
1621233533000;14127097;1.21409;1.21415;1.21412;0;T;True;1
1621233534000;14127098;1.21409;1.21415;1.21412;0;T;True;1
1621233535000;14127099;1.21409;1.21415;1.21412;0;T;True;1
1621233536000;14127103;1.21406;1.21412;1.21409;3;T;True;1
1621233537000;14127106;1.21406;1.21412;1.21409;2;T;True;1
1621233538000;14127107;1.21406;1.21412;1.21409;0;T;True;1
1621233539000;14127109;1.21405;1.21411;1.21408;1;T;True;1
1621233540000;14127110;1.21405;1.21411;1.21408;0;T;True;1
1621233541000;14127113;1.21403;1.21409;1.21406;2;T;True;1
1621233542000;14127116;1.21403;1.21409;1.21406;2;T;True;1
1621233543000;14127117;1.21403;1.21409;1.21406;0;T;True;1
1621233544000;14127119;1.21403;1.21409;1.21406;1;T;True;1
1621233545000;14127122;1.21403;1.21409;1.21406;2;T;True;1
1621233546000;14127125;1.21404;1.2141;1.21407;2;T;True;1
1621233547000;14127128;1.21403;1.21409;1.21406;2;T;True;1
1621233548000;14127133;1.21402;1.21408;1.21405;4;T;True;1
1621233549000;14127134;1.21402;1.21408;1.21405;0;T;True;1
1621233550000;14127136;1.21403;1.21409;1.21406;1;T;True;1
1621233551000;14127137;1.21403;1.21409;1.21406;0;T;True;1
1621233552000;14127138;1.21403;1.21409;1.21406;0;T;True;1
1621233553000;14127140;1.21403;1.21409;1.21406;1;T;True;1
1621233554000;14127146;1.21404;1.2141;1.21407;5;T;True;1
1621233555000;14127148;1.21404;1.2141;1.21407;1;T;True;1
1621233556000;14127149;1.21404;1.2141;1.21407;0;T;True;1
1621233557000;14127152;1.21404;1.2141;1.21407;2;T;True;1
1621233558000;14127153;1.21404;1.2141;1.21407;0;T;True;1
1621233559000;14127157;1.21406;1.21412;1.21409;3;T;True;1
1621233560000;14127159;1.21406;1.21412;1.21409;1;T;True;1
1621233561000;14127161;1.21406;1.21412;1.21409;1;T;True;1
1621233562000;14127171;1.21409;1.21415;1.21412;9;T;True;1
1621233563000;14127172;1.21409;1.21415;1.21412;0;T;True;1
1621233564000;14127175;1.21411;1.21417;1.21414;2;T;True;1
1621233565000;14127176;1.21411;1.21417;1.21414;0;T;True;1
1621233566000;14127179;1.2141;1.21416;1.21413;2;T;True;1
1621233567000;14127185;1.21413;1.21419;1.21416;5;T;True;1
1621233568000;14127191;1.21412;1.21418;1.21415;5;T;True;1
1621233569000;14127194;1.21412;1.21418;1.21415;2;T;True;1
1621233570000;14127196;1.21412;1.21418;1.21415;1;T;True;1
1621233571000;14127197;1.21412;1.21418;1.21415;0;T;True;1
1621233572000;14127198;1.21412;1.21418;1.21415;0;T;True;1
1621233573000;14127199;1.21412;1.21418;1.21415;0;T;True;1
1621233574000;14127201;1.21413;1.21419;1.21416;1;T;True;1
1621233575000;14127202;1.21413;1.21419;1.21416;0;T;True;1
1621233576000;14127203;1.21413;1.21419;1.21416;0;T;True;1
1621233577000;14127205;1.21413;1.21419;1.21416;1;T;True;1
1621233578000;14127206;1.21413;1.21419;1.21416;0;T;True;1
1621233579000;14127207;1.21413;1.21419;1.21416;0;T;True;1
1621233580000;14127209;1.21413;1.21419;1.21416;1;T;True;1
1621233581000;14127210;1.21413;1.21419;1.21416;0;T;True;1
1621233582000;14127211;1.21413;1.21419;1.21416;0;T;True;1
1621233583000;14127212;1.21413;1.21419;1.21416;0;T;True;1
1621233584000;14127213;1.21413;1.21419;1.21416;0;T;True;1
1621233585000;14127216;1.21414;1.2142;1.21417;2;T;True;1
1621233586000;14127221;1.21414;1.2142;1.21417;4;T;True;1
1621233587000;14127222;1.21414;1.2142;1.21417;0;T;True;1
1621233588000;14127230;1.21414;1.2142;1.21417;7;T;True;1
1621233589000;14127241;1.2141;1.21416;1.21413;10;T;True;1
1621233590000;14127242;1.2141;1.21416;1.21413;0;T;True;1
1621233591000;14127243;1.2141;1.21416;1.21413;0;T;True;1
1621233592000;14127245;1.2141;1.21416;1.21413;1;T;True;1
1621233593000;14127246;1.2141;1.21416;1.21413;0;T;True;1
1621233594000;14127247;1.2141;1.21416;1.21413;0;T;True;1
1621233595000;14127248;1.2141;1.21416;1.21413;0;T;True;1
1621233596000;14127249;1.2141;1.21416;1.21413;0;T;True;1
1621233597000;14127250;1.2141;1.21416;1.21413;0;T;True;1
1621233598000;14127251;1.2141;1.21416;1.21413;0;T;True;1
1621233599000;14127252;1.2141;1.21416;1.21413;0;T;True;1
1621233600000;14127253;1.2141;1.21416;1.21413;0;T;True;1
1621233601000;14127254;1.2141;1.21416;1.21413;0;T;True;1
1621233602000;14127260;1.21404;1.2141;1.21407;5;T;True;1
1621233603000;14127263;1.21404;1.2141;1.21407;2;T;True;1
1621233604000;14127264;1.21404;1.2141;1.21407;0;T;True;1
1621233605000;14127270;1.21404;1.2141;1.21407;5;T;True;1
1621233606000;14127275;1.21406;1.21412;1.21409;4;T;True;1
1621233607000;14127279;1.21407;1.21413;1.2141;3;T;True;1
1621233608000;14127280;1.21407;1.21413;1.2141;0;T;True;1
1621233609000;14127282;1.21406;1.21412;1.21409;1;T;True;1
1621233610000;14127284;1.21406;1.21412;1.21409;1;T;True;1
1621233611000;14127286;1.21407;1.21413;1.2141;1;T;True;1
1621233612000;14127287;1.21407;1.21413;1.2141;0;T;True;1
1621233613000;14127288;1.21407;1.21413;1.2141;0;T;True;1
1621233614000;14127289;1.21407;1.21413;1.2141;0;T;True;1
1621233615000;14127292;1.21407;1.21413;1.2141;2;T;True;1
1621233616000;14127294;1.21407;1.21413;1.2141;1;T;True;1
1621233617000;14127296;1.21407;1.21413;1.2141;1;T;True;1
1621233618000;14127297;1.21407;1.21413;1.2141;0;T;True;1
1621233619000;14127298;1.21407;1.21413;1.2141;0;T;True;1
1621233620000;14127300;1.21407;1.21413;1.2141;1;T;True;1
1621233621000;14127301;1.21407;1.21413;1.2141;0;T;True;1
1621233622000;14127305;1.21405;1.21411;1.21408;3;T;True;1
1621233623000;14127314;1.21408;1.21414;1.21411;8;T;True;1
1621233624000;14127317;1.2141;1.21416;1.21413;2;T;True;1
1621233625000;14127321;1.21407;1.21413;1.2141;3;T;True;1
1621233626000;14127322;1.21407;1.21413;1.2141;0;T;True;1
1621233627000;14127323;1.21407;1.21413;1.2141;0;T;True;1
1621233628000;14127325;1.21407;1.21413;1.2141;1;T;True;1
1621233629000;14127326;1.21407;1.21413;1.2141;0;T;True;1
1621233630000;14127327;1.21407;1.21413;1.2141;0;T;True;1
1621233631000;14127328;1.21407;1.21413;1.2141;0;T;True;1
1621233632000;14127329;1.21407;1.21413;1.2141;0;T;True;1
1621233633000;14127330;1.21407;1.21413;1.2141;0;T;True;1
1621233634000;14127331;1.21407;1.21413;1.2141;0;T;True;1
1621233635000;14127332;1.21407;1.21413;1.2141;0;T;True;1
1621233636000;14127333;1.21407;1.21413;1.2141;0;T;True;1
1621233637000;14127334;1.21407;1.21413;1.2141;0;T;True;1
1621233638000;14127335;1.21407;1.21413;1.2141;0;T;True;1
1621233639000;14127339;1.21408;1.21414;1.21411;3;T;True;1
1621233640000;14127341;1.21408;1.21414;1.21411;1;T;True;1
1621233641000;14127342;1.21408;1.21414;1.21411;0;T;True;1
1621233642000;14127347;1.21408;1.21414;1.21411;4;T;True;1
1621233643000;14127348;1.21408;1.21414;1.21411;0;T;True;1
1621233644000;14127352;1.21408;1.21414;1.21411;3;T;True;1
1621233645000;14127357;1.21408;1.21414;1.21411;4;T;True;1
1621233646000;14127360;1.21408;1.21414;1.21411;2;T;True;1
1621233647000;14127363;1.21408;1.21414;1.21411;2;T;True;1
1621233648000;14127366;1.21408;1.21414;1.21411;2;T;True;1
1621233649000;14127368;1.21408;1.21414;1.21411;1;T;True;1
1621233650000;14127370;1.21408;1.21414;1.21411;1;T;True;1
1621233651000;14127374;1.21408;1.21414;1.21411;3;T;True;1
1621233652000;14127376;1.21408;1.21414;1.21411;1;T;True;1
1621233653000;14127378;1.21408;1.21414;1.21411;1;T;True;1
1621233654000;14127381;1.21408;1.21414;1.21411;2;T;True;1
1621233655000;14127383;1.21408;1.21414;1.21411;1;T;True;1
1621233656000;14127384;1.21408;1.21414;1.21411;0;T;True;1
1621233657000;14127385;1.21408;1.21414;1.21411;0;T;True;1
1621233658000;14127389;1.21408;1.21414;1.21411;3;T;True;1
1621233659000;14127392;1.2141;1.21416;1.21413;2;T;True;1
1621233660000;14127393;1.2141;1.21416;1.21413;0;T;True;1
1621233661000;14127394;1.2141;1.21416;1.21413;0;T;True;1
1621233662000;14127395;1.2141;1.21416;1.21413;0;T;True;1
1621233663000;14127396;1.2141;1.21416;1.21413;0;T;True;1
1621233664000;14127397;1.2141;1.21416;1.21413;0;T;True;1
1621233665000;14127398;1.2141;1.21416;1.21413;0;T;True;1
1621233666000;14127399;1.2141;1.21416;1.21413;0;T;True;1
1621233667000;14127400;1.2141;1.21416;1.21413;0;T;True;1
1621233668000;14127401;1.2141;1.21416;1.21413;0;T;True;1
1621233669000;14127403;1.2141;1.21416;1.21413;1;T;True;1
1621233670000;14127404;1.2141;1.21416;1.21413;0;T;True;1
1621233671000;14127407;1.2141;1.21416;1.21413;2;T;True;1
1621233672000;14127408;1.2141;1.21416;1.21413;0;T;True;1
1621233673000;14127410;1.2141;1.21416;1.21413;1;T;True;1
1621233674000;14127412;1.2141;1.21416;1.21413;1;T;True;1
1621233675000;14127413;1.2141;1.21416;1.21413;0;T;True;1
1621233676000;14127419;1.21412;1.21418;1.21415;5;T;True;1
1621233677000;14127424;1.21414;1.2142;1.21417;4;T;True;1
1621233678000;14127425;1.21414;1.2142;1.21417;0;T;True;1
1621233679000;14127426;1.21414;1.2142;1.21417;0;T;True;1
1621233680000;14127427;1.21414;1.2142;1.21417;0;T;True;1
1621233681000;14127437;1.2141;1.21416;1.21413;9;T;True;1
1621233682000;14127440;1.21409;1.21415;1.21412;2;T;True;1
1621233683000;14127441;1.21409;1.21415;1.21412;0;T;True;1
1621233684000;14127442;1.21409;1.21415;1.21412;0;T;True;1
1621233685000;14127444;1.21408;1.21414;1.21411;1;T;True;1
1621233686000;14127445;1.21408;1.21414;1.21411;0;T;True;1
1621233687000;14127446;1.21408;1.21414;1.21411;0;T;True;1
1621233688000;14127447;1.21408;1.21414;1.21411;0;T;True;1
1621233689000;14127448;1.21408;1.21414;1.21411;0;T;True;1
1621233690000;14127449;1.21408;1.21414;1.21411;0;T;True;1
1621233691000;14127450;1.21408;1.21414;1.21411;0;T;True;1
1621233692000;14127451;1.21408;1.21414;1.21411;0;T;True;1
1621233693000;14127452;1.21408;1.21414;1.21411;0;T;True;1
1621233694000;14127453;1.21408;1.21414;1.21411;0;T;True;1
1621233695000;14127455;1.21406;1.21412;1.21409;1;T;True;1
1621233696000;14127456;1.21406;1.21412;1.21409;0;T;True;1
1621233697000;14127458;1.21406;1.21412;1.21409;1;T;True;1
1621233698000;14127459;1.21406;1.21412;1.21409;0;T;True;1
1621233699000;14127463;1.21406;1.21412;1.21409;3;T;True;1
1621233700000;14127464;1.21406;1.21412;1.21409;0;T;True;1
1621233701000;14127465;1.21406;1.21412;1.21409;0;T;True;1
1621233702000;14127466;1.21406;1.21412;1.21409;0;T;True;1
1621233703000;14127472;1.21406;1.21412;1.21409;5;T;True;1
1621233704000;14127474;1.21407;1.21413;1.2141;1;T;True;1
1621233705000;14127476;1.21408;1.21414;1.21411;1;T;True;1
1621233706000;14127477;1.21408;1.21414;1.21411;0;T;True;1
1621233707000;14127479;1.21408;1.21414;1.21411;1;T;True;1
1621233708000;14127485;1.2141;1.21416;1.21413;5;T;True;1
1621233709000;14127490;1.2141;1.21416;1.21413;4;T;True;1
1621233710000;14127491;1.2141;1.21416;1.21413;0;T;True;1
1621233711000;14127496;1.2141;1.21416;1.21413;4;T;True;1
1621233712000;14127497;1.2141;1.21416;1.21413;0;T;True;1
1621233713000;14127498;1.2141;1.21416;1.21413;0;T;True;1
1621233714000;14127499;1.2141;1.21416;1.21413;0;T;True;1
1621233715000;14127502;1.2141;1.21416;1.21413;2;T;True;1
1621233716000;14127509;1.2141;1.21416;1.21413;6;T;True;1
1621233717000;14127511;1.2141;1.21416;1.21413;1;T;True;1
1621233718000;14127512;1.2141;1.21416;1.21413;0;T;True;1
1621233719000;14127520;1.21412;1.21418;1.21415;7;T;True;1
1621233720000;14127522;1.21412;1.21418;1.21415;1;T;True;1
1621233721000;14127530;1.21408;1.21414;1.21411;7;T;True;1
1621233722000;14127534;1.21406;1.21412;1.21409;3;T;True;1
1621233723000;14127536;1.21405;1.21411;1.21408;1;T;True;1
1621233724000;14127539;1.21406;1.21412;1.21409;2;T;True;1
1621233725000;14127540;1.21406;1.21412;1.21409;0;T;True;1
1621233726000;14127541;1.21406;1.21412;1.21409;0;T;True;1
1621233727000;14127542;1.21406;1.21412;1.21409;0;T;True;1
1621233728000;14127544;1.21406;1.21412;1.21409;1;T;True;1
1621233729000;14127546;1.21406;1.21412;1.21409;1;T;True;1
1621233730000;14127551;1.21407;1.21413;1.2141;4;T;True;1
1621233731000;14127554;1.21406;1.21412;1.21409;2;T;True;1
1621233732000;14127555;1.21406;1.21412;1.21409;0;T;True;1
1621233733000;14127556;1.21406;1.21412;1.21409;0;T;True;1
1621233734000;14127561;1.21404;1.2141;1.21407;4;T;True;1
1621233735000;14127563;1.21404;1.2141;1.21407;1;T;True;1
1621233736000;14127565;1.21404;1.2141;1.21407;1;T;True;1
1621233737000;14127575;1.214;1.21406;1.21403;9;T;True;1
1621233738000;14127581;1.21402;1.21408;1.21405;5;T;True;1
1621233739000;14127585;1.21402;1.21408;1.21405;3;T;True;1
1621233740000;14127589;1.21402;1.21408;1.21405;3;T;True;1
1621233741000;14127591;1.21402;1.21408;1.21405;1;T;True;1
1621233742000;14127594;1.21401;1.21407;1.21404;2;T;True;1
1621233743000;14127596;1.214;1.21406;1.21403;1;T;True;1
1621233744000;14127599;1.214;1.21406;1.21403;2;T;True;1
1621233745000;14127603;1.214;1.21406;1.21403;3;T;True;1
1621233746000;14127605;1.21401;1.21407;1.21404;1;T;True;1
1621233747000;14127615;1.21406;1.21412;1.21409;9;T;True;1
1621233748000;14127619;1.21406;1.21412;1.21409;3;T;True;1
1621233749000;14127622;1.21406;1.21412;1.21409;2;T;True;1
1621233750000;14127623;1.21406;1.21412;1.21409;0;T;True;1
1621233751000;14127625;1.21408;1.21414;1.21411;1;T;True;1
1621233752000;14127626;1.21408;1.21414;1.21411;0;T;True;1
1621233753000;14127631;1.21406;1.21412;1.21409;4;T;True;1
1621233754000;14127632;1.21406;1.21412;1.21409;0;T;True;1
1621233755000;14127633;1.21406;1.21412;1.21409;0;T;True;1
1621233756000;14127634;1.21406;1.21412;1.21409;0;T;True;1
1621233757000;14127635;1.21406;1.21412;1.21409;0;T;True;1
1621233758000;14127640;1.21407;1.21413;1.2141;4;T;True;1
1621233759000;14127644;1.21406;1.21412;1.21409;3;T;True;1
1621233760000;14127645;1.21406;1.21412;1.21409;0;T;True;1
1621233761000;14127649;1.21406;1.21412;1.21409;3;T;True;1
1621233762000;14127652;1.21405;1.21411;1.21408;2;T;True;1
1621233763000;14127654;1.21404;1.2141;1.21407;1;T;True;1
1621233764000;14127656;1.21404;1.2141;1.21407;1;T;True;1
1621233765000;14127657;1.21404;1.2141;1.21407;0;T;True;1
1621233766000;14127658;1.21404;1.2141;1.21407;0;T;True;1
1621233767000;14127659;1.21404;1.2141;1.21407;0;T;True;1
1621233768000;14127660;1.21404;1.2141;1.21407;0;T;True;1
1621233769000;14127661;1.21404;1.2141;1.21407;0;T;True;1
1621233770000;14127662;1.21404;1.2141;1.21407;0;T;True;1
1621233771000;14127663;1.21404;1.2141;1.21407;0;T;True;1
1621233772000;14127667;1.21404;1.2141;1.21407;3;T;True;1
1621233773000;14127671;1.21405;1.21411;1.21408;3;T;True;1
1621233774000;14127676;1.21404;1.2141;1.21407;4;T;True;1
1621233775000;14127677;1.21404;1.2141;1.21407;0;T;True;1
1621233776000;14127678;1.21404;1.2141;1.21407;0;T;True;1
1621233777000;14127681;1.21404;1.2141;1.21407;2;T;True;1
1621233778000;14127683;1.21404;1.2141;1.21407;1;T;True;1
1621233779000;14127685;1.21404;1.2141;1.21407;1;T;True;1
1621233780000;14127689;1.21404;1.2141;1.21407;3;T;True;1
1621233781000;14127693;1.21402;1.21408;1.21405;3;T;True;1
1621233782000;14127702;1.21399;1.21405;1.21402;8;T;True;1
1621233783000;14127703;1.21399;1.21405;1.21402;0;T;True;1
1621233784000;14127708;1.21398;1.21404;1.21401;4;T;True;1
1621233785000;14127713;1.21398;1.21404;1.21401;4;T;True;1
1621233786000;14127715;1.21398;1.21404;1.21401;1;T;True;1
1621233787000;14127718;1.21398;1.21404;1.21401;2;T;True;1
1621233788000;14127720;1.21398;1.21404;1.21401;1;T;True;1
1621233789000;14127723;1.21398;1.21404;1.21401;2;T;True;1
1621233790000;14127738;1.2139;1.21396;1.21393;14;T;True;1
1621233791000;14127741;1.2139;1.21396;1.21393;2;T;True;1
1621233792000;14127742;1.2139;1.21396;1.21393;0;T;True;1
1621233793000;14127743;1.2139;1.21396;1.21393;0;T;True;1
1621233794000;14127744;1.2139;1.21396;1.21393;0;T;True;1
1621233795000;14127750;1.21392;1.21398;1.21395;5;T;True;1
1621233796000;14127757;1.21392;1.21398;1.21395;6;T;True;1
1621233797000;14127759;1.21392;1.21398;1.21395;1;T;True;1
1621233798000;14127760;1.21392;1.21398;1.21395;0;T;True;1
1621233799000;14127762;1.21392;1.21398;1.21395;1;T;True;1
1621233800000;14127765;1.21392;1.21398;1.21395;2;T;True;1
1621233801000;14127772;1.21392;1.21398;1.21395;6;T;True;1
1621233802000;14127775;1.21392;1.21398;1.21395;2;T;True;1
1621233803000;14127777;1.21392;1.21398;1.21395;1;T;True;1
1621233804000;14127779;1.21392;1.21398;1.21395;1;T;True;1
1621233805000;14127786;1.21388;1.21394;1.21391;6;T;True;1
1621233806000;14127801;1.21384;1.2139;1.21387;14;T;True;1
1621233807000;14127805;1.21384;1.2139;1.21387;3;T;True;1
1621233808000;14127806;1.21384;1.2139;1.21387;0;T;True;1
1621233809000;14127810;1.21384;1.2139;1.21387;3;T;True;1
1621233810000;14127815;1.21382;1.21388;1.21385;4;T;True;1
1621233811000;14127819;1.2138;1.21386;1.21383;3;T;True;1
1621233812000;14127824;1.21382;1.21388;1.21385;4;T;True;1
1621233813000;14127827;1.21382;1.21388;1.21385;2;T;True;1
1621233814000;14127828;1.21382;1.21388;1.21385;0;T;True;1
1621233815000;14127831;1.21384;1.2139;1.21387;2;T;True;1
1621233816000;14127832;1.21384;1.2139;1.21387;0;T;True;1
1621233817000;14127837;1.21382;1.21388;1.21385;4;T;True;1
1621233818000;14127842;1.2138;1.21386;1.21383;4;T;True;1
1621233819000;14127845;1.21382;1.21388;1.21385;2;T;True;1
1621233820000;14127846;1.21382;1.21388;1.21385;0;T;True;1
1621233821000;14127847;1.21382;1.21388;1.21385;0;T;True;1
1621233822000;14127848;1.21382;1.21388;1.21385;0;T;True;1
1621233823000;14127849;1.21382;1.21388;1.21385;0;T;True;1
1621233824000;14127850;1.21382;1.21388;1.21385;0;T;True;1
1621233825000;14127853;1.21382;1.21388;1.21385;2;T;True;1
1621233826000;14127856;1.21382;1.21388;1.21385;2;T;True;1
1621233827000;14127857;1.21382;1.21388;1.21385;0;T;True;1
1621233828000;14127859;1.21382;1.21388;1.21385;1;T;True;1
1621233829000;14127861;1.21382;1.21388;1.21385;1;T;True;1
1621233830000;14127862;1.21382;1.21388;1.21385;0;T;True;1
1621233831000;14127865;1.2138;1.21386;1.21383;2;T;True;1
1621233832000;14127872;1.21382;1.21388;1.21385;6;T;True;1
1621233833000;14127873;1.21382;1.21388;1.21385;0;T;True;1
1621233834000;14127874;1.21382;1.21388;1.21385;0;T;True;1
1621233835000;14127875;1.21382;1.21388;1.21385;0;T;True;1
1621233836000;14127876;1.21382;1.21388;1.21385;0;T;True;1
1621233837000;14127877;1.21382;1.21388;1.21385;0;T;True;1
1621233838000;14127878;1.21382;1.21388;1.21385;0;T;True;1
1621233839000;14127879;1.21382;1.21388;1.21385;0;T;True;1
1621233840000;14127880;1.21382;1.21388;1.21385;0;T;True;1
1621233841000;14127883;1.21382;1.21388;1.21385;2;T;True;1
1621233842000;14127884;1.21382;1.21388;1.21385;0;T;True;1
1621233843000;14127885;1.21382;1.21388;1.21385;0;T;True;1
1621233844000;14127886;1.21382;1.21388;1.21385;0;T;True;1
1621233845000;14127887;1.21382;1.21388;1.21385;0;T;True;1
1621233846000;14127888;1.21382;1.21388;1.21385;0;T;True;1
1621233847000;14127889;1.21382;1.21388;1.21385;0;T;True;1
1621233848000;14127894;1.21382;1.21388;1.21385;4;T;True;1
1621233849000;14127895;1.21382;1.21388;1.21385;0;T;True;1
1621233850000;14127896;1.21382;1.21388;1.21385;0;T;True;1
1621233851000;14127897;1.21382;1.21388;1.21385;0;T;True;1
1621233852000;14127899;1.21382;1.21388;1.21385;1;T;True;1
1621233853000;14127900;1.21382;1.21388;1.21385;0;T;True;1
1621233854000;14127903;1.21383;1.21389;1.21386;2;T;True;1
1621233855000;14127905;1.21383;1.21389;1.21386;1;T;True;1
1621233856000;14127906;1.21383;1.21389;1.21386;0;T;True;1
1621233857000;14127909;1.21383;1.21389;1.21386;2;T;True;1
1621233858000;14127911;1.21383;1.21389;1.21386;1;T;True;1
1621233859000;14127913;1.21383;1.21389;1.21386;1;T;True;1
1621233860000;14127914;1.21383;1.21389;1.21386;0;T;True;1
1621233861000;14127918;1.21383;1.21389;1.21386;3;T;True;1
1621233862000;14127919;1.21383;1.21389;1.21386;0;T;True;1
1621233863000;14127920;1.21383;1.21389;1.21386;0;T;True;1
1621233864000;14127921;1.21383;1.21389;1.21386;0;T;True;1
1621233865000;14127924;1.21383;1.21389;1.21386;2;T;True;1
1621233866000;14127927;1.21382;1.21388;1.21385;2;T;True;1
1621233867000;14127929;1.21382;1.21388;1.21385;1;T;True;1
1621233868000;14127930;1.21382;1.21388;1.21385;0;T;True;1
1621233869000;14127931;1.21382;1.21388;1.21385;0;T;True;1
1621233870000;14127932;1.21382;1.21388;1.21385;0;T;True;1
1621233871000;14127933;1.21382;1.21388;1.21385;0;T;True;1
1621233872000;14127934;1.21382;1.21388;1.21385;0;T;True;1
1621233873000;14127935;1.21382;1.21388;1.21385;0;T;True;1
1621233874000;14127936;1.21382;1.21388;1.21385;0;T;True;1
1621233875000;14127937;1.21382;1.21388;1.21385;0;T;True;1
1621233876000;14127938;1.21382;1.21388;1.21385;0;T;True;1
1621233877000;14127940;1.21382;1.21388;1.21385;1;T;True;1
1621233878000;14127949;1.21386;1.21392;1.21389;8;T;True;1
1621233879000;14127951;1.21388;1.21394;1.21391;1;T;True;1
1621233880000;14127955;1.21386;1.21392;1.21389;3;T;True;1
1621233881000;14127958;1.21386;1.21392;1.21389;2;T;True;1
1621233882000;14127961;1.21386;1.21392;1.21389;2;T;True;1
1621233883000;14127962;1.21386;1.21392;1.21389;0;T;True;1
1621233884000;14127965;1.21384;1.2139;1.21387;2;T;True;1
1621233885000;14127970;1.21383;1.21389;1.21386;4;T;True;1
1621233886000;14127977;1.2138;1.21386;1.21383;6;T;True;1
1621233887000;14127979;1.21379;1.21385;1.21382;1;T;True;1
1621233888000;14127981;1.21379;1.21385;1.21382;1;T;True;1
1621233889000;14127988;1.21382;1.21388;1.21385;6;T;True;1
1621233890000;14127990;1.21382;1.21388;1.21385;1;T;True;1
1621233891000;14127993;1.21382;1.21388;1.21385;2;T;True;1
1621233892000;14127994;1.21382;1.21388;1.21385;0;T;True;1
1621233893000;14127995;1.21382;1.21388;1.21385;0;T;True;1
1621233894000;14127996;1.21382;1.21388;1.21385;0;T;True;1
1621233895000;14127997;1.21382;1.21388;1.21385;0;T;True;1
1621233896000;14127998;1.21382;1.21388;1.21385;0;T;True;1
1621233897000;14128000;1.21382;1.21388;1.21385;1;T;True;1
1621233898000;14128002;1.21382;1.21388;1.21385;1;T;True;1
1621233899000;14128011;1.21384;1.2139;1.21387;8;T;True;1
1621233900000;14128013;1.21384;1.2139;1.21387;1;T;True;1
1621233901000;14128014;1.21384;1.2139;1.21387;0;T;True;1
1621233902000;14128017;1.21384;1.2139;1.21387;2;T;True;1
1621233903000;14128020;1.21382;1.21388;1.21385;2;T;True;1
1621233904000;14128022;1.21382;1.21388;1.21385;1;T;True;1
1621233905000;14128023;1.21382;1.21388;1.21385;0;T;True;1
1621233906000;14128024;1.21382;1.21388;1.21385;0;T;True;1
1621233907000;14128026;1.21382;1.21388;1.21385;1;T;True;1
1621233908000;14128027;1.21382;1.21388;1.21385;0;T;True;1
1621233909000;14128028;1.21382;1.21388;1.21385;0;T;True;1
1621233910000;14128032;1.21382;1.21388;1.21385;3;T;True;1
1621233911000;14128039;1.21382;1.21388;1.21385;6;T;True;1
1621233912000;14128043;1.21382;1.21388;1.21385;3;T;True;1
1621233913000;14128045;1.21382;1.21388;1.21385;1;T;True;1
1621233914000;14128046;1.21382;1.21388;1.21385;0;T;True;1
1621233915000;14128048;1.21382;1.21388;1.21385;1;T;True;1
1621233916000;14128049;1.21382;1.21388;1.21385;0;T;True;1
1621233917000;14128050;1.21382;1.21388;1.21385;0;T;True;1
1621233918000;14128051;1.21382;1.21388;1.21385;0;T;True;1
1621233919000;14128053;1.21382;1.21388;1.21385;1;T;True;1
1621233920000;14128054;1.21382;1.21388;1.21385;0;T;True;1
1621233921000;14128055;1.21382;1.21388;1.21385;0;T;True;1
1621233922000;14128057;1.21382;1.21388;1.21385;1;T;True;1
1621233923000;14128058;1.21382;1.21388;1.21385;0;T;True;1
1621233924000;14128059;1.21382;1.21388;1.21385;0;T;True;1
1621233925000;14128060;1.21382;1.21388;1.21385;0;T;True;1
1621233926000;14128065;1.21382;1.21388;1.21385;4;T;True;1
1621233927000;14128067;1.21382;1.21388;1.21385;1;T;True;1
1621233928000;14128071;1.21382;1.21388;1.21385;3;T;True;1
1621233929000;14128072;1.21382;1.21388;1.21385;0;T;True;1
1621233930000;14128073;1.21382;1.21388;1.21385;0;T;True;1
1621233931000;14128074;1.21382;1.21388;1.21385;0;T;True;1
1621233932000;14128075;1.21382;1.21388;1.21385;0;T;True;1
1621233933000;14128077;1.21382;1.21388;1.21385;1;T;True;1
1621233934000;14128080;1.21382;1.21388;1.21385;2;T;True;1
1621233935000;14128081;1.21382;1.21388;1.21385;0;T;True;1
1621233936000;14128082;1.21382;1.21388;1.21385;0;T;True;1
1621233937000;14128084;1.21382;1.21388;1.21385;1;T;True;1
1621233938000;14128085;1.21382;1.21388;1.21385;0;T;True;1
1621233939000;14128086;1.21382;1.21388;1.21385;0;T;True;1
1621233940000;14128087;1.21382;1.21388;1.21385;0;T;True;1
1621233941000;14128088;1.21382;1.21388;1.21385;0;T;True;1
1621233942000;14128091;1.21382;1.21388;1.21385;2;T;True;1
1621233943000;14128092;1.21382;1.21388;1.21385;0;T;True;1
1621233944000;14128093;1.21382;1.21388;1.21385;0;T;True;1
1621233945000;14128097;1.2138;1.21386;1.21383;3;T;True;1
1621233946000;14128106;1.21381;1.21387;1.21384;8;T;True;1
1621233947000;14128109;1.21381;1.21387;1.21384;2;T;True;1
1621233948000;14128111;1.21381;1.21387;1.21384;1;T;True;1
1621233949000;14128112;1.21381;1.21387;1.21384;0;T;True;1
1621233950000;14128113;1.21381;1.21387;1.21384;0;T;True;1
1621233951000;14128123;1.21377;1.21383;1.2138;9;T;True;1
1621233952000;14128133;1.21377;1.21383;1.2138;9;T;True;1
1621233953000;14128135;1.21378;1.21384;1.21381;1;T;True;1
1621233954000;14128148;1.21381;1.21387;1.21384;12;T;True;1
1621233955000;14128150;1.21381;1.21387;1.21384;1;T;True;1
1621233956000;14128153;1.21381;1.21387;1.21384;2;T;True;1
1621233957000;14128156;1.21382;1.21388;1.21385;2;T;True;1
1621233958000;14128157;1.21382;1.21388;1.21385;0;T;True;1
1621233959000;14128160;1.21382;1.21388;1.21385;2;T;True;1
1621233960000;14128169;1.21378;1.21384;1.21381;8;T;True;1
1621233961000;14128171;1.21378;1.21384;1.21381;1;T;True;1
1621233962000;14128174;1.21378;1.21384;1.21381;2;T;True;1
1621233963000;14128179;1.21378;1.21384;1.21381;4;T;True;1
1621233964000;14128186;1.21378;1.21384;1.21381;6;T;True;1
1621233965000;14128188;1.21378;1.21384;1.21381;1;T;True;1
1621233966000;14128195;1.21378;1.21384;1.21381;6;T;True;1
1621233967000;14128196;1.21378;1.21384;1.21381;0;T;True;1
1621233968000;14128197;1.21378;1.21384;1.21381;0;T;True;1
1621233969000;14128198;1.21378;1.21384;1.21381;0;T;True;1
1621233970000;14128199;1.21378;1.21384;1.21381;0;T;True;1
1621233971000;14128200;1.21378;1.21384;1.21381;0;T;True;1
1621233972000;14128202;1.21378;1.21384;1.21381;1;T;True;1
1621233973000;14128206;1.21378;1.21384;1.21381;3;T;True;1
1621233974000;14128207;1.21378;1.21384;1.21381;0;T;True;1
1621233975000;14128208;1.21378;1.21384;1.21381;0;T;True;1
1621233976000;14128209;1.21378;1.21384;1.21381;0;T;True;1
1621233977000;14128219;1.21374;1.2138;1.21377;9;T;True;1
1621233978000;14128221;1.21374;1.2138;1.21377;1;T;True;1
1621233979000;14128222;1.21374;1.2138;1.21377;0;T;True;1
1621233980000;14128223;1.21374;1.2138;1.21377;0;T;True;1
1621233981000;14128232;1.21378;1.21384;1.21381;8;T;True;1
1621233982000;14128235;1.21378;1.21384;1.21381;2;T;True;1
1621233983000;14128241;1.21377;1.21383;1.2138;5;T;True;1
1621233984000;14128245;1.21377;1.21383;1.2138;3;T;True;1
1621233985000;14128247;1.21378;1.21384;1.21381;1;T;True;1
1621233986000;14128249;1.21378;1.21384;1.21381;1;T;True;1
1621233987000;14128252;1.21378;1.21384;1.21381;2;T;True;1
1621233988000;14128255;1.21377;1.21383;1.2138;2;T;True;1
1621233989000;14128258;1.21376;1.21382;1.21379;2;T;True;1
1621233990000;14128263;1.21375;1.21381;1.21378;4;T;True;1
1621233991000;14128264;1.21375;1.21381;1.21378;0;T;True;1
1621233992000;14128266;1.21375;1.21381;1.21378;1;T;True;1
1621233993000;14128272;1.21375;1.21381;1.21378;5;T;True;1
1621233994000;14128274;1.21375;1.21381;1.21378;1;T;True;1
1621233995000;14128275;1.21375;1.21381;1.21378;0;T;True;1
1621233996000;14128278;1.21375;1.21381;1.21378;2;T;True;1
1621233997000;14128281;1.21375;1.21381;1.21378;2;T;True;1
1621233998000;14128282;1.21375;1.21381;1.21378;0;T;True;1
1621233999000;14128288;1.21375;1.21381;1.21378;5;T;True;1
1621234000000;14128290;1.21375;1.21381;1.21378;1;T;True;1
1621234001000;14128291;1.21375;1.21381;1.21378;0;T;True;1
1621234002000;14128294;1.21374;1.2138;1.21377;2;T;True;1
1621234003000;14128300;1.21373;1.21379;1.21376;5;T;True;1
1621234004000;14128301;1.21373;1.21379;1.21376;0;T;True;1
1621234005000;14128302;1.21373;1.21379;1.21376;0;T;True;1
1621234006000;14128303;1.21373;1.21379;1.21376;0;T;True;1
1621234007000;14128306;1.21373;1.21379;1.21376;2;T;True;1
1621234008000;14128307;1.21373;1.21379;1.21376;0;T;True;1
1621234009000;14128308;1.21373;1.21379;1.21376;0;T;True;1
1621234010000;14128309;1.21373;1.21379;1.21376;0;T;True;1
1621234011000;14128318;1.21368;1.21374;1.21371;8;T;True;1
1621234012000;14128319;1.21368;1.21374;1.21371;0;T;True;1
1621234013000;14128320;1.21368;1.21374;1.21371;0;T;True;1
1621234014000;14128326;1.21372;1.21378;1.21375;5;T;True;1
1621234015000;14128334;1.21374;1.2138;1.21377;7;T;True;1
1621234016000;14128336;1.21374;1.2138;1.21377;1;T;True;1
1621234017000;14128343;1.21378;1.21384;1.21381;6;T;True;1
1621234018000;14128344;1.21378;1.21384;1.21381;0;T;True;1
1621234019000;14128351;1.21377;1.21383;1.2138;6;T;True;1
1621234020000;14128353;1.21377;1.21383;1.2138;1;T;True;1
1621234021000;14128354;1.21377;1.21383;1.2138;0;T;True;1
1621234022000;14128362;1.21372;1.21378;1.21375;7;T;True;1
1621234023000;14128365;1.21372;1.21378;1.21375;2;T;True;1
1621234024000;14128369;1.21372;1.21378;1.21375;3;T;True;1
1621234025000;14128386;1.21382;1.21388;1.21385;16;T;True;1
1621234026000;14128389;1.21382;1.21388;1.21385;2;T;True;1
1621234027000;14128390;1.21382;1.21388;1.21385;0;T;True;1
1621234028000;14128391;1.21382;1.21388;1.21385;0;T;True;1
1621234029000;14128402;1.21383;1.21389;1.21386;10;T;True;1
1621234030000;14128405;1.21383;1.21389;1.21386;2;T;True;1
1621234031000;14128406;1.21383;1.21389;1.21386;0;T;True;1
1621234032000;14128412;1.21384;1.2139;1.21387;5;T;True;1
1621234033000;14128421;1.21383;1.21389;1.21386;8;T;True;1
1621234034000;14128431;1.21382;1.21388;1.21385;9;T;True;1
1621234035000;14128432;1.21382;1.21388;1.21385;0;T;True;1
1621234036000;14128434;1.21382;1.21388;1.21385;1;T;True;1
1621234037000;14128436;1.21382;1.21388;1.21385;1;T;True;1
1621234038000;14128437;1.21382;1.21388;1.21385;0;T;True;1
1621234039000;14128440;1.21381;1.21387;1.21384;2;T;True;1
1621234040000;14128443;1.21381;1.21387;1.21384;2;T;True;1
1621234041000;14128444;1.21381;1.21387;1.21384;0;T;True;1
1621234042000;14128445;1.21381;1.21387;1.21384;0;T;True;1
1621234043000;14128448;1.21381;1.21387;1.21384;2;T;True;1
1621234044000;14128449;1.21381;1.21387;1.21384;0;T;True;1
1621234045000;14128450;1.21381;1.21387;1.21384;0;T;True;1
1621234046000;14128451;1.21381;1.21387;1.21384;0;T;True;1
1621234047000;14128452;1.21381;1.21387;1.21384;0;T;True;1
1621234048000;14128453;1.21381;1.21387;1.21384;0;T;True;1
1621234049000;14128454;1.21381;1.21387;1.21384;0;T;True;1
1621234050000;14128455;1.21381;1.21387;1.21384;0;T;True;1
1621234051000;14128456;1.21381;1.21387;1.21384;0;T;True;1
1621234052000;14128461;1.21382;1.21388;1.21385;4;T;True;1
1621234053000;14128465;1.21381;1.21387;1.21384;3;T;True;1
1621234054000;14128466;1.21381;1.21387;1.21384;0;T;True;1
1621234055000;14128471;1.21382;1.21388;1.21385;4;T;True;1
1621234056000;14128475;1.21382;1.21388;1.21385;3;T;True;1
1621234057000;14128481;1.21382;1.21388;1.21385;5;T;True;1
1621234058000;14128483;1.21382;1.21388;1.21385;1;T;True;1
1621234059000;14128485;1.21382;1.21388;1.21385;1;T;True;1
1621234060000;14128486;1.21382;1.21388;1.21385;0;T;True;1
1621234061000;14128492;1.21383;1.21389;1.21386;5;T;True;1
1621234062000;14128493;1.21383;1.21389;1.21386;0;T;True;1
1621234063000;14128503;1.21388;1.21394;1.21391;9;T;True;1
1621234064000;14128514;1.21388;1.21394;1.21391;10;T;True;1
1621234065000;14128516;1.21388;1.21394;1.21391;1;T;True;1
1621234066000;14128522;1.21388;1.21394;1.21391;5;T;True;1
1621234067000;14128524;1.21388;1.21394;1.21391;1;T;True;1
1621234068000;14128526;1.21388;1.21394;1.21391;1;T;True;1
1621234069000;14128528;1.21388;1.21394;1.21391;1;T;True;1
1621234070000;14128529;1.21388;1.21394;1.21391;0;T;True;1
1621234071000;14128530;1.21388;1.21394;1.21391;0;T;True;1
1621234072000;14128531;1.21388;1.21394;1.21391;0;T;True;1
1621234073000;14128532;1.21388;1.21394;1.21391;0;T;True;1
1621234074000;14128533;1.21388;1.21394;1.21391;0;T;True;1
1621234075000;14128538;1.2139;1.21396;1.21393;4;T;True;1
1621234076000;14128539;1.2139;1.21396;1.21393;0;T;True;1
1621234077000;14128541;1.2139;1.21396;1.21393;1;T;True;1
1621234078000;14128548;1.21388;1.21394;1.21391;6;T;True;1
1621234079000;14128550;1.21389;1.21395;1.21392;1;T;True;1
1621234080000;14128553;1.21388;1.21394;1.21391;2;T;True;1
1621234081000;14128557;1.21388;1.21394;1.21391;3;T;True;1
1621234082000;14128562;1.21388;1.21394;1.21391;4;T;True;1
1621234083000;14128564;1.21388;1.21394;1.21391;1;T;True;1
1621234084000;14128567;1.21388;1.21394;1.21391;2;T;True;1
1621234085000;14128574;1.21388;1.21394;1.21391;6;T;True;1
1621234086000;14128575;1.21388;1.21394;1.21391;0;T;True;1
1621234087000;14128584;1.21392;1.21398;1.21395;8;T;True;1
1621234088000;14128585;1.21392;1.21398;1.21395;0;T;True;1
1621234089000;14128586;1.21392;1.21398;1.21395;0;T;True;1
1621234090000;14128589;1.21392;1.21398;1.21395;2;T;True;1
1621234091000;14128591;1.21392;1.21398;1.21395;1;T;True;1
1621234092000;14128600;1.21392;1.21398;1.21395;8;T;True;1
1621234093000;14128605;1.2139;1.21396;1.21393;4;T;True;1
1621234094000;14128611;1.2139;1.21396;1.21393;5;T;True;1
1621234095000;14128616;1.2139;1.21396;1.21393;4;T;True;1
1621234096000;14128617;1.2139;1.21396;1.21393;0;T;True;1
1621234097000;14128621;1.21392;1.21398;1.21395;3;T;True;1
1621234098000;14128623;1.21392;1.21398;1.21395;1;T;True;1
1621234099000;14128624;1.21392;1.21398;1.21395;0;T;True;1
1621234100000;14128628;1.21391;1.21397;1.21394;3;T;True;1
1621234101000;14128635;1.21392;1.21398;1.21395;6;T;True;1
1621234102000;14128637;1.21392;1.21398;1.21395;1;T;True;1
1621234103000;14128638;1.21392;1.21398;1.21395;0;T;True;1
1621234104000;14128641;1.21392;1.21398;1.21395;2;T;True;1
1621234105000;14128644;1.21392;1.21398;1.21395;2;T;True;1
1621234106000;14128645;1.21392;1.21398;1.21395;0;T;True;1
1621234107000;14128646;1.21392;1.21398;1.21395;0;T;True;1
1621234108000;14128651;1.21394;1.214;1.21397;4;T;True;1
1621234109000;14128652;1.21394;1.214;1.21397;0;T;True;1
1621234110000;14128653;1.21394;1.214;1.21397;0;T;True;1
1621234111000;14128654;1.21394;1.214;1.21397;0;T;True;1
1621234112000;14128655;1.21394;1.214;1.21397;0;T;True;1
1621234113000;14128656;1.21394;1.214;1.21397;0;T;True;1
1621234114000;14128659;1.21394;1.214;1.21397;2;T;True;1
1621234115000;14128660;1.21394;1.214;1.21397;0;T;True;1
1621234116000;14128661;1.21394;1.214;1.21397;0;T;True;1
1621234117000;14128662;1.21394;1.214;1.21397;0;T;True;1
1621234118000;14128663;1.21394;1.214;1.21397;0;T;True;1
1621234119000;14128664;1.21394;1.214;1.21397;0;T;True;1
1621234120000;14128666;1.21393;1.21399;1.21396;1;T;True;1
1621234121000;14128667;1.21393;1.21399;1.21396;0;T;True;1
1621234122000;14128673;1.21388;1.21394;1.21391;5;T;True;1
1621234123000;14128678;1.2139;1.21396;1.21393;4;T;True;1
1621234124000;14128679;1.2139;1.21396;1.21393;0;T;True;1
1621234125000;14128680;1.2139;1.21396;1.21393;0;T;True;1
1621234126000;14128681;1.2139;1.21396;1.21393;0;T;True;1
1621234127000;14128682;1.2139;1.21396;1.21393;0;T;True;1
1621234128000;14128683;1.2139;1.21396;1.21393;0;T;True;1
1621234129000;14128684;1.2139;1.21396;1.21393;0;T;True;1
1621234130000;14128685;1.2139;1.21396;1.21393;0;T;True;1
1621234131000;14128690;1.2139;1.21396;1.21393;4;T;True;1
1621234132000;14128692;1.2139;1.21396;1.21393;1;T;True;1
1621234133000;14128700;1.21394;1.214;1.21397;7;T;True;1
1621234134000;14128702;1.21393;1.21399;1.21396;1;T;True;1
1621234135000;14128707;1.21393;1.21399;1.21396;4;T;True;1
1621234136000;14128711;1.21394;1.214;1.21397;3;T;True;1
1621234137000;14128712;1.21394;1.214;1.21397;0;T;True;1
1621234138000;14128713;1.21394;1.214;1.21397;0;T;True;1
1621234139000;14128714;1.21394;1.214;1.21397;0;T;True;1
1621234140000;14128715;1.21394;1.214;1.21397;0;T;True;1
1621234141000;14128716;1.21394;1.214;1.21397;0;T;True;1
1621234142000;14128717;1.21394;1.214;1.21397;0;T;True;1
1621234143000;14128718;1.21394;1.214;1.21397;0;T;True;1
1621234144000;14128719;1.21394;1.214;1.21397;0;T;True;1
1621234145000;14128723;1.21391;1.21397;1.21394;3;T;True;1
1621234146000;14128724;1.21391;1.21397;1.21394;0;T;True;1
1621234147000;14128725;1.21391;1.21397;1.21394;0;T;True;1
1621234148000;14128726;1.21391;1.21397;1.21394;0;T;True;1
1621234149000;14128728;1.21391;1.21397;1.21394;1;T;True;1
1621234150000;14128729;1.21391;1.21397;1.21394;0;T;True;1
1621234151000;14128732;1.2139;1.21396;1.21393;2;T;True;1
1621234152000;14128733;1.2139;1.21396;1.21393;0;T;True;1
1621234153000;14128736;1.21392;1.21398;1.21395;2;T;True;1
1621234154000;14128739;1.21391;1.21397;1.21394;2;T;True;1
1621234155000;14128740;1.21391;1.21397;1.21394;0;T;True;1
1621234156000;14128744;1.2139;1.21396;1.21393;3;T;True;1
1621234157000;14128745;1.2139;1.21396;1.21393;0;T;True;1
1621234158000;14128746;1.2139;1.21396;1.21393;0;T;True;1
1621234159000;14128747;1.2139;1.21396;1.21393;0;T;True;1
1621234160000;14128750;1.21392;1.21398;1.21395;2;T;True;1
1621234161000;14128752;1.21392;1.21398;1.21395;1;T;True;1
1621234162000;14128758;1.2139;1.21396;1.21393;5;T;True;1
1621234163000;14128761;1.2139;1.21396;1.21393;2;T;True;1
1621234164000;14128762;1.2139;1.21396;1.21393;0;T;True;1
1621234165000;14128767;1.21392;1.21398;1.21395;4;T;True;1
1621234166000;14128769;1.21392;1.21398;1.21395;1;T;True;1
1621234167000;14128784;1.21392;1.21398;1.21395;14;T;True;1
1621234168000;14128789;1.21391;1.21397;1.21394;4;T;True;1
1621234169000;14128797;1.21392;1.21398;1.21395;7;T;True;1
1621234170000;14128798;1.21392;1.21398;1.21395;0;T;True;1
1621234171000;14128805;1.21394;1.214;1.21397;6;T;True;1
1621234172000;14128806;1.21394;1.214;1.21397;0;T;True;1
1621234173000;14128807;1.21394;1.214;1.21397;0;T;True;1
1621234174000;14128808;1.21394;1.214;1.21397;0;T;True;1
1621234175000;14128809;1.21394;1.214;1.21397;0;T;True;1
1621234176000;14128810;1.21394;1.214;1.21397;0;T;True;1
1621234177000;14128811;1.21394;1.214;1.21397;0;T;True;1
1621234178000;14128812;1.21394;1.214;1.21397;0;T;True;1
1621234179000;14128813;1.21394;1.214;1.21397;0;T;True;1
1621234180000;14128816;1.21394;1.214;1.21397;2;T;True;1
1621234181000;14128819;1.21394;1.214;1.21397;2;T;True;1
1621234182000;14128823;1.21394;1.214;1.21397;3;T;True;1
1621234183000;14128824;1.21394;1.214;1.21397;0;T;True;1
1621234184000;14128825;1.21394;1.214;1.21397;0;T;True;1
1621234185000;14128835;1.214;1.21406;1.21403;9;T;True;1
1621234186000;14128849;1.21397;1.21403;1.214;13;T;True;1
1621234187000;14128858;1.21394;1.214;1.21397;8;T;True;1
1621234188000;14128865;1.21396;1.21402;1.21399;6;T;True;1
1621234189000;14128870;1.21396;1.21402;1.21399;4;T;True;1
1621234190000;14128874;1.21396;1.21402;1.21399;3;T;True;1
1621234191000;14128876;1.21396;1.21402;1.21399;1;T;True;1
1621234192000;14128878;1.21396;1.21402;1.21399;1;T;True;1
1621234193000;14128881;1.21394;1.214;1.21397;2;T;True;1
1621234194000;14128890;1.21398;1.21404;1.21401;8;T;True;1
1621234195000;14128891;1.21398;1.21404;1.21401;0;T;True;1
1621234196000;14128892;1.21398;1.21404;1.21401;0;T;True;1
1621234197000;14128893;1.21398;1.21404;1.21401;0;T;True;1
1621234198000;14128897;1.21394;1.214;1.21397;3;T;True;1
1621234199000;14128904;1.21394;1.214;1.21397;6;T;True;1
1621234200000;14128907;1.21394;1.214;1.21397;2;T;True;1
1621234201000;14128908;1.21394;1.214;1.21397;0;T;True;1
1621234202000;14128909;1.21394;1.214;1.21397;0;T;True;1
1621234203000;14128910;1.21394;1.214;1.21397;0;T;True;1
1621234204000;14128911;1.21394;1.214;1.21397;0;T;True;1
1621234205000;14128912;1.21394;1.214;1.21397;0;T;True;1
1621234206000;14128914;1.21394;1.214;1.21397;1;T;True;1
1621234207000;14128916;1.21394;1.214;1.21397;1;T;True;1
1621234208000;14128919;1.21394;1.214;1.21397;2;T;True;1
1621234209000;14128921;1.21394;1.214;1.21397;1;T;True;1
1621234210000;14128922;1.21394;1.214;1.21397;0;T;True;1
1621234211000;14128927;1.21393;1.21399;1.21396;4;T;True;1
1621234212000;14128931;1.21393;1.21399;1.21396;3;T;True;1
1621234213000;14128934;1.21394;1.214;1.21397;2;T;True;1
1621234214000;14128935;1.21394;1.214;1.21397;0;T;True;1
1621234215000;14128943;1.21398;1.21404;1.21401;7;T;True;1
1621234216000;14128944;1.21398;1.21404;1.21401;0;T;True;1
1621234217000;14128945;1.21398;1.21404;1.21401;0;T;True;1
1621234218000;14128946;1.21398;1.21404;1.21401;0;T;True;1
1621234219000;14128947;1.21398;1.21404;1.21401;0;T;True;1
1621234220000;14128948;1.21398;1.21404;1.21401;0;T;True;1
1621234221000;14128950;1.21398;1.21404;1.21401;1;T;True;1
1621234222000;14128953;1.21398;1.21404;1.21401;2;T;True;1
1621234223000;14128956;1.21398;1.21404;1.21401;2;T;True;1
1621234224000;14128960;1.21398;1.21404;1.21401;3;T;True;1
1621234225000;14128962;1.21398;1.21404;1.21401;1;T;True;1
1621234226000;14128963;1.21398;1.21404;1.21401;0;T;True;1
1621234227000;14128964;1.21398;1.21404;1.21401;0;T;True;1
1621234228000;14128965;1.21398;1.21404;1.21401;0;T;True;1
1621234229000;14128966;1.21398;1.21404;1.21401;0;T;True;1
1621234230000;14128972;1.214;1.21406;1.21403;5;T;True;1
1621234231000;14128973;1.214;1.21406;1.21403;0;T;True;1
1621234232000;14128974;1.214;1.21406;1.21403;0;T;True;1
1621234233000;14128982;1.214;1.21406;1.21403;7;T;True;1
1621234234000;14128984;1.214;1.21406;1.21403;1;T;True;1
1621234235000;14128991;1.214;1.21406;1.21403;6;T;True;1
1621234236000;14128993;1.214;1.21406;1.21403;1;T;True;1
1621234237000;14128994;1.214;1.21406;1.21403;0;T;True;1
1621234238000;14128997;1.214;1.21406;1.21403;2;T;True;1
1621234239000;14128998;1.214;1.21406;1.21403;0;T;True;1
1621234240000;14129000;1.214;1.21406;1.21403;1;T;True;1
1621234241000;14129002;1.214;1.21406;1.21403;1;T;True;1
1621234242000;14129003;1.214;1.21406;1.21403;0;T;True;1
1621234243000;14129005;1.214;1.21406;1.21403;1;T;True;1
1621234244000;14129006;1.214;1.21406;1.21403;0;T;True;1
1621234245000;14129008;1.214;1.21406;1.21403;1;T;True;1
1621234246000;14129009;1.214;1.21406;1.21403;0;T;True;1
1621234247000;14129013;1.21399;1.21405;1.21402;3;T;True;1
1621234248000;14129015;1.21399;1.21405;1.21402;1;T;True;1
1621234249000;14129016;1.21399;1.21405;1.21402;0;T;True;1
1621234250000;14129017;1.21399;1.21405;1.21402;0;T;True;1
1621234251000;14129019;1.21398;1.21404;1.21401;1;T;True;1
1621234252000;14129021;1.21398;1.21404;1.21401;1;T;True;1
1621234253000;14129023;1.21398;1.21404;1.21401;1;T;True;1
1621234254000;14129024;1.21398;1.21404;1.21401;0;T;True;1
1621234255000;14129025;1.21398;1.21404;1.21401;0;T;True;1
1621234256000;14129026;1.21398;1.21404;1.21401;0;T;True;1
1621234257000;14129027;1.21398;1.21404;1.21401;0;T;True;1
1621234258000;14129028;1.21398;1.21404;1.21401;0;T;True;1
1621234259000;14129029;1.21398;1.21404;1.21401;0;T;True;1
1621234260000;14129030;1.21398;1.21404;1.21401;0;T;True;1
1621234261000;14129031;1.21398;1.21404;1.21401;0;T;True;1
1621234262000;14129034;1.21398;1.21404;1.21401;2;T;True;1
1621234263000;14129035;1.21398;1.21404;1.21401;0;T;True;1
1621234264000;14129036;1.21398;1.21404;1.21401;0;T;True;1
1621234265000;14129037;1.21398;1.21404;1.21401;0;T;True;1
1621234266000;14129038;1.21398;1.21404;1.21401;0;T;True;1
1621234267000;14129039;1.21398;1.21404;1.21401;0;T;True;1
1621234268000;14129040;1.21398;1.21404;1.21401;0;T;True;1
1621234269000;14129041;1.21398;1.21404;1.21401;0;T;True;1
1621234270000;14129042;1.21398;1.21404;1.21401;0;T;True;1
1621234271000;14129043;1.21398;1.21404;1.21401;0;T;True;1
1621234272000;14129044;1.21398;1.21404;1.21401;0;T;True;1
1621234273000;14129046;1.21398;1.21404;1.21401;1;T;True;1
1621234274000;14129047;1.21398;1.21404;1.21401;0;T;True;1
1621234275000;14129048;1.21398;1.21404;1.21401;0;T;True;1
1621234276000;14129049;1.21398;1.21404;1.21401;0;T;True;1
1621234277000;14129050;1.21398;1.21404;1.21401;0;T;True;1
1621234278000;14129054;1.21397;1.21403;1.214;3;T;True;1
1621234279000;14129055;1.21397;1.21403;1.214;0;T;True;1
1621234280000;14129056;1.21397;1.21403;1.214;0;T;True;1
1621234281000;14129058;1.21398;1.21404;1.21401;1;T;True;1
1621234282000;14129060;1.21398;1.21404;1.21401;1;T;True;1
1621234283000;14129061;1.21398;1.21404;1.21401;0;T;True;1
1621234284000;14129062;1.21398;1.21404;1.21401;0;T;True;1
1621234285000;14129069;1.2139;1.21396;1.21393;6;T;True;1
1621234286000;14129076;1.21388;1.21394;1.21391;6;T;True;1
1621234287000;14129080;1.21387;1.21393;1.2139;3;T;True;1
1621234288000;14129081;1.21387;1.21393;1.2139;0;T;True;1
1621234289000;14129087;1.21388;1.21394;1.21391;5;T;True;1
1621234290000;14129088;1.21388;1.21394;1.21391;0;T;True;1
1621234291000;14129089;1.21388;1.21394;1.21391;0;T;True;1
1621234292000;14129092;1.21388;1.21394;1.21391;2;T;True;1
1621234293000;14129093;1.21388;1.21394;1.21391;0;T;True;1
1621234294000;14129097;1.21387;1.21393;1.2139;3;T;True;1
1621234295000;14129098;1.21387;1.21393;1.2139;0;T;True;1
1621234296000;14129099;1.21387;1.21393;1.2139;0;T;True;1
1621234297000;14129100;1.21387;1.21393;1.2139;0;T;True;1
1621234298000;14129101;1.21387;1.21393;1.2139;0;T;True;1
1621234299000;14129104;1.21386;1.21392;1.21389;2;T;True;1
1621234300000;14129111;1.21391;1.21397;1.21394;6;T;True;1
1621234301000;14129112;1.21391;1.21397;1.21394;0;T;True;1
1621234302000;14129113;1.21391;1.21397;1.21394;0;T;True;1
1621234303000;14129114;1.21391;1.21397;1.21394;0;T;True;1
1621234304000;14129115;1.21391;1.21397;1.21394;0;T;True;1
1621234305000;14129116;1.21391;1.21397;1.21394;0;T;True;1
1621234306000;14129117;1.21391;1.21397;1.21394;0;T;True;1
1621234307000;14129118;1.21391;1.21397;1.21394;0;T;True;1
1621234308000;14129120;1.21391;1.21397;1.21394;1;T;True;1
1621234309000;14129121;1.21391;1.21397;1.21394;0;T;True;1
1621234310000;14129122;1.21391;1.21397;1.21394;0;T;True;1
1621234311000;14129123;1.21391;1.21397;1.21394;0;T;True;1
1621234312000;14129124;1.21391;1.21397;1.21394;0;T;True;1
1621234313000;14129126;1.21391;1.21397;1.21394;1;T;True;1
1621234314000;14129128;1.21391;1.21397;1.21394;1;T;True;1
1621234315000;14129129;1.21391;1.21397;1.21394;0;T;True;1
1621234316000;14129130;1.21391;1.21397;1.21394;0;T;True;1
1621234317000;14129136;1.21387;1.21393;1.2139;5;T;True;1
1621234318000;14129137;1.21387;1.21393;1.2139;0;T;True;1
1621234319000;14129144;1.21384;1.2139;1.21387;6;T;True;1
1621234320000;14129145;1.21384;1.2139;1.21387;0;T;True;1
1621234321000;14129146;1.21384;1.2139;1.21387;0;T;True;1
1621234322000;14129148;1.21383;1.21389;1.21386;1;T;True;1
1621234323000;14129149;1.21383;1.21389;1.21386;0;T;True;1
1621234324000;14129150;1.21383;1.21389;1.21386;0;T;True;1
1621234325000;14129154;1.2138;1.21386;1.21383;3;T;True;1
1621234326000;14129155;1.2138;1.21386;1.21383;0;T;True;1
1621234327000;14129156;1.2138;1.21386;1.21383;0;T;True;1
1621234328000;14129157;1.2138;1.21386;1.21383;0;T;True;1
1621234329000;14129159;1.2138;1.21386;1.21383;1;T;True;1
1621234330000;14129161;1.2138;1.21386;1.21383;1;T;True;1
1621234331000;14129166;1.21381;1.21387;1.21384;4;T;True;1
1621234332000;14129168;1.21381;1.21387;1.21384;1;T;True;1
1621234333000;14129171;1.2138;1.21386;1.21383;2;T;True;1
1621234334000;14129172;1.2138;1.21386;1.21383;0;T;True;1
1621234335000;14129173;1.2138;1.21386;1.21383;0;T;True;1
1621234336000;14129174;1.2138;1.21386;1.21383;0;T;True;1
1621234337000;14129176;1.2138;1.21386;1.21383;1;T;True;1
1621234338000;14129177;1.2138;1.21386;1.21383;0;T;True;1
1621234339000;14129178;1.2138;1.21386;1.21383;0;T;True;1
1621234340000;14129179;1.2138;1.21386;1.21383;0;T;True;1
1621234341000;14129180;1.2138;1.21386;1.21383;0;T;True;1
1621234342000;14129181;1.2138;1.21386;1.21383;0;T;True;1
1621234343000;14129183;1.2138;1.21386;1.21383;1;T;True;1
1621234344000;14129187;1.21382;1.21388;1.21385;3;T;True;1
1621234345000;14129188;1.21382;1.21388;1.21385;0;T;True;1
1621234346000;14129189;1.21382;1.21388;1.21385;0;T;True;1
1621234347000;14129191;1.21382;1.21388;1.21385;1;T;True;1
1621234348000;14129194;1.21382;1.21388;1.21385;2;T;True;1
1621234349000;14129195;1.21382;1.21388;1.21385;0;T;True;1
1621234350000;14129196;1.21382;1.21388;1.21385;0;T;True;1
1621234351000;14129202;1.21383;1.21389;1.21386;5;T;True;1
1621234352000;14129203;1.21383;1.21389;1.21386;0;T;True;1
1621234353000;14129204;1.21383;1.21389;1.21386;0;T;True;1
1621234354000;14129205;1.21383;1.21389;1.21386;0;T;True;1
1621234355000;14129208;1.21382;1.21388;1.21385;2;T;True;1
1621234356000;14129213;1.21382;1.21388;1.21385;4;T;True;1
1621234357000;14129214;1.21382;1.21388;1.21385;0;T;True;1
1621234358000;14129217;1.2138;1.21386;1.21383;2;T;True;1
1621234359000;14129221;1.2138;1.21386;1.21383;3;T;True;1
1621234360000;14129226;1.2138;1.21386;1.21383;4;T;True;1
1621234361000;14129228;1.2138;1.21386;1.21383;1;T;True;1
1621234362000;14129229;1.2138;1.21386;1.21383;0;T;True;1
1621234363000;14129233;1.2138;1.21386;1.21383;3;T;True;1
1621234364000;14129235;1.2138;1.21386;1.21383;1;T;True;1
1621234365000;14129237;1.2138;1.21386;1.21383;1;T;True;1
1621234366000;14129239;1.2138;1.21386;1.21383;1;T;True;1
1621234367000;14129240;1.2138;1.21386;1.21383;0;T;True;1
1621234368000;14129241;1.2138;1.21386;1.21383;0;T;True;1
1621234369000;14129242;1.2138;1.21386;1.21383;0;T;True;1
1621234370000;14129243;1.2138;1.21386;1.21383;0;T;True;1
1621234371000;14129245;1.2138;1.21386;1.21383;1;T;True;1
1621234372000;14129246;1.2138;1.21386;1.21383;0;T;True;1
1621234373000;14129252;1.21382;1.21388;1.21385;5;T;True;1
1621234374000;14129253;1.21382;1.21388;1.21385;0;T;True;1
1621234375000;14129255;1.21382;1.21388;1.21385;1;T;True;1
1621234376000;14129256;1.21382;1.21388;1.21385;0;T;True;1
1621234377000;14129257;1.21382;1.21388;1.21385;0;T;True;1
1621234378000;14129258;1.21382;1.21388;1.21385;0;T;True;1
1621234379000;14129259;1.21382;1.21388;1.21385;0;T;True;1
1621234380000;14129260;1.21382;1.21388;1.21385;0;T;True;1
1621234381000;14129263;1.21382;1.21388;1.21385;2;T;True;1
1621234382000;14129265;1.21382;1.21388;1.21385;1;T;True;1
1621234383000;14129269;1.21382;1.21388;1.21385;3;T;True;1
1621234384000;14129272;1.2138;1.21386;1.21383;2;T;True;1
1621234385000;14129273;1.2138;1.21386;1.21383;0;T;True;1
1621234386000;14129278;1.21381;1.21387;1.21384;4;T;True;1
1621234387000;14129279;1.21381;1.21387;1.21384;0;T;True;1
1621234388000;14129282;1.21382;1.21388;1.21385;2;T;True;1
1621234389000;14129284;1.21382;1.21388;1.21385;1;T;True;1
1621234390000;14129287;1.21382;1.21388;1.21385;2;T;True;1
1621234391000;14129289;1.21382;1.21388;1.21385;1;T;True;1
1621234392000;14129290;1.21382;1.21388;1.21385;0;T;True;1
1621234393000;14129291;1.21382;1.21388;1.21385;0;T;True;1
1621234394000;14129292;1.21382;1.21388;1.21385;0;T;True;1
1621234395000;14129294;1.21383;1.21389;1.21386;1;T;True;1
1621234396000;14129295;1.21383;1.21389;1.21386;0;T;True;1
1621234397000;14129296;1.21383;1.21389;1.21386;0;T;True;1
1621234398000;14129297;1.21383;1.21389;1.21386;0;T;True;1
1621234399000;14129299;1.21382;1.21388;1.21385;1;T;True;1
1621234400000;14129300;1.21382;1.21388;1.21385;0;T;True;1
1621234401000;14129303;1.21382;1.21388;1.21385;2;T;True;1
1621234402000;14129304;1.21382;1.21388;1.21385;0;T;True;1
1621234403000;14129305;1.21382;1.21388;1.21385;0;T;True;1
1621234404000;14129306;1.21382;1.21388;1.21385;0;T;True;1
1621234405000;14129307;1.21382;1.21388;1.21385;0;T;True;1
1621234406000;14129309;1.21383;1.21389;1.21386;1;T;True;1
1621234407000;14129310;1.21383;1.21389;1.21386;0;T;True;1
1621234408000;14129311;1.21383;1.21389;1.21386;0;T;True;1
1621234409000;14129312;1.21383;1.21389;1.21386;0;T;True;1
1621234410000;14129316;1.21382;1.21388;1.21385;3;T;True;1
1621234411000;14129317;1.21382;1.21388;1.21385;0;T;True;1
1621234412000;14129318;1.21382;1.21388;1.21385;0;T;True;1
1621234413000;14129321;1.21382;1.21388;1.21385;2;T;True;1
1621234414000;14129325;1.21381;1.21387;1.21384;3;T;True;1
1621234415000;14129326;1.21381;1.21387;1.21384;0;T;True;1
1621234416000;14129330;1.2138;1.21386;1.21383;3;T;True;1
1621234417000;14129332;1.2138;1.21386;1.21383;1;T;True;1
1621234418000;14129333;1.2138;1.21386;1.21383;0;T;True;1
1621234419000;14129334;1.2138;1.21386;1.21383;0;T;True;1
1621234420000;14129335;1.2138;1.21386;1.21383;0;T;True;1
1621234421000;14129337;1.2138;1.21386;1.21383;1;T;True;1
1621234422000;14129338;1.2138;1.21386;1.21383;0;T;True;1
1621234423000;14129342;1.21381;1.21387;1.21384;3;T;True;1
1621234424000;14129343;1.21381;1.21387;1.21384;0;T;True;1
1621234425000;14129344;1.21381;1.21387;1.21384;0;T;True;1
1621234426000;14129345;1.21381;1.21387;1.21384;0;T;True;1
1621234427000;14129346;1.21381;1.21387;1.21384;0;T;True;1
1621234428000;14129348;1.21381;1.21387;1.21384;1;T;True;1
1621234429000;14129356;1.21384;1.2139;1.21387;7;T;True;1
1621234430000;14129358;1.21384;1.2139;1.21387;1;T;True;1
1621234431000;14129366;1.21392;1.21398;1.21395;7;T;True;1
1621234432000;14129368;1.21392;1.21398;1.21395;1;T;True;1
1621234433000;14129370;1.21392;1.21398;1.21395;1;T;True;1
1621234434000;14129371;1.21392;1.21398;1.21395;0;T;True;1
1621234435000;14129375;1.21392;1.21398;1.21395;3;T;True;1
1621234436000;14129377;1.21393;1.21399;1.21396;1;T;True;1
1621234437000;14129383;1.21394;1.214;1.21397;5;T;True;1
1621234438000;14129384;1.21394;1.214;1.21397;0;T;True;1
1621234439000;14129385;1.21394;1.214;1.21397;0;T;True;1
1621234440000;14129390;1.21396;1.21402;1.21399;4;T;True;1
1621234441000;14129393;1.21396;1.21402;1.21399;2;T;True;1
1621234442000;14129399;1.21392;1.21398;1.21395;5;T;True;1
1621234443000;14129401;1.21392;1.21398;1.21395;1;T;True;1
1621234444000;14129402;1.21392;1.21398;1.21395;0;T;True;1
1621234445000;14129403;1.21392;1.21398;1.21395;0;T;True;1
1621234446000;14129405;1.21392;1.21398;1.21395;1;T;True;1
1621234447000;14129410;1.21394;1.214;1.21397;4;T;True;1
1621234448000;14129411;1.21394;1.214;1.21397;0;T;True;1
1621234449000;14129412;1.21394;1.214;1.21397;0;T;True;1
1621234450000;14129413;1.21394;1.214;1.21397;0;T;True;1
1621234451000;14129415;1.21394;1.214;1.21397;1;T;True;1
1621234452000;14129416;1.21394;1.214;1.21397;0;T;True;1
1621234453000;14129418;1.21394;1.214;1.21397;1;T;True;1
1621234454000;14129419;1.21394;1.214;1.21397;0;T;True;1
1621234455000;14129426;1.21394;1.214;1.21397;6;T;True;1
1621234456000;14129427;1.21394;1.214;1.21397;0;T;True;1
1621234457000;14129432;1.21398;1.21404;1.21401;4;T;True;1
1621234458000;14129434;1.21398;1.21404;1.21401;1;T;True;1
1621234459000;14129441;1.21401;1.21407;1.21404;6;T;True;1
1621234460000;14129444;1.21401;1.21407;1.21404;2;T;True;1
1621234461000;14129449;1.21402;1.21408;1.21405;4;T;True;1
1621234462000;14129451;1.21402;1.21408;1.21405;1;T;True;1
1621234463000;14129454;1.21398;1.21404;1.21401;2;T;True;1
1621234464000;14129456;1.21398;1.21404;1.21401;1;T;True;1
1621234465000;14129457;1.21398;1.21404;1.21401;0;T;True;1
1621234466000;14129463;1.21399;1.21405;1.21402;5;T;True;1
1621234467000;14129464;1.21399;1.21405;1.21402;0;T;True;1
1621234468000;14129465;1.21399;1.21405;1.21402;0;T;True;1
1621234469000;14129468;1.21402;1.21408;1.21405;2;T;True;1
1621234470000;14129469;1.21402;1.21408;1.21405;0;T;True;1
1621234471000;14129470;1.21402;1.21408;1.21405;0;T;True;1
1621234472000;14129471;1.21402;1.21408;1.21405;0;T;True;1
1621234473000;14129475;1.21399;1.21405;1.21402;3;T;True;1
1621234474000;14129478;1.21399;1.21405;1.21402;2;T;True;1
1621234475000;14129481;1.214;1.21406;1.21403;2;T;True;1
1621234476000;14129487;1.21399;1.21405;1.21402;5;T;True;1
1621234477000;14129493;1.21398;1.21404;1.21401;5;T;True;1
1621234478000;14129498;1.21398;1.21404;1.21401;4;T;True;1
1621234479000;14129502;1.21397;1.21403;1.214;3;T;True;1
1621234480000;14129504;1.21398;1.21404;1.21401;1;T;True;1
1621234481000;14129505;1.21398;1.21404;1.21401;0;T;True;1
1621234482000;14129507;1.21397;1.21403;1.214;1;T;True;1
1621234483000;14129508;1.21397;1.21403;1.214;0;T;True;1
1621234484000;14129509;1.21397;1.21403;1.214;0;T;True;1
1621234485000;14129510;1.21397;1.21403;1.214;0;T;True;1
1621234486000;14129512;1.21398;1.21404;1.21401;1;T;True;1
1621234487000;14129513;1.21398;1.21404;1.21401;0;T;True;1
1621234488000;14129516;1.21398;1.21404;1.21401;2;T;True;1
1621234489000;14129519;1.21396;1.21402;1.21399;2;T;True;1
1621234490000;14129521;1.21396;1.21402;1.21399;1;T;True;1
1621234491000;14129522;1.21396;1.21402;1.21399;0;T;True;1
1621234492000;14129523;1.21396;1.21402;1.21399;0;T;True;1
1621234493000;14129524;1.21396;1.21402;1.21399;0;T;True;1
1621234494000;14129525;1.21396;1.21402;1.21399;0;T;True;1
1621234495000;14129526;1.21396;1.21402;1.21399;0;T;True;1
1621234496000;14129527;1.21396;1.21402;1.21399;0;T;True;1
1621234497000;14129528;1.21396;1.21402;1.21399;0;T;True;1
1621234498000;14129531;1.21394;1.214;1.21397;2;T;True;1
1621234499000;14129533;1.21394;1.214;1.21397;1;T;True;1
1621234500000;14129538;1.21394;1.214;1.21397;4;T;True;1
1621234501000;14129541;1.21394;1.214;1.21397;2;T;True;1
1621234502000;14129545;1.21392;1.21398;1.21395;3;T;True;1
1621234503000;14129548;1.21392;1.21398;1.21395;2;T;True;1
1621234504000;14129549;1.21392;1.21398;1.21395;0;T;True;1
1621234505000;14129552;1.21392;1.21398;1.21395;2;T;True;1
1621234506000;14129553;1.21392;1.21398;1.21395;0;T;True;1
1621234507000;14129555;1.21392;1.21398;1.21395;1;T;True;1
1621234508000;14129557;1.21392;1.21398;1.21395;1;T;True;1
1621234509000;14129567;1.21396;1.21402;1.21399;9;T;True;1
1621234510000;14129576;1.214;1.21406;1.21403;8;T;True;1
1621234511000;14129577;1.214;1.21406;1.21403;0;T;True;1
1621234512000;14129579;1.214;1.21406;1.21403;1;T;True;1
1621234513000;14129580;1.214;1.21406;1.21403;0;T;True;1
1621234514000;14129583;1.21398;1.21404;1.21401;2;T;True;1
1621234515000;14129584;1.21398;1.21404;1.21401;0;T;True;1
1621234516000;14129585;1.21398;1.21404;1.21401;0;T;True;1
1621234517000;14129587;1.21398;1.21404;1.21401;1;T;True;1
1621234518000;14129588;1.21398;1.21404;1.21401;0;T;True;1
1621234519000;14129592;1.21396;1.21402;1.21399;3;T;True;1
1621234520000;14129593;1.21396;1.21402;1.21399;0;T;True;1
1621234521000;14129597;1.21393;1.21399;1.21396;3;T;True;1
1621234522000;14129598;1.21393;1.21399;1.21396;0;T;True;1
1621234523000;14129605;1.2139;1.21396;1.21393;6;T;True;1
1621234524000;14129611;1.21394;1.214;1.21397;5;T;True;1
1621234525000;14129612;1.21394;1.214;1.21397;0;T;True;1
1621234526000;14129613;1.21394;1.214;1.21397;0;T;True;1
1621234527000;14129614;1.21394;1.214;1.21397;0;T;True;1
1621234528000;14129615;1.21394;1.214;1.21397;0;T;True;1
1621234529000;14129617;1.21395;1.21401;1.21398;1;T;True;1
1621234530000;14129620;1.21394;1.214;1.21397;2;T;True;1
1621234531000;14129624;1.21392;1.21398;1.21395;3;T;True;1
1621234532000;14129626;1.21392;1.21398;1.21395;1;T;True;1
1621234533000;14129627;1.21392;1.21398;1.21395;0;T;True;1
1621234534000;14129628;1.21392;1.21398;1.21395;0;T;True;1
1621234535000;14129629;1.21392;1.21398;1.21395;0;T;True;1
1621234536000;14129636;1.21396;1.21402;1.21399;6;T;True;1
1621234537000;14129637;1.21396;1.21402;1.21399;0;T;True;1
1621234538000;14129638;1.21396;1.21402;1.21399;0;T;True;1
1621234539000;14129640;1.21396;1.21402;1.21399;1;T;True;1
1621234540000;14129642;1.21395;1.21401;1.21398;1;T;True;1
1621234541000;14129647;1.21398;1.21404;1.21401;4;T;True;1
1621234542000;14129651;1.21398;1.21404;1.21401;3;T;True;1
1621234543000;14129654;1.21398;1.21404;1.21401;2;T;True;1
1621234544000;14129670;1.21411;1.21417;1.21414;15;T;True;1
1621234545000;14129672;1.2141;1.21416;1.21413;1;T;True;1
1621234546000;14129678;1.21409;1.21415;1.21412;5;T;True;1
1621234547000;14129683;1.2141;1.21416;1.21413;4;T;True;1
1621234548000;14129685;1.21412;1.21418;1.21415;1;T;True;1
1621234549000;14129687;1.2141;1.21416;1.21413;1;T;True;1
1621234550000;14129692;1.21406;1.21412;1.21409;4;T;True;1
1621234551000;14129693;1.21406;1.21412;1.21409;0;T;True;1
1621234552000;14129697;1.21404;1.2141;1.21407;3;T;True;1
1621234553000;14129698;1.21404;1.2141;1.21407;0;T;True;1
1621234554000;14129704;1.21407;1.21413;1.2141;5;T;True;1
1621234555000;14129705;1.21407;1.21413;1.2141;0;T;True;1
1621234556000;14129706;1.21407;1.21413;1.2141;0;T;True;1
1621234557000;14129708;1.21407;1.21413;1.2141;1;T;True;1
1621234558000;14129710;1.21406;1.21412;1.21409;1;T;True;1
1621234559000;14129712;1.21407;1.21413;1.2141;1;T;True;1
1621234560000;14129713;1.21407;1.21413;1.2141;0;T;True;1
1621234561000;14129714;1.21407;1.21413;1.2141;0;T;True;1
1621234562000;14129715;1.21407;1.21413;1.2141;0;T;True;1
1621234563000;14129717;1.21408;1.21414;1.21411;1;T;True;1
1621234564000;14129718;1.21408;1.21414;1.21411;0;T;True;1
1621234565000;14129720;1.21407;1.21413;1.2141;1;T;True;1
1621234566000;14129721;1.21407;1.21413;1.2141;0;T;True;1
1621234567000;14129724;1.21407;1.21413;1.2141;2;T;True;1
1621234568000;14129730;1.21408;1.21414;1.21411;5;T;True;1
1621234569000;14129738;1.21402;1.21408;1.21405;7;T;True;1
1621234570000;14129742;1.214;1.21406;1.21403;3;T;True;1
1621234571000;14129743;1.214;1.21406;1.21403;0;T;True;1
1621234572000;14129744;1.214;1.21406;1.21403;0;T;True;1
1621234573000;14129745;1.214;1.21406;1.21403;0;T;True;1
1621234574000;14129748;1.214;1.21406;1.21403;2;T;True;1
1621234575000;14129749;1.214;1.21406;1.21403;0;T;True;1
1621234576000;14129750;1.214;1.21406;1.21403;0;T;True;1
1621234577000;14129751;1.214;1.21406;1.21403;0;T;True;1
1621234578000;14129753;1.214;1.21406;1.21403;1;T;True;1
1621234579000;14129756;1.214;1.21406;1.21403;2;T;True;1
1621234580000;14129759;1.21402;1.21408;1.21405;2;T;True;1
1621234581000;14129760;1.21402;1.21408;1.21405;0;T;True;1
1621234582000;14129767;1.21401;1.21407;1.21404;6;T;True;1
1621234583000;14129768;1.21401;1.21407;1.21404;0;T;True;1
1621234584000;14129769;1.21401;1.21407;1.21404;0;T;True;1
1621234585000;14129774;1.214;1.21406;1.21403;4;T;True;1
1621234586000;14129775;1.214;1.21406;1.21403;0;T;True;1
1621234587000;14129776;1.214;1.21406;1.21403;0;T;True;1
1621234588000;14129777;1.214;1.21406;1.21403;0;T;True;1
1621234589000;14129781;1.21399;1.21405;1.21402;3;T;True;1
1621234590000;14129783;1.21399;1.21405;1.21402;1;T;True;1
1621234591000;14129784;1.21399;1.21405;1.21402;0;T;True;1
1621234592000;14129785;1.21399;1.21405;1.21402;0;T;True;1
1621234593000;14129788;1.21398;1.21404;1.21401;2;T;True;1
1621234594000;14129789;1.21398;1.21404;1.21401;0;T;True;1
1621234595000;14129795;1.21398;1.21404;1.21401;5;T;True;1
1621234596000;14129796;1.21398;1.21404;1.21401;0;T;True;1
1621234597000;14129797;1.21398;1.21404;1.21401;0;T;True;1
1621234598000;14129798;1.21398;1.21404;1.21401;0;T;True;1
