ts;n;bid;ask;value;volume;phase;round;active_id
1621250862000;14171605;1.21615;1.21621;1.21618;0;T;True;1
1621250863000;14171608;1.21615;1.21621;1.21618;2;T;True;1
1621250864000;14171610;1.21615;1.21621;1.21618;1;T;True;1
1621250865000;14171612;1.21615;1.21621;1.21618;1;T;True;1
1621250866000;14171614;1.21615;1.21621;1.21618;1;T;True;1
1621250867000;14171616;1.21615;1.21621;1.21618;1;T;True;1
1621250868000;14171621;1.21616;1.21622;1.21619;4;T;True;1
1621250869000;14171623;1.21616;1.21622;1.21619;1;T;True;1
1621250870000;14171630;1.21617;1.21623;1.2162;6;T;True;1
1621250871000;14171636;1.21617;1.21623;1.2162;5;T;True;1
1621250872000;14171643;1.2162;1.21626;1.21623;6;T;True;1
1621250873000;14171651;1.21621;1.21627;1.21624;7;T;True;1
1621250874000;14171653;1.21622;1.21628;1.21625;1;T;True;1
1621250875000;14171654;1.21622;1.21628;1.21625;0;T;True;1
1621250876000;14171656;1.21621;1.21627;1.21624;1;T;True;1
1621250877000;14171659;1.21622;1.21628;1.21625;2;T;True;1
1621250878000;14171666;1.21622;1.21628;1.21625;6;T;True;1
1621250879000;14171668;1.21622;1.21628;1.21625;1;T;True;1
1621250880000;14171670;1.21622;1.21628;1.21625;1;T;True;1
1621250881000;14171672;1.21622;1.21628;1.21625;1;T;True;1
1621250882000;14171673;1.21622;1.21628;1.21625;0;T;True;1
1621250883000;14171679;1.21622;1.21628;1.21625;5;T;True;1
1621250884000;14171685;1.21622;1.21628;1.21625;5;T;True;1
1621250885000;14171687;1.21622;1.21628;1.21625;1;T;True;1
1621250886000;14171688;1.21622;1.21628;1.21625;0;T;True;1
1621250887000;14171692;1.21622;1.21628;1.21625;3;T;True;1
1621250888000;14171693;1.21622;1.21628;1.21625;0;T;True;1
1621250889000;14171694;1.21622;1.21628;1.21625;0;T;True;1
1621250890000;14171703;1.21619;1.21625;1.21622;8;T;True;1
1621250891000;14171706;1.21619;1.21625;1.21622;2;T;True;1
1621250892000;14171708;1.2162;1.21626;1.21623;1;T;True;1
1621250893000;14171711;1.2162;1.21626;1.21623;2;T;True;1
1621250894000;14171714;1.2162;1.21626;1.21623;2;T;True;1
1621250895000;14171719;1.21621;1.21627;1.21624;4;T;True;1
1621250896000;14171721;1.21621;1.21627;1.21624;1;T;True;1
1621250897000;14171730;1.2162;1.21626;1.21623;8;T;True;1
1621250898000;14171738;1.21624;1.2163;1.21627;7;T;True;1
1621250899000;14171740;1.21624;1.2163;1.21627;1;T;True;1
1621250900000;14171743;1.21625;1.21631;1.21628;2;T;True;1
1621250901000;14171747;1.21625;1.21631;1.21628;3;T;True;1
1621250902000;14171748;1.21625;1.21631;1.21628;0;T;True;1
1621250903000;14171751;1.21623;1.21629;1.21626;2;T;True;1
1621250904000;14171754;1.21622;1.21628;1.21625;2;T;True;1
1621250905000;14171755;1.21622;1.21628;1.21625;0;T;True;1
1621250906000;14171756;1.21622;1.21628;1.21625;0;T;True;1
1621250907000;14171757;1.21622;1.21628;1.21625;0;T;True;1
1621250908000;14171758;1.21622;1.21628;1.21625;0;T;True;1
1621250909000;14171759;1.21622;1.21628;1.21625;0;T;True;1
1621250910000;14171762;1.21622;1.21628;1.21625;2;T;True;1
1621250911000;14171763;1.21622;1.21628;1.21625;0;T;True;1
1621250912000;14171764;1.21622;1.21628;1.21625;0;T;True;1
1621250913000;14171767;1.21622;1.21628;1.21625;2;T;True;1
1621250914000;14171768;1.21622;1.21628;1.21625;0;T;True;1
1621250915000;14171769;1.21622;1.21628;1.21625;0;T;True;1
1621250916000;14171770;1.21622;1.21628;1.21625;0;T;True;1
1621250917000;14171771;1.21622;1.21628;1.21625;0;T;True;1
1621250918000;14171772;1.21622;1.21628;1.21625;0;T;True;1
1621250919000;14171773;1.21622;1.21628;1.21625;0;T;True;1
1621250920000;14171774;1.21622;1.21628;1.21625;0;T;True;1
1621250921000;14171776;1.21622;1.21628;1.21625;1;T;True;1
1621250922000;14171779;1.21622;1.21628;1.21625;2;T;True;1
1621250923000;14171780;1.21622;1.21628;1.21625;0;T;True;1
1621250924000;14171790;1.21621;1.21627;1.21624;9;T;True;1
1621250925000;14171798;1.21618;1.21624;1.21621;7;T;True;1
1621250926000;14171811;1.21622;1.21628;1.21625;12;T;True;1
1621250927000;14171813;1.21623;1.21629;1.21626;1;T;True;1
1621250928000;14171815;1.21624;1.2163;1.21627;1;T;True;1
1621250929000;14171816;1.21624;1.2163;1.21627;0;T;True;1
1621250930000;14171819;1.21624;1.2163;1.21627;2;T;True;1
1621250931000;14171822;1.21624;1.2163;1.21627;2;T;True;1
1621250932000;14171823;1.21624;1.2163;1.21627;0;T;True;1
1621250933000;14171828;1.21622;1.21628;1.21625;4;T;True;1
1621250934000;14171829;1.21622;1.21628;1.21625;0;T;True;1
1621250935000;14171830;1.21622;1.21628;1.21625;0;T;True;1
1621250936000;14171831;1.21622;1.21628;1.21625;0;T;True;1
1621250937000;14171834;1.21621;1.21627;1.21624;2;T;True;1
1621250938000;14171835;1.21621;1.21627;1.21624;0;T;True;1
1621250939000;14171840;1.21621;1.21627;1.21624;4;T;True;1
1621250940000;14171842;1.21621;1.21627;1.21624;1;T;True;1
1621250941000;14171844;1.21621;1.21627;1.21624;1;T;True;1
1621250942000;14171845;1.21621;1.21627;1.21624;0;T;True;1
1621250943000;14171846;1.21621;1.21627;1.21624;0;T;True;1
1621250944000;14171852;1.21619;1.21625;1.21622;5;T;True;1
1621250945000;14171853;1.21619;1.21625;1.21622;0;T;True;1
1621250946000;14171855;1.21619;1.21625;1.21622;1;T;True;1
1621250947000;14171860;1.2162;1.21626;1.21623;4;T;True;1
1621250948000;14171863;1.21621;1.21627;1.21624;2;T;True;1
1621250949000;14171864;1.21621;1.21627;1.21624;0;T;True;1
1621250950000;14171867;1.21621;1.21627;1.21624;2;T;True;1
1621250951000;14171868;1.21621;1.21627;1.21624;0;T;True;1
1621250952000;14171869;1.21621;1.21627;1.21624;0;T;True;1
1621250953000;14171871;1.21621;1.21627;1.21624;1;T;True;1
1621250954000;14171873;1.21622;1.21628;1.21625;1;T;True;1
1621250955000;14171874;1.21622;1.21628;1.21625;0;T;True;1
1621250956000;14171875;1.21622;1.21628;1.21625;0;T;True;1
1621250957000;14171876;1.21622;1.21628;1.21625;0;T;True;1
1621250958000;14171880;1.2162;1.21626;1.21623;3;T;True;1
1621250959000;14171881;1.2162;1.21626;1.21623;0;T;True;1
1621250960000;14171888;1.21624;1.2163;1.21627;6;T;True;1
1621250961000;14171890;1.21624;1.2163;1.21627;1;T;True;1
1621250962000;14171891;1.21624;1.2163;1.21627;0;T;True;1
1621250963000;14171892;1.21624;1.2163;1.21627;0;T;True;1
1621250964000;14171893;1.21624;1.2163;1.21627;0;T;True;1
1621250965000;14171899;1.21628;1.21634;1.21631;5;T;True;1
1621250966000;14171900;1.21628;1.21634;1.21631;0;T;True;1
1621250967000;14171904;1.21628;1.21634;1.21631;3;T;True;1
1621250968000;14171906;1.21627;1.21633;1.2163;1;T;True;1
1621250969000;14171907;1.21627;1.21633;1.2163;0;T;True;1
1621250970000;14171908;1.21627;1.21633;1.2163;0;T;True;1
1621250971000;14171913;1.21625;1.21631;1.21628;4;T;True;1
1621250972000;14171914;1.21625;1.21631;1.21628;0;T;True;1
1621250973000;14171915;1.21625;1.21631;1.21628;0;T;True;1
1621250974000;14171917;1.21624;1.2163;1.21627;1;T;True;1
1621250975000;14171918;1.21624;1.2163;1.21627;0;T;True;1
1621250976000;14171922;1.21628;1.21634;1.21631;3;T;True;1
1621250977000;14171924;1.21628;1.21634;1.21631;1;T;True;1
1621250978000;14171925;1.21628;1.21634;1.21631;0;T;True;1
1621250979000;14171926;1.21628;1.21634;1.21631;0;T;True;1
1621250980000;14171931;1.21626;1.21632;1.21629;4;T;True;1
1621250981000;14171934;1.21626;1.21632;1.21629;2;T;True;1
1621250982000;14171939;1.21625;1.21631;1.21628;4;T;True;1
1621250983000;14171941;1.21626;1.21632;1.21629;1;T;True;1
1621250984000;14171942;1.21626;1.21632;1.21629;0;T;True;1
1621250985000;14171949;1.21625;1.21631;1.21628;6;T;True;1
1621250986000;14171965;1.21626;1.21632;1.21629;15;T;True;1
1621250987000;14171967;1.21626;1.21632;1.21629;1;T;True;1
1621250988000;14171969;1.21627;1.21633;1.2163;1;T;True;1
1621250989000;14171970;1.21627;1.21633;1.2163;0;T;True;1
1621250990000;14171972;1.21625;1.21631;1.21628;1;T;True;1
1621250991000;14171973;1.21625;1.21631;1.21628;0;T;True;1
1621250992000;14171975;1.21624;1.2163;1.21627;1;T;True;1
1621250993000;14171977;1.21625;1.21631;1.21628;1;T;True;1
1621250994000;14171986;1.21626;1.21632;1.21629;8;T;True;1
1621250995000;14171987;1.21626;1.21632;1.21629;0;T;True;1
1621250996000;14171988;1.21626;1.21632;1.21629;0;T;True;1
1621250997000;14171994;1.21624;1.2163;1.21627;5;T;True;1
1621250998000;14171996;1.21624;1.2163;1.21627;1;T;True;1
1621250999000;14171998;1.21624;1.2163;1.21627;1;T;True;1
1621251000000;14172000;1.21624;1.2163;1.21627;1;T;True;1
1621251001000;14172010;1.21624;1.2163;1.21627;9;T;True;1
1621251002000;14172012;1.21624;1.2163;1.21627;1;T;True;1
1621251003000;14172016;1.21626;1.21632;1.21629;3;T;True;1
1621251004000;14172018;1.21626;1.21632;1.21629;1;T;True;1
1621251005000;14172020;1.21626;1.21632;1.21629;1;T;True;1
1621251006000;14172027;1.21628;1.21634;1.21631;6;T;True;1
1621251007000;14172029;1.21628;1.21634;1.21631;1;T;True;1
1621251008000;14172037;1.21627;1.21633;1.2163;7;T;True;1
1621251009000;14172039;1.21627;1.21633;1.2163;1;T;True;1
1621251010000;14172040;1.21627;1.21633;1.2163;0;T;True;1
1621251011000;14172041;1.21627;1.21633;1.2163;0;T;True;1
1621251012000;14172043;1.21627;1.21633;1.2163;1;T;True;1
1621251013000;14172044;1.21627;1.21633;1.2163;0;T;True;1
1621251014000;14172046;1.21627;1.21633;1.2163;1;T;True;1
1621251015000;14172052;1.21628;1.21634;1.21631;5;T;True;1
1621251016000;14172053;1.21628;1.21634;1.21631;0;T;True;1
1621251017000;14172055;1.21628;1.21634;1.21631;1;T;True;1
1621251018000;14172058;1.21628;1.21634;1.21631;2;T;True;1
1621251019000;14172061;1.21628;1.21634;1.21631;2;T;True;1
1621251020000;14172065;1.21624;1.2163;1.21627;3;T;True;1
1621251021000;14172069;1.21626;1.21632;1.21629;3;T;True;1
1621251022000;14172074;1.21626;1.21632;1.21629;4;T;True;1
1621251023000;14172082;1.21626;1.21632;1.21629;7;T;True;1
1621251024000;14172083;1.21626;1.21632;1.21629;0;T;True;1
1621251025000;14172084;1.21626;1.21632;1.21629;0;T;True;1
1621251026000;14172086;1.21624;1.2163;1.21627;1;T;True;1
1621251027000;14172087;1.21624;1.2163;1.21627;0;T;True;1
1621251028000;14172091;1.21624;1.2163;1.21627;3;T;True;1
1621251029000;14172094;1.21624;1.2163;1.21627;2;T;True;1
1621251030000;14172097;1.21624;1.2163;1.21627;2;T;True;1
1621251031000;14172102;1.21623;1.21629;1.21626;4;T;True;1
1621251032000;14172103;1.21623;1.21629;1.21626;0;T;True;1
1621251033000;14172105;1.21623;1.21629;1.21626;1;T;True;1
1621251034000;14172116;1.21617;1.21623;1.2162;10;T;True;1
1621251035000;14172122;1.21617;1.21623;1.2162;5;T;True;1
1621251036000;14172127;1.21618;1.21624;1.21621;4;T;True;1
1621251037000;14172133;1.21618;1.21624;1.21621;5;T;True;1
1621251038000;14172136;1.21618;1.21624;1.21621;2;T;True;1
1621251039000;14172138;1.21617;1.21623;1.2162;1;T;True;1
1621251040000;14172144;1.21614;1.2162;1.21617;5;T;True;1
1621251041000;14172149;1.21614;1.2162;1.21617;4;T;True;1
1621251042000;14172151;1.21614;1.2162;1.21617;1;T;True;1
1621251043000;14172152;1.21614;1.2162;1.21617;0;T;True;1
1621251044000;14172157;1.21614;1.2162;1.21617;4;T;True;1
1621251045000;14172158;1.21614;1.2162;1.21617;0;T;True;1
1621251046000;14172159;1.21614;1.2162;1.21617;0;T;True;1
1621251047000;14172167;1.21618;1.21624;1.21621;7;T;True;1
1621251048000;14172173;1.21619;1.21625;1.21622;5;T;True;1
1621251049000;14172177;1.21618;1.21624;1.21621;3;T;True;1
1621251050000;14172180;1.2162;1.21626;1.21623;2;T;True;1
1621251051000;14172191;1.21618;1.21624;1.21621;10;T;True;1
1621251052000;14172197;1.21616;1.21622;1.21619;5;T;True;1
1621251053000;14172200;1.21615;1.21621;1.21618;2;T;True;1
1621251054000;14172202;1.21615;1.21621;1.21618;1;T;True;1
1621251055000;14172203;1.21615;1.21621;1.21618;0;T;True;1
1621251056000;14172210;1.21616;1.21622;1.21619;6;T;True;1
1621251057000;14172211;1.21616;1.21622;1.21619;0;T;True;1
1621251058000;14172219;1.21616;1.21622;1.21619;7;T;True;1
1621251059000;14172224;1.21618;1.21624;1.21621;4;T;True;1
1621251060000;14172229;1.21615;1.21621;1.21618;4;T;True;1
1621251061000;14172231;1.21614;1.2162;1.21617;1;T;True;1
1621251062000;14172232;1.21614;1.2162;1.21617;0;T;True;1
1621251063000;14172233;1.21614;1.2162;1.21617;0;T;True;1
1621251064000;14172245;1.2161;1.21616;1.21613;11;T;True;1
1621251065000;14172253;1.2161;1.21616;1.21613;7;T;True;1
1621251066000;14172256;1.2161;1.21616;1.21613;2;T;True;1
1621251067000;14172257;1.2161;1.21616;1.21613;0;T;True;1
1621251068000;14172259;1.2161;1.21616;1.21613;1;T;True;1
1621251069000;14172260;1.2161;1.21616;1.21613;0;T;True;1
1621251070000;14172261;1.2161;1.21616;1.21613;0;T;True;1
1621251071000;14172267;1.21608;1.21614;1.21611;5;T;True;1
1621251072000;14172273;1.21608;1.21614;1.21611;5;T;True;1
1621251073000;14172275;1.21608;1.21614;1.21611;1;T;True;1
1621251074000;14172280;1.21608;1.21614;1.21611;4;T;True;1
1621251075000;14172284;1.21608;1.21614;1.21611;3;T;True;1
1621251076000;14172285;1.21608;1.21614;1.21611;0;T;True;1
1621251077000;14172288;1.21608;1.21614;1.21611;2;T;True;1
1621251078000;14172292;1.21608;1.21614;1.21611;3;T;True;1
1621251079000;14172296;1.21608;1.21614;1.21611;3;T;True;1
1621251080000;14172304;1.21605;1.21611;1.21608;7;T;True;1
1621251081000;14172311;1.21606;1.21612;1.21609;6;T;True;1
1621251082000;14172315;1.21606;1.21612;1.21609;3;T;True;1
1621251083000;14172323;1.21603;1.21609;1.21606;7;T;True;1
1621251084000;14172327;1.21605;1.21611;1.21608;3;T;True;1
1621251085000;14172329;1.21605;1.21611;1.21608;1;T;True;1
1621251086000;14172336;1.21605;1.21611;1.21608;6;T;True;1
1621251087000;14172344;1.21604;1.2161;1.21607;7;T;True;1
1621251088000;14172366;1.21602;1.21608;1.21605;21;T;True;1
1621251089000;14172369;1.21602;1.21608;1.21605;2;T;True;1
1621251090000;14172370;1.21602;1.21608;1.21605;0;T;True;1
1621251091000;14172376;1.21602;1.21608;1.21605;5;T;True;1
1621251092000;14172381;1.216;1.21606;1.21603;4;T;True;1
1621251093000;14172389;1.21596;1.21602;1.21599;7;T;True;1
1621251094000;14172393;1.21599;1.21605;1.21602;3;T;True;1
1621251095000;14172397;1.216;1.21606;1.21603;3;T;True;1
1621251096000;14172399;1.21601;1.21607;1.21604;1;T;True;1
1621251097000;14172402;1.21602;1.21608;1.21605;2;T;True;1
1621251098000;14172405;1.21602;1.21608;1.21605;2;T;True;1
1621251099000;14172406;1.21602;1.21608;1.21605;0;T;True;1
1621251100000;14172408;1.21602;1.21608;1.21605;1;T;True;1
1621251101000;14172409;1.21602;1.21608;1.21605;0;T;True;1
1621251102000;14172410;1.21602;1.21608;1.21605;0;T;True;1
1621251103000;14172411;1.21602;1.21608;1.21605;0;T;True;1
1621251104000;14172414;1.21604;1.2161;1.21607;2;T;True;1
1621251105000;14172415;1.21604;1.2161;1.21607;0;T;True;1
1621251106000;14172416;1.21604;1.2161;1.21607;0;T;True;1
1621251107000;14172417;1.21604;1.2161;1.21607;0;T;True;1
1621251108000;14172422;1.21605;1.21611;1.21608;4;T;True;1
1621251109000;14172430;1.21602;1.21608;1.21605;7;T;True;1
1621251110000;14172432;1.21602;1.21608;1.21605;1;T;True;1
1621251111000;14172434;1.21602;1.21608;1.21605;1;T;True;1
1621251112000;14172435;1.21602;1.21608;1.21605;0;T;True;1
1621251113000;14172439;1.21602;1.21608;1.21605;3;T;True;1
1621251114000;14172441;1.21602;1.21608;1.21605;1;T;True;1
1621251115000;14172445;1.21604;1.2161;1.21607;3;T;True;1
1621251116000;14172446;1.21604;1.2161;1.21607;0;T;True;1
1621251117000;14172447;1.21604;1.2161;1.21607;0;T;True;1
1621251118000;14172451;1.21603;1.21609;1.21606;3;T;True;1
1621251119000;14172455;1.21602;1.21608;1.21605;3;T;True;1
1621251120000;14172456;1.21602;1.21608;1.21605;0;T;True;1
1621251121000;14172457;1.21602;1.21608;1.21605;0;T;True;1
1621251122000;14172458;1.21602;1.21608;1.21605;0;T;True;1
1621251123000;14172467;1.21606;1.21612;1.21609;8;T;True;1
1621251124000;14172468;1.21606;1.21612;1.21609;0;T;True;1
1621251125000;14172470;1.21605;1.21611;1.21608;1;T;True;1
1621251126000;14172471;1.21605;1.21611;1.21608;0;T;True;1
1621251127000;14172475;1.21604;1.2161;1.21607;3;T;True;1
1621251128000;14172477;1.21604;1.2161;1.21607;1;T;True;1
1621251129000;14172488;1.21612;1.21618;1.21615;10;T;True;1
1621251130000;14172491;1.21612;1.21618;1.21615;2;T;True;1
1621251131000;14172494;1.21613;1.21619;1.21616;2;T;True;1
1621251132000;14172496;1.21613;1.21619;1.21616;1;T;True;1
1621251133000;14172506;1.21618;1.21624;1.21621;9;T;True;1
1621251134000;14172509;1.2162;1.21626;1.21623;2;T;True;1
1621251135000;14172511;1.2162;1.21626;1.21623;1;T;True;1
1621251136000;14172512;1.2162;1.21626;1.21623;0;T;True;1
1621251137000;14172514;1.2162;1.21626;1.21623;1;T;True;1
1621251138000;14172515;1.2162;1.21626;1.21623;0;T;True;1
1621251139000;14172516;1.2162;1.21626;1.21623;0;T;True;1
1621251140000;14172517;1.2162;1.21626;1.21623;0;T;True;1
1621251141000;14172518;1.2162;1.21626;1.21623;0;T;True;1
1621251142000;14172521;1.21618;1.21624;1.21621;2;T;True;1
1621251143000;14172523;1.21618;1.21624;1.21621;1;T;True;1
1621251144000;14172526;1.21619;1.21625;1.21622;2;T;True;1
1621251145000;14172528;1.21618;1.21624;1.21621;1;T;True;1
1621251146000;14172529;1.21618;1.21624;1.21621;0;T;True;1
1621251147000;14172530;1.21618;1.21624;1.21621;0;T;True;1
1621251148000;14172531;1.21618;1.21624;1.21621;0;T;True;1
1621251149000;14172532;1.21618;1.21624;1.21621;0;T;True;1
1621251150000;14172533;1.21618;1.21624;1.21621;0;T;True;1
1621251151000;14172534;1.21618;1.21624;1.21621;0;T;True;1
1621251152000;14172535;1.21618;1.21624;1.21621;0;T;True;1
1621251153000;14172537;1.21619;1.21625;1.21622;1;T;True;1
1621251154000;14172541;1.2162;1.21626;1.21623;3;T;True;1
1621251155000;14172546;1.21619;1.21625;1.21622;4;T;True;1
1621251156000;14172548;1.21618;1.21624;1.21621;1;T;True;1
1621251157000;14172549;1.21618;1.21624;1.21621;0;T;True;1
1621251158000;14172552;1.21618;1.21624;1.21621;2;T;True;1
1621251159000;14172555;1.21618;1.21624;1.21621;2;T;True;1
1621251160000;14172556;1.21618;1.21624;1.21621;0;T;True;1
1621251161000;14172557;1.21618;1.21624;1.21621;0;T;True;1
1621251162000;14172560;1.21618;1.21624;1.21621;2;T;True;1
1621251163000;14172564;1.21618;1.21624;1.21621;3;T;True;1
1621251164000;14172565;1.21618;1.21624;1.21621;0;T;True;1
1621251165000;14172568;1.21618;1.21624;1.21621;2;T;True;1
1621251166000;14172569;1.21618;1.21624;1.21621;0;T;True;1
1621251167000;14172570;1.21618;1.21624;1.21621;0;T;True;1
1621251168000;14172571;1.21618;1.21624;1.21621;0;T;True;1
1621251169000;14172572;1.21618;1.21624;1.21621;0;T;True;1
1621251170000;14172573;1.21618;1.21624;1.21621;0;T;True;1
1621251171000;14172574;1.21618;1.21624;1.21621;0;T;True;1
1621251172000;14172575;1.21618;1.21624;1.21621;0;T;True;1
1621251173000;14172576;1.21618;1.21624;1.21621;0;T;True;1
1621251174000;14172577;1.21618;1.21624;1.21621;0;T;True;1
1621251175000;14172578;1.21618;1.21624;1.21621;0;T;True;1
1621251176000;14172579;1.21618;1.21624;1.21621;0;T;True;1
1621251177000;14172580;1.21618;1.21624;1.21621;0;T;True;1
1621251178000;14172585;1.21616;1.21622;1.21619;4;T;True;1
1621251179000;14172586;1.21616;1.21622;1.21619;0;T;True;1
1621251180000;14172587;1.21616;1.21622;1.21619;0;T;True;1
1621251181000;14172588;1.21616;1.21622;1.21619;0;T;True;1
1621251182000;14172592;1.21614;1.2162;1.21617;3;T;True;1
1621251183000;14172593;1.21614;1.2162;1.21617;0;T;True;1
1621251184000;14172595;1.21614;1.2162;1.21617;1;T;True;1
1621251185000;14172596;1.21614;1.2162;1.21617;0;T;True;1
1621251186000;14172597;1.21614;1.2162;1.21617;0;T;True;1
1621251187000;14172603;1.21612;1.21618;1.21615;5;T;True;1
1621251188000;14172609;1.21612;1.21618;1.21615;5;T;True;1
1621251189000;14172614;1.21612;1.21618;1.21615;4;T;True;1
1621251190000;14172617;1.21612;1.21618;1.21615;2;T;True;1
1621251191000;14172619;1.21612;1.21618;1.21615;1;T;True;1
1621251192000;14172621;1.21612;1.21618;1.21615;1;T;True;1
1621251193000;14172623;1.21612;1.21618;1.21615;1;T;True;1
1621251194000;14172625;1.21612;1.21618;1.21615;1;T;True;1
1621251195000;14172626;1.21612;1.21618;1.21615;0;T;True;1
1621251196000;14172627;1.21612;1.21618;1.21615;0;T;True;1
1621251197000;14172628;1.21612;1.21618;1.21615;0;T;True;1
1621251198000;14172629;1.21612;1.21618;1.21615;0;T;True;1
1621251199000;14172630;1.21612;1.21618;1.21615;0;T;True;1
1621251200000;14172631;1.21612;1.21618;1.21615;0;T;True;1
1621251201000;14172632;1.21612;1.21618;1.21615;0;T;True;1
1621251202000;14172634;1.21612;1.21618;1.21615;1;T;True;1
1621251203000;14172636;1.21612;1.21618;1.21615;1;T;True;1
1621251204000;14172637;1.21612;1.21618;1.21615;0;T;True;1
1621251205000;14172638;1.21612;1.21618;1.21615;0;T;True;1
1621251206000;14172641;1.21612;1.21618;1.21615;2;T;True;1
1621251207000;14172643;1.21612;1.21618;1.21615;1;T;True;1
1621251208000;14172650;1.21612;1.21618;1.21615;6;T;True;1
1621251209000;14172652;1.21612;1.21618;1.21615;1;T;True;1
1621251210000;14172653;1.21612;1.21618;1.21615;0;T;True;1
1621251211000;14172661;1.2161;1.21616;1.21613;7;T;True;1
1621251212000;14172664;1.21609;1.21615;1.21612;2;T;True;1
1621251213000;14172665;1.21609;1.21615;1.21612;0;T;True;1
1621251214000;14172668;1.21608;1.21614;1.21611;2;T;True;1
1621251215000;14172671;1.21608;1.21614;1.21611;2;T;True;1
1621251216000;14172673;1.21608;1.21614;1.21611;1;T;True;1
1621251217000;14172677;1.21608;1.21614;1.21611;3;T;True;1
1621251218000;14172682;1.21608;1.21614;1.21611;4;T;True;1
1621251219000;14172683;1.21608;1.21614;1.21611;0;T;True;1
1621251220000;14172684;1.21608;1.21614;1.21611;0;T;True;1
1621251221000;14172685;1.21608;1.21614;1.21611;0;T;True;1
1621251222000;14172686;1.21608;1.21614;1.21611;0;T;True;1
1621251223000;14172687;1.21608;1.21614;1.21611;0;T;True;1
1621251224000;14172689;1.21608;1.21614;1.21611;1;T;True;1
1621251225000;14172690;1.21608;1.21614;1.21611;0;T;True;1
1621251226000;14172691;1.21608;1.21614;1.21611;0;T;True;1
1621251227000;14172692;1.21608;1.21614;1.21611;0;T;True;1
1621251228000;14172693;1.21608;1.21614;1.21611;0;T;True;1
1621251229000;14172695;1.21608;1.21614;1.21611;1;T;True;1
1621251230000;14172696;1.21608;1.21614;1.21611;0;T;True;1
1621251231000;14172697;1.21608;1.21614;1.21611;0;T;True;1
1621251232000;14172700;1.21607;1.21613;1.2161;2;T;True;1
1621251233000;14172701;1.21607;1.21613;1.2161;0;T;True;1
1621251234000;14172702;1.21607;1.21613;1.2161;0;T;True;1
1621251235000;14172705;1.21608;1.21614;1.21611;2;T;True;1
1621251236000;14172707;1.21608;1.21614;1.21611;1;T;True;1
1621251237000;14172711;1.21606;1.21612;1.21609;3;T;True;1
1621251238000;14172716;1.21606;1.21612;1.21609;4;T;True;1
1621251239000;14172717;1.21606;1.21612;1.21609;0;T;True;1
1621251240000;14172722;1.21606;1.21612;1.21609;4;T;True;1
1621251241000;14172726;1.21606;1.21612;1.21609;3;T;True;1
1621251242000;14172732;1.21607;1.21613;1.2161;5;T;True;1
1621251243000;14172736;1.21606;1.21612;1.21609;3;T;True;1
1621251244000;14172738;1.21606;1.21612;1.21609;1;T;True;1
1621251245000;14172743;1.21606;1.21612;1.21609;4;T;True;1
1621251246000;14172745;1.21606;1.21612;1.21609;1;T;True;1
1621251247000;14172747;1.21606;1.21612;1.21609;1;T;True;1
1621251248000;14172751;1.21606;1.21612;1.21609;3;T;True;1
1621251249000;14172759;1.21606;1.21612;1.21609;7;T;True;1
1621251250000;14172767;1.21606;1.21612;1.21609;7;T;True;1
1621251251000;14172775;1.21606;1.21612;1.21609;7;T;True;1
1621251252000;14172779;1.21606;1.21612;1.21609;3;T;True;1
1621251253000;14172784;1.21606;1.21612;1.21609;4;T;True;1
1621251254000;14172788;1.21606;1.21612;1.21609;3;T;True;1
1621251255000;14172793;1.21604;1.2161;1.21607;4;T;True;1
1621251256000;14172796;1.21604;1.2161;1.21607;2;T;True;1
1621251257000;14172797;1.21604;1.2161;1.21607;0;T;True;1
1621251258000;14172799;1.21604;1.2161;1.21607;1;T;True;1
1621251259000;14172800;1.21604;1.2161;1.21607;0;T;True;1
1621251260000;14172801;1.21604;1.2161;1.21607;0;T;True;1
1621251261000;14172802;1.21604;1.2161;1.21607;0;T;True;1
1621251262000;14172803;1.21604;1.2161;1.21607;0;T;True;1
1621251263000;14172804;1.21604;1.2161;1.21607;0;T;True;1
1621251264000;14172805;1.21604;1.2161;1.21607;0;T;True;1
1621251265000;14172810;1.21606;1.21612;1.21609;4;T;True;1
1621251266000;14172813;1.21604;1.2161;1.21607;2;T;True;1
1621251267000;14172814;1.21604;1.2161;1.21607;0;T;True;1
1621251268000;14172815;1.21604;1.2161;1.21607;0;T;True;1
1621251269000;14172816;1.21604;1.2161;1.21607;0;T;True;1
1621251270000;14172817;1.21604;1.2161;1.21607;0;T;True;1
1621251271000;14172820;1.21605;1.21611;1.21608;2;T;True;1
1621251272000;14172822;1.21606;1.21612;1.21609;1;T;True;1
1621251273000;14172824;1.21606;1.21612;1.21609;1;T;True;1
1621251274000;14172826;1.21606;1.21612;1.21609;1;T;True;1
1621251275000;14172827;1.21606;1.21612;1.21609;0;T;True;1
1621251276000;14172830;1.21606;1.21612;1.21609;2;T;True;1
1621251277000;14172831;1.21606;1.21612;1.21609;0;T;True;1
1621251278000;14172832;1.21606;1.21612;1.21609;0;T;True;1
1621251279000;14172833;1.21606;1.21612;1.21609;0;T;True;1
1621251280000;14172837;1.21608;1.21614;1.21611;3;T;True;1
1621251281000;14172838;1.21608;1.21614;1.21611;0;T;True;1
1621251282000;14172840;1.21607;1.21613;1.2161;1;T;True;1
1621251283000;14172841;1.21607;1.21613;1.2161;0;T;True;1
1621251284000;14172844;1.21607;1.21613;1.2161;2;T;True;1
1621251285000;14172847;1.21608;1.21614;1.21611;2;T;True;1
1621251286000;14172851;1.21606;1.21612;1.21609;3;T;True;1
1621251287000;14172857;1.21606;1.21612;1.21609;5;T;True;1
1621251288000;14172858;1.21606;1.21612;1.21609;0;T;True;1
1621251289000;14172859;1.21606;1.21612;1.21609;0;T;True;1
1621251290000;14172860;1.21606;1.21612;1.21609;0;T;True;1
1621251291000;14172862;1.21606;1.21612;1.21609;1;T;True;1
1621251292000;14172869;1.21605;1.21611;1.21608;6;T;True;1
1621251293000;14172877;1.21605;1.21611;1.21608;7;T;True;1
1621251294000;14172884;1.21603;1.21609;1.21606;6;T;True;1
1621251295000;14172885;1.21603;1.21609;1.21606;0;T;True;1
1621251296000;14172886;1.21603;1.21609;1.21606;0;T;True;1
1621251297000;14172889;1.21603;1.21609;1.21606;2;T;True;1
1621251298000;14172890;1.21603;1.21609;1.21606;0;T;True;1
1621251299000;14172891;1.21603;1.21609;1.21606;0;T;True;1
1621251300000;14172892;1.21603;1.21609;1.21606;0;T;True;1
1621251301000;14172896;1.21604;1.2161;1.21607;3;T;True;1
1621251302000;14172909;1.216;1.21606;1.21603;12;T;True;1
1621251303000;14172913;1.21602;1.21608;1.21605;3;T;True;1
1621251304000;14172914;1.21602;1.21608;1.21605;0;T;True;1
1621251305000;14172915;1.21602;1.21608;1.21605;0;T;True;1
1621251306000;14172916;1.21602;1.21608;1.21605;0;T;True;1
1621251307000;14172917;1.21602;1.21608;1.21605;0;T;True;1
1621251308000;14172918;1.21602;1.21608;1.21605;0;T;True;1
1621251309000;14172921;1.21602;1.21608;1.21605;2;T;True;1
1621251310000;14172929;1.21606;1.21612;1.21609;7;T;True;1
1621251311000;14172932;1.21607;1.21613;1.2161;2;T;True;1
1621251312000;14172935;1.21606;1.21612;1.21609;2;T;True;1
1621251313000;14172937;1.21607;1.21613;1.2161;1;T;True;1
1621251314000;14172939;1.21607;1.21613;1.2161;1;T;True;1
1621251315000;14172941;1.21607;1.21613;1.2161;1;T;True;1
1621251316000;14172947;1.21605;1.21611;1.21608;5;T;True;1
1621251317000;14172950;1.21605;1.21611;1.21608;2;T;True;1
1621251318000;14172952;1.21604;1.2161;1.21607;1;T;True;1
1621251319000;14172954;1.21604;1.2161;1.21607;1;T;True;1
1621251320000;14172955;1.21604;1.2161;1.21607;0;T;True;1
1621251321000;14172957;1.21604;1.2161;1.21607;1;T;True;1
1621251322000;14172958;1.21604;1.2161;1.21607;0;T;True;1
1621251323000;14172961;1.21604;1.2161;1.21607;2;T;True;1
1621251324000;14172962;1.21604;1.2161;1.21607;0;T;True;1
1621251325000;14172963;1.21604;1.2161;1.21607;0;T;True;1
1621251326000;14172964;1.21604;1.2161;1.21607;0;T;True;1
1621251327000;14172965;1.21604;1.2161;1.21607;0;T;True;1
1621251328000;14172972;1.21602;1.21608;1.21605;6;T;True;1
1621251329000;14172979;1.21602;1.21608;1.21605;6;T;True;1
1621251330000;14172988;1.21604;1.2161;1.21607;8;T;True;1
1621251331000;14172992;1.21604;1.2161;1.21607;3;T;True;1
1621251332000;14172995;1.21602;1.21608;1.21605;2;T;True;1
1621251333000;14173000;1.21604;1.2161;1.21607;4;T;True;1
1621251334000;14173005;1.21602;1.21608;1.21605;4;T;True;1
1621251335000;14173007;1.21602;1.21608;1.21605;1;T;True;1
1621251336000;14173008;1.21602;1.21608;1.21605;0;T;True;1
1621251337000;14173009;1.21602;1.21608;1.21605;0;T;True;1
1621251338000;14173011;1.21602;1.21608;1.21605;1;T;True;1
1621251339000;14173014;1.21602;1.21608;1.21605;2;T;True;1
1621251340000;14173015;1.21602;1.21608;1.21605;0;T;True;1
1621251341000;14173018;1.21602;1.21608;1.21605;2;T;True;1
1621251342000;14173020;1.21602;1.21608;1.21605;1;T;True;1
1621251343000;14173022;1.21602;1.21608;1.21605;1;T;True;1
1621251344000;14173023;1.21602;1.21608;1.21605;0;T;True;1
1621251345000;14173030;1.21602;1.21608;1.21605;6;T;True;1
1621251346000;14173034;1.21603;1.21609;1.21606;3;T;True;1
1621251347000;14173035;1.21603;1.21609;1.21606;0;T;True;1
1621251348000;14173036;1.21603;1.21609;1.21606;0;T;True;1
1621251349000;14173037;1.21603;1.21609;1.21606;0;T;True;1
1621251350000;14173046;1.21602;1.21608;1.21605;8;T;True;1
1621251351000;14173050;1.21602;1.21608;1.21605;3;T;True;1
1621251352000;14173058;1.21604;1.2161;1.21607;7;T;True;1
1621251353000;14173059;1.21604;1.2161;1.21607;0;T;True;1
1621251354000;14173060;1.21604;1.2161;1.21607;0;T;True;1
1621251355000;14173061;1.21604;1.2161;1.21607;0;T;True;1
1621251356000;14173062;1.21604;1.2161;1.21607;0;T;True;1
1621251357000;14173065;1.21604;1.2161;1.21607;2;T;True;1
1621251358000;14173068;1.21604;1.2161;1.21607;2;T;True;1
1621251359000;14173069;1.21604;1.2161;1.21607;0;T;True;1
1621251360000;14173075;1.21603;1.21609;1.21606;5;T;True;1
1621251361000;14173084;1.21602;1.21608;1.21605;8;T;True;1
1621251362000;14173089;1.21602;1.21608;1.21605;4;T;True;1
1621251363000;14173094;1.21602;1.21608;1.21605;4;T;True;1
1621251364000;14173095;1.21602;1.21608;1.21605;0;T;True;1
1621251365000;14173098;1.21602;1.21608;1.21605;2;T;True;1
1621251366000;14173099;1.21602;1.21608;1.21605;0;T;True;1
1621251367000;14173100;1.21602;1.21608;1.21605;0;T;True;1
1621251368000;14173101;1.21602;1.21608;1.21605;0;T;True;1
1621251369000;14173102;1.21602;1.21608;1.21605;0;T;True;1
1621251370000;14173114;1.21598;1.21604;1.21601;11;T;True;1
1621251371000;14173121;1.21598;1.21604;1.21601;6;T;True;1
1621251372000;14173126;1.216;1.21606;1.21603;4;T;True;1
1621251373000;14173139;1.21602;1.21608;1.21605;12;T;True;1
1621251374000;14173140;1.21602;1.21608;1.21605;0;T;True;1
1621251375000;14173142;1.21602;1.21608;1.21605;1;T;True;1
1621251376000;14173143;1.21602;1.21608;1.21605;0;T;True;1
1621251377000;14173147;1.21604;1.2161;1.21607;3;T;True;1
1621251378000;14173154;1.21604;1.2161;1.21607;6;T;True;1
1621251379000;14173157;1.21604;1.2161;1.21607;2;T;True;1
1621251380000;14173160;1.21604;1.2161;1.21607;2;T;True;1
1621251381000;14173165;1.21604;1.2161;1.21607;4;T;True;1
1621251382000;14173170;1.21604;1.2161;1.21607;4;T;True;1
1621251383000;14173173;1.21604;1.2161;1.21607;2;T;True;1
1621251384000;14173175;1.21604;1.2161;1.21607;1;T;True;1
1621251385000;14173176;1.21604;1.2161;1.21607;0;T;True;1
1621251386000;14173178;1.21604;1.2161;1.21607;1;T;True;1
1621251387000;14173190;1.21603;1.21609;1.21606;11;T;True;1
1621251388000;14173195;1.21604;1.2161;1.21607;4;T;True;1
1621251389000;14173211;1.21605;1.21611;1.21608;15;T;True;1
1621251390000;14173226;1.21605;1.21611;1.21608;14;T;True;1
1621251391000;14173231;1.21606;1.21612;1.21609;4;T;True;1
1621251392000;14173233;1.21606;1.21612;1.21609;1;T;True;1
1621251393000;14173235;1.21607;1.21613;1.2161;1;T;True;1
1621251394000;14173238;1.21607;1.21613;1.2161;2;T;True;1
1621251395000;14173239;1.21607;1.21613;1.2161;0;T;True;1
1621251396000;14173240;1.21607;1.21613;1.2161;0;T;True;1
1621251397000;14173242;1.21607;1.21613;1.2161;1;T;True;1
1621251398000;14173243;1.21607;1.21613;1.2161;0;T;True;1
1621251399000;14173244;1.21607;1.21613;1.2161;0;T;True;1
1621251400000;14173245;1.21607;1.21613;1.2161;0;T;True;1
1621251401000;14173246;1.21607;1.21613;1.2161;0;T;True;1
1621251402000;14173247;1.21607;1.21613;1.2161;0;T;True;1
1621251403000;14173249;1.21607;1.21613;1.2161;1;T;True;1
1621251404000;14173250;1.21607;1.21613;1.2161;0;T;True;1
1621251405000;14173254;1.21607;1.21613;1.2161;3;T;True;1
1621251406000;14173256;1.21607;1.21613;1.2161;1;T;True;1
1621251407000;14173257;1.21607;1.21613;1.2161;0;T;True;1
1621251408000;14173260;1.21607;1.21613;1.2161;2;T;True;1
1621251409000;14173263;1.21607;1.21613;1.2161;2;T;True;1
1621251410000;14173265;1.21607;1.21613;1.2161;1;T;True;1
1621251411000;14173270;1.21609;1.21615;1.21612;4;T;True;1
1621251412000;14173272;1.21608;1.21614;1.21611;1;T;True;1
1621251413000;14173277;1.21608;1.21614;1.21611;4;T;True;1
1621251414000;14173279;1.21608;1.21614;1.21611;1;T;True;1
1621251415000;14173281;1.21608;1.21614;1.21611;1;T;True;1
1621251416000;14173282;1.21608;1.21614;1.21611;0;T;True;1
1621251417000;14173283;1.21608;1.21614;1.21611;0;T;True;1
1621251418000;14173284;1.21608;1.21614;1.21611;0;T;True;1
1621251419000;14173290;1.21604;1.2161;1.21607;5;T;True;1
1621251420000;14173295;1.21605;1.21611;1.21608;4;T;True;1
1621251421000;14173304;1.21603;1.21609;1.21606;8;T;True;1
1621251422000;14173307;1.21603;1.21609;1.21606;2;T;True;1
1621251423000;14173311;1.21603;1.21609;1.21606;3;T;True;1
1621251424000;14173315;1.21603;1.21609;1.21606;3;T;True;1
1621251425000;14173335;1.21608;1.21614;1.21611;19;T;True;1
1621251426000;14173341;1.2161;1.21616;1.21613;5;T;True;1
1621251427000;14173347;1.21611;1.21617;1.21614;5;T;True;1
1621251428000;14173352;1.21608;1.21614;1.21611;4;T;True;1
1621251429000;14173364;1.21608;1.21614;1.21611;11;T;True;1
1621251430000;14173371;1.2161;1.21616;1.21613;6;T;True;1
1621251431000;14173374;1.2161;1.21616;1.21613;2;T;True;1
1621251432000;14173375;1.2161;1.21616;1.21613;0;T;True;1
1621251433000;14173378;1.21609;1.21615;1.21612;2;T;True;1
1621251434000;14173379;1.21609;1.21615;1.21612;0;T;True;1
1621251435000;14173380;1.21609;1.21615;1.21612;0;T;True;1
1621251436000;14173385;1.21608;1.21614;1.21611;4;T;True;1
1621251437000;14173386;1.21608;1.21614;1.21611;0;T;True;1
1621251438000;14173396;1.21609;1.21615;1.21612;9;T;True;1
1621251439000;14173398;1.21609;1.21615;1.21612;1;T;True;1
1621251440000;14173403;1.21609;1.21615;1.21612;4;T;True;1
1621251441000;14173405;1.2161;1.21616;1.21613;1;T;True;1
1621251442000;14173407;1.21609;1.21615;1.21612;1;T;True;1
1621251443000;14173412;1.21606;1.21612;1.21609;4;T;True;1
1621251444000;14173419;1.21606;1.21612;1.21609;6;T;True;1
1621251445000;14173421;1.21606;1.21612;1.21609;1;T;True;1
1621251446000;14173422;1.21606;1.21612;1.21609;0;T;True;1
1621251447000;14173423;1.21606;1.21612;1.21609;0;T;True;1
1621251448000;14173424;1.21606;1.21612;1.21609;0;T;True;1
1621251449000;14173425;1.21606;1.21612;1.21609;0;T;True;1
1621251450000;14173426;1.21606;1.21612;1.21609;0;T;True;1
1621251451000;14173427;1.21606;1.21612;1.21609;0;T;True;1
1621251452000;14173428;1.21606;1.21612;1.21609;0;T;True;1
1621251453000;14173429;1.21606;1.21612;1.21609;0;T;True;1
1621251454000;14173430;1.21606;1.21612;1.21609;0;T;True;1
1621251455000;14173431;1.21606;1.21612;1.21609;0;T;True;1
1621251456000;14173432;1.21606;1.21612;1.21609;0;T;True;1
1621251457000;14173435;1.21606;1.21612;1.21609;2;T;True;1
1621251458000;14173440;1.21606;1.21612;1.21609;4;T;True;1
1621251459000;14173442;1.21606;1.21612;1.21609;1;T;True;1
1621251460000;14173445;1.21602;1.21608;1.21605;2;T;True;1
1621251461000;14173450;1.21602;1.21608;1.21605;4;T;True;1
1621251462000;14173452;1.21601;1.21607;1.21604;1;T;True;1
1621251463000;14173453;1.21601;1.21607;1.21604;0;T;True;1
1621251464000;14173454;1.21601;1.21607;1.21604;0;T;True;1
1621251465000;14173455;1.21601;1.21607;1.21604;0;T;True;1
1621251466000;14173456;1.21601;1.21607;1.21604;0;T;True;1
1621251467000;14173458;1.21602;1.21608;1.21605;1;T;True;1
1621251468000;14173459;1.21602;1.21608;1.21605;0;T;True;1
1621251469000;14173462;1.216;1.21606;1.21603;2;T;True;1
1621251470000;14173468;1.21598;1.21604;1.21601;5;T;True;1
1621251471000;14173469;1.21598;1.21604;1.21601;0;T;True;1
1621251472000;14173470;1.21598;1.21604;1.21601;0;T;True;1
1621251473000;14173473;1.21598;1.21604;1.21601;2;T;True;1
1621251474000;14173475;1.21598;1.21604;1.21601;1;T;True;1
1621251475000;14173476;1.21598;1.21604;1.21601;0;T;True;1
1621251476000;14173478;1.21598;1.21604;1.21601;1;T;True;1
1621251477000;14173479;1.21598;1.21604;1.21601;0;T;True;1
1621251478000;14173481;1.21598;1.21604;1.21601;1;T;True;1
1621251479000;14173482;1.21598;1.21604;1.21601;0;T;True;1
1621251480000;14173483;1.21598;1.21604;1.21601;0;T;True;1
1621251481000;14173484;1.21598;1.21604;1.21601;0;T;True;1
1621251482000;14173490;1.21598;1.21604;1.21601;5;T;True;1
1621251483000;14173494;1.21598;1.21604;1.21601;3;T;True;1
1621251484000;14173496;1.21599;1.21605;1.21602;1;T;True;1
1621251485000;14173498;1.21598;1.21604;1.21601;1;T;True;1
1621251486000;14173500;1.21598;1.21604;1.21601;1;T;True;1
1621251487000;14173502;1.21598;1.21604;1.21601;1;T;True;1
1621251488000;14173505;1.21597;1.21603;1.216;2;T;True;1
1621251489000;14173508;1.21596;1.21602;1.21599;2;T;True;1
1621251490000;14173509;1.21596;1.21602;1.21599;0;T;True;1
1621251491000;14173510;1.21596;1.21602;1.21599;0;T;True;1
1621251492000;14173511;1.21596;1.21602;1.21599;0;T;True;1
1621251493000;14173513;1.21596;1.21602;1.21599;1;T;True;1
1621251494000;14173517;1.21598;1.21604;1.21601;3;T;True;1
1621251495000;14173518;1.21598;1.21604;1.21601;0;T;True;1
1621251496000;14173519;1.21598;1.21604;1.21601;0;T;True;1
1621251497000;14173520;1.21598;1.21604;1.21601;0;T;True;1
1621251498000;14173521;1.21598;1.21604;1.21601;0;T;True;1
1621251499000;14173522;1.21598;1.21604;1.21601;0;T;True;1
1621251500000;14173523;1.21598;1.21604;1.21601;0;T;True;1
1621251501000;14173525;1.21598;1.21604;1.21601;1;T;True;1
1621251502000;14173526;1.21598;1.21604;1.21601;0;T;True;1
1621251503000;14173527;1.21598;1.21604;1.21601;0;T;True;1
1621251504000;14173529;1.21599;1.21605;1.21602;1;T;True;1
1621251505000;14173530;1.21599;1.21605;1.21602;0;T;True;1
1621251506000;14173531;1.21599;1.21605;1.21602;0;T;True;1
1621251507000;14173532;1.21599;1.21605;1.21602;0;T;True;1
1621251508000;14173533;1.21599;1.21605;1.21602;0;T;True;1
1621251509000;14173534;1.21599;1.21605;1.21602;0;T;True;1
1621251510000;14173535;1.21599;1.21605;1.21602;0;T;True;1
1621251511000;14173536;1.21599;1.21605;1.21602;0;T;True;1
1621251512000;14173540;1.21599;1.21605;1.21602;3;T;True;1
1621251513000;14173541;1.21599;1.21605;1.21602;0;T;True;1
1621251514000;14173542;1.21599;1.21605;1.21602;0;T;True;1
1621251515000;14173543;1.21599;1.21605;1.21602;0;T;True;1
1621251516000;14173544;1.21599;1.21605;1.21602;0;T;True;1
1621251517000;14173549;1.21596;1.21602;1.21599;4;T;True;1
1621251518000;14173553;1.21593;1.21599;1.21596;3;T;True;1
1621251519000;14173554;1.21593;1.21599;1.21596;0;T;True;1
1621251520000;14173555;1.21593;1.21599;1.21596;0;T;True;1
1621251521000;14173556;1.21593;1.21599;1.21596;0;T;True;1
1621251522000;14173557;1.21593;1.21599;1.21596;0;T;True;1
1621251523000;14173558;1.21593;1.21599;1.21596;0;T;True;1
1621251524000;14173559;1.21593;1.21599;1.21596;0;T;True;1
1621251525000;14173560;1.21593;1.21599;1.21596;0;T;True;1
1621251526000;14173562;1.21593;1.21599;1.21596;1;T;True;1
1621251527000;14173566;1.21592;1.21598;1.21595;3;T;True;1
1621251528000;14173567;1.21592;1.21598;1.21595;0;T;True;1
1621251529000;14173568;1.21592;1.21598;1.21595;0;T;True;1
1621251530000;14173569;1.21592;1.21598;1.21595;0;T;True;1
1621251531000;14173570;1.21592;1.21598;1.21595;0;T;True;1
1621251532000;14173571;1.21592;1.21598;1.21595;0;T;True;1
1621251533000;14173572;1.21592;1.21598;1.21595;0;T;True;1
1621251534000;14173573;1.21592;1.21598;1.21595;0;T;True;1
1621251535000;14173574;1.21592;1.21598;1.21595;0;T;True;1
1621251536000;14173580;1.21592;1.21598;1.21595;5;T;True;1
1621251537000;14173582;1.21592;1.21598;1.21595;1;T;True;1
1621251538000;14173596;1.21592;1.21598;1.21595;13;T;True;1
1621251539000;14173599;1.21592;1.21598;1.21595;2;T;True;1
1621251540000;14173600;1.21592;1.21598;1.21595;0;T;True;1
1621251541000;14173601;1.21592;1.21598;1.21595;0;T;True;1
1621251542000;14173604;1.21592;1.21598;1.21595;2;T;True;1
1621251543000;14173610;1.21596;1.21602;1.21599;5;T;True;1
1621251544000;14173615;1.21596;1.21602;1.21599;4;T;True;1
1621251545000;14173617;1.21596;1.21602;1.21599;1;T;True;1
1621251546000;14173619;1.21596;1.21602;1.21599;1;T;True;1
1621251547000;14173620;1.21596;1.21602;1.21599;0;T;True;1
1621251548000;14173621;1.21596;1.21602;1.21599;0;T;True;1
1621251549000;14173622;1.21596;1.21602;1.21599;0;T;True;1
1621251550000;14173624;1.21596;1.21602;1.21599;1;T;True;1
1621251551000;14173625;1.21596;1.21602;1.21599;0;T;True;1
1621251552000;14173627;1.21596;1.21602;1.21599;1;T;True;1
1621251553000;14173628;1.21596;1.21602;1.21599;0;T;True;1
1621251554000;14173630;1.21596;1.21602;1.21599;1;T;True;1
1621251555000;14173631;1.21596;1.21602;1.21599;0;T;True;1
1621251556000;14173632;1.21596;1.21602;1.21599;0;T;True;1
1621251557000;14173636;1.21595;1.21601;1.21598;3;T;True;1
1621251558000;14173637;1.21595;1.21601;1.21598;0;T;True;1
1621251559000;14173643;1.21596;1.21602;1.21599;5;T;True;1
1621251560000;14173644;1.21596;1.21602;1.21599;0;T;True;1
1621251561000;14173651;1.21594;1.216;1.21597;6;T;True;1
1621251562000;14173654;1.21595;1.21601;1.21598;2;T;True;1
1621251563000;14173656;1.21595;1.21601;1.21598;1;T;True;1
1621251564000;14173658;1.21596;1.21602;1.21599;1;T;True;1
1621251565000;14173659;1.21596;1.21602;1.21599;0;T;True;1
1621251566000;14173660;1.21596;1.21602;1.21599;0;T;True;1
1621251567000;14173661;1.21596;1.21602;1.21599;0;T;True;1
1621251568000;14173666;1.21597;1.21603;1.216;4;T;True;1
1621251569000;14173667;1.21597;1.21603;1.216;0;T;True;1
1621251570000;14173668;1.21597;1.21603;1.216;0;T;True;1
1621251571000;14173670;1.21596;1.21602;1.21599;1;T;True;1
1621251572000;14173672;1.21596;1.21602;1.21599;1;T;True;1
1621251573000;14173673;1.21596;1.21602;1.21599;0;T;True;1
1621251574000;14173675;1.21597;1.21603;1.216;1;T;True;1
1621251575000;14173679;1.21598;1.21604;1.21601;3;T;True;1
1621251576000;14173684;1.21596;1.21602;1.21599;4;T;True;1
1621251577000;14173685;1.21596;1.21602;1.21599;0;T;True;1
1621251578000;14173687;1.21596;1.21602;1.21599;1;T;True;1
1621251579000;14173688;1.21596;1.21602;1.21599;0;T;True;1
1621251580000;14173694;1.21594;1.216;1.21597;5;T;True;1
1621251581000;14173695;1.21594;1.216;1.21597;0;T;True;1
1621251582000;14173696;1.21594;1.216;1.21597;0;T;True;1
1621251583000;14173697;1.21594;1.216;1.21597;0;T;True;1
1621251584000;14173701;1.21594;1.216;1.21597;3;T;True;1
1621251585000;14173702;1.21594;1.216;1.21597;0;T;True;1
1621251586000;14173705;1.21595;1.21601;1.21598;2;T;True;1
1621251587000;14173706;1.21595;1.21601;1.21598;0;T;True;1
1621251588000;14173708;1.21594;1.216;1.21597;1;T;True;1
1621251589000;14173712;1.21594;1.216;1.21597;3;T;True;1
1621251590000;14173716;1.21596;1.21602;1.21599;3;T;True;1
1621251591000;14173718;1.21596;1.21602;1.21599;1;T;True;1
1621251592000;14173721;1.21596;1.21602;1.21599;2;T;True;1
1621251593000;14173724;1.21595;1.21601;1.21598;2;T;True;1
1621251594000;14173725;1.21595;1.21601;1.21598;0;T;True;1
1621251595000;14173726;1.21595;1.21601;1.21598;0;T;True;1
1621251596000;14173727;1.21595;1.21601;1.21598;0;T;True;1
1621251597000;14173729;1.21594;1.216;1.21597;1;T;True;1
1621251598000;14173730;1.21594;1.216;1.21597;0;T;True;1
1621251599000;14173733;1.21594;1.216;1.21597;2;T;True;1
1621251600000;14173735;1.21594;1.216;1.21597;1;T;True;1
1621251601000;14173736;1.21594;1.216;1.21597;0;T;True;1
1621251602000;14173737;1.21594;1.216;1.21597;0;T;True;1
1621251603000;14173740;1.21596;1.21602;1.21599;2;T;True;1
1621251604000;14173743;1.21596;1.21602;1.21599;2;T;True;1
1621251605000;14173751;1.21596;1.21602;1.21599;7;T;True;1
1621251606000;14173756;1.21597;1.21603;1.216;4;T;True;1
1621251607000;14173763;1.21596;1.21602;1.21599;6;T;True;1
1621251608000;14173767;1.21596;1.21602;1.21599;3;T;True;1
1621251609000;14173770;1.21598;1.21604;1.21601;2;T;True;1
1621251610000;14173771;1.21598;1.21604;1.21601;0;T;True;1
1621251611000;14173772;1.21598;1.21604;1.21601;0;T;True;1
1621251612000;14173773;1.21598;1.21604;1.21601;0;T;True;1
1621251613000;14173774;1.21598;1.21604;1.21601;0;T;True;1
1621251614000;14173775;1.21598;1.21604;1.21601;0;T;True;1
1621251615000;14173777;1.21598;1.21604;1.21601;1;T;True;1
1621251616000;14173779;1.21596;1.21602;1.21599;1;T;True;1
1621251617000;14173780;1.21596;1.21602;1.21599;0;T;True;1
1621251618000;14173781;1.21596;1.21602;1.21599;0;T;True;1
1621251619000;14173782;1.21596;1.21602;1.21599;0;T;True;1
1621251620000;14173785;1.21596;1.21602;1.21599;2;T;True;1
1621251621000;14173789;1.21594;1.216;1.21597;3;T;True;1
1621251622000;14173790;1.21594;1.216;1.21597;0;T;True;1
1621251623000;14173791;1.21594;1.216;1.21597;0;T;True;1
1621251624000;14173792;1.21594;1.216;1.21597;0;T;True;1
1621251625000;14173794;1.21592;1.21598;1.21595;1;T;True;1
1621251626000;14173795;1.21592;1.21598;1.21595;0;T;True;1
1621251627000;14173797;1.21592;1.21598;1.21595;1;T;True;1
1621251628000;14173798;1.21592;1.21598;1.21595;0;T;True;1
1621251629000;14173799;1.21592;1.21598;1.21595;0;T;True;1
1621251630000;14173800;1.21592;1.21598;1.21595;0;T;True;1
1621251631000;14173801;1.21592;1.21598;1.21595;0;T;True;1
1621251632000;14173802;1.21592;1.21598;1.21595;0;T;True;1
1621251633000;14173803;1.21592;1.21598;1.21595;0;T;True;1
1621251634000;14173804;1.21592;1.21598;1.21595;0;T;True;1
1621251635000;14173805;1.21592;1.21598;1.21595;0;T;True;1
1621251636000;14173806;1.21592;1.21598;1.21595;0;T;True;1
1621251637000;14173807;1.21592;1.21598;1.21595;0;T;True;1
1621251638000;14173809;1.21591;1.21597;1.21594;1;T;True;1
1621251639000;14173810;1.21591;1.21597;1.21594;0;T;True;1
1621251640000;14173811;1.21591;1.21597;1.21594;0;T;True;1
1621251641000;14173816;1.21588;1.21594;1.21591;4;T;True;1
1621251642000;14173821;1.21587;1.21593;1.2159;4;T;True;1
1621251643000;14173822;1.21587;1.21593;1.2159;0;T;True;1
1621251644000;14173830;1.21583;1.21589;1.21586;7;T;True;1
1621251645000;14173834;1.21582;1.21588;1.21585;3;T;True;1
1621251646000;14173836;1.21582;1.21588;1.21585;1;T;True;1
1621251647000;14173838;1.21582;1.21588;1.21585;1;T;True;1
1621251648000;14173839;1.21582;1.21588;1.21585;0;T;True;1
1621251649000;14173843;1.2158;1.21586;1.21583;3;T;True;1
1621251650000;14173845;1.21581;1.21587;1.21584;1;T;True;1
1621251651000;14173847;1.21581;1.21587;1.21584;1;T;True;1
1621251652000;14173850;1.21582;1.21588;1.21585;2;T;True;1
1621251653000;14173854;1.21584;1.2159;1.21587;3;T;True;1
1621251654000;14173856;1.21584;1.2159;1.21587;1;T;True;1
1621251655000;14173857;1.21584;1.2159;1.21587;0;T;True;1
1621251656000;14173860;1.21584;1.2159;1.21587;2;T;True;1
1621251657000;14173862;1.21584;1.2159;1.21587;1;T;True;1
1621251658000;14173865;1.21582;1.21588;1.21585;2;T;True;1
1621251659000;14173866;1.21582;1.21588;1.21585;0;T;True;1
1621251660000;14173867;1.21582;1.21588;1.21585;0;T;True;1
1621251661000;14173868;1.21582;1.21588;1.21585;0;T;True;1
1621251662000;14173870;1.21582;1.21588;1.21585;1;T;True;1
1621251663000;14173871;1.21582;1.21588;1.21585;0;T;True;1
1621251664000;14173876;1.2158;1.21586;1.21583;4;T;True;1
1621251665000;14173878;1.2158;1.21586;1.21583;1;T;True;1
1621251666000;14173884;1.2158;1.21586;1.21583;5;T;True;1
1621251667000;14173896;1.21572;1.21578;1.21575;11;T;True;1
1621251668000;14173898;1.21571;1.21577;1.21574;1;T;True;1
1621251669000;14173900;1.21571;1.21577;1.21574;1;T;True;1
1621251670000;14173902;1.21571;1.21577;1.21574;1;T;True;1
1621251671000;14173904;1.21572;1.21578;1.21575;1;T;True;1
1621251672000;14173905;1.21572;1.21578;1.21575;0;T;True;1
1621251673000;14173921;1.21566;1.21572;1.21569;15;T;True;1
1621251674000;14173927;1.21567;1.21573;1.2157;5;T;True;1
1621251675000;14173929;1.21568;1.21574;1.21571;1;T;True;1
1621251676000;14173940;1.21572;1.21578;1.21575;10;T;True;1
1621251677000;14173947;1.21566;1.21572;1.21569;6;T;True;1
1621251678000;14173954;1.21566;1.21572;1.21569;6;T;True;1
1621251679000;14173957;1.21566;1.21572;1.21569;2;T;True;1
1621251680000;14173958;1.21566;1.21572;1.21569;0;T;True;1
1621251681000;14173959;1.21566;1.21572;1.21569;0;T;True;1
1621251682000;14173972;1.21558;1.21564;1.21561;12;T;True;1
1621251683000;14173978;1.21562;1.21568;1.21565;5;T;True;1
1621251684000;14173979;1.21562;1.21568;1.21565;0;T;True;1
1621251685000;14173981;1.21563;1.21569;1.21566;1;T;True;1
1621251686000;14173984;1.21562;1.21568;1.21565;2;T;True;1
1621251687000;14173991;1.2157;1.21576;1.21573;6;T;True;1
1621251688000;14173996;1.21567;1.21573;1.2157;4;T;True;1
1621251689000;14173997;1.21567;1.21573;1.2157;0;T;True;1
1621251690000;14173999;1.21567;1.21573;1.2157;1;T;True;1
1621251691000;14174004;1.21568;1.21574;1.21571;4;T;True;1
1621251692000;14174005;1.21568;1.21574;1.21571;0;T;True;1
1621251693000;14174006;1.21568;1.21574;1.21571;0;T;True;1
1621251694000;14174008;1.21568;1.21574;1.21571;1;T;True;1
1621251695000;14174026;1.21564;1.2157;1.21567;17;T;True;1
1621251696000;14174033;1.21566;1.21572;1.21569;6;T;True;1
1621251697000;14174039;1.21566;1.21572;1.21569;5;T;True;1
1621251698000;14174040;1.21566;1.21572;1.21569;0;T;True;1
1621251699000;14174045;1.21562;1.21568;1.21565;4;T;True;1
1621251700000;14174046;1.21562;1.21568;1.21565;0;T;True;1
1621251701000;14174047;1.21562;1.21568;1.21565;0;T;True;1
1621251702000;14174048;1.21562;1.21568;1.21565;0;T;True;1
1621251703000;14174049;1.21562;1.21568;1.21565;0;T;True;1
1621251704000;14174053;1.21562;1.21568;1.21565;3;T;True;1
1621251705000;14174054;1.21562;1.21568;1.21565;0;T;True;1
1621251706000;14174055;1.21562;1.21568;1.21565;0;T;True;1
1621251707000;14174058;1.21562;1.21568;1.21565;2;T;True;1
1621251708000;14174059;1.21562;1.21568;1.21565;0;T;True;1
1621251709000;14174061;1.21562;1.21568;1.21565;1;T;True;1
1621251710000;14174064;1.21562;1.21568;1.21565;2;T;True;1
1621251711000;14174067;1.21562;1.21568;1.21565;2;T;True;1
1621251712000;14174068;1.21562;1.21568;1.21565;0;T;True;1
1621251713000;14174069;1.21562;1.21568;1.21565;0;T;True;1
1621251714000;14174072;1.21562;1.21568;1.21565;2;T;True;1
1621251715000;14174073;1.21562;1.21568;1.21565;0;T;True;1
1621251716000;14174075;1.21562;1.21568;1.21565;1;T;True;1
1621251717000;14174076;1.21562;1.21568;1.21565;0;T;True;1
1621251718000;14174078;1.21562;1.21568;1.21565;1;T;True;1
1621251719000;14174080;1.21562;1.21568;1.21565;1;T;True;1
1621251720000;14174081;1.21562;1.21568;1.21565;0;T;True;1
1621251721000;14174084;1.21564;1.2157;1.21567;2;T;True;1
1621251722000;14174087;1.21564;1.2157;1.21567;2;T;True;1
1621251723000;14174101;1.21572;1.21578;1.21575;13;T;True;1
1621251724000;14174116;1.21576;1.21582;1.21579;14;T;True;1
1621251725000;14174117;1.21576;1.21582;1.21579;0;T;True;1
1621251726000;14174119;1.21577;1.21583;1.2158;1;T;True;1
1621251727000;14174122;1.21577;1.21583;1.2158;2;T;True;1
1621251728000;14174127;1.21578;1.21584;1.21581;4;T;True;1
1621251729000;14174128;1.21578;1.21584;1.21581;0;T;True;1
1621251730000;14174129;1.21578;1.21584;1.21581;0;T;True;1
1621251731000;14174130;1.21578;1.21584;1.21581;0;T;True;1
1621251732000;14174131;1.21578;1.21584;1.21581;0;T;True;1
1621251733000;14174134;1.21578;1.21584;1.21581;2;T;True;1
1621251734000;14174135;1.21578;1.21584;1.21581;0;T;True;1
1621251735000;14174136;1.21578;1.21584;1.21581;0;T;True;1
1621251736000;14174137;1.21578;1.21584;1.21581;0;T;True;1
1621251737000;14174140;1.21578;1.21584;1.21581;2;T;True;1
1621251738000;14174141;1.21578;1.21584;1.21581;0;T;True;1
1621251739000;14174145;1.21578;1.21584;1.21581;3;T;True;1
1621251740000;14174147;1.21578;1.21584;1.21581;1;T;True;1
1621251741000;14174150;1.21577;1.21583;1.2158;2;T;True;1
1621251742000;14174151;1.21577;1.21583;1.2158;0;T;True;1
1621251743000;14174153;1.21577;1.21583;1.2158;1;T;True;1
1621251744000;14174160;1.21574;1.2158;1.21577;6;T;True;1
1621251745000;14174163;1.21575;1.21581;1.21578;2;T;True;1
1621251746000;14174170;1.21572;1.21578;1.21575;6;T;True;1
1621251747000;14174171;1.21572;1.21578;1.21575;0;T;True;1
1621251748000;14174178;1.21572;1.21578;1.21575;6;T;True;1
1621251749000;14174185;1.21572;1.21578;1.21575;6;T;True;1
1621251750000;14174190;1.21571;1.21577;1.21574;4;T;True;1
1621251751000;14174205;1.2157;1.21576;1.21573;14;T;True;1
1621251752000;14174219;1.21566;1.21572;1.21569;13;T;True;1
1621251753000;14174222;1.21566;1.21572;1.21569;2;T;True;1
1621251754000;14174224;1.21566;1.21572;1.21569;1;T;True;1
1621251755000;14174225;1.21566;1.21572;1.21569;0;T;True;1
1621251756000;14174229;1.21566;1.21572;1.21569;3;T;True;1
1621251757000;14174230;1.21566;1.21572;1.21569;0;T;True;1
1621251758000;14174231;1.21566;1.21572;1.21569;0;T;True;1
1621251759000;14174232;1.21566;1.21572;1.21569;0;T;True;1
1621251760000;14174233;1.21566;1.21572;1.21569;0;T;True;1
1621251761000;14174234;1.21566;1.21572;1.21569;0;T;True;1
1621251762000;14174235;1.21566;1.21572;1.21569;0;T;True;1
1621251763000;14174236;1.21566;1.21572;1.21569;0;T;True;1
1621251764000;14174237;1.21566;1.21572;1.21569;0;T;True;1
1621251765000;14174238;1.21566;1.21572;1.21569;0;T;True;1
1621251766000;14174239;1.21566;1.21572;1.21569;0;T;True;1
1621251767000;14174249;1.21566;1.21572;1.21569;9;T;True;1
1621251768000;14174253;1.21567;1.21573;1.2157;3;T;True;1
1621251769000;14174257;1.21567;1.21573;1.2157;3;T;True;1
1621251770000;14174260;1.21568;1.21574;1.21571;2;T;True;1
1621251771000;14174261;1.21568;1.21574;1.21571;0;T;True;1
1621251772000;14174262;1.21568;1.21574;1.21571;0;T;True;1
1621251773000;14174263;1.21568;1.21574;1.21571;0;T;True;1
1621251774000;14174264;1.21568;1.21574;1.21571;0;T;True;1
1621251775000;14174265;1.21568;1.21574;1.21571;0;T;True;1
1621251776000;14174270;1.2157;1.21576;1.21573;4;T;True;1
1621251777000;14174271;1.2157;1.21576;1.21573;0;T;True;1
1621251778000;14174272;1.2157;1.21576;1.21573;0;T;True;1
1621251779000;14174277;1.2157;1.21576;1.21573;4;T;True;1
1621251780000;14174278;1.2157;1.21576;1.21573;0;T;True;1
1621251781000;14174279;1.2157;1.21576;1.21573;0;T;True;1
1621251782000;14174280;1.2157;1.21576;1.21573;0;T;True;1
1621251783000;14174281;1.2157;1.21576;1.21573;0;T;True;1
1621251784000;14174290;1.21567;1.21573;1.2157;8;T;True;1
1621251785000;14174296;1.21568;1.21574;1.21571;5;T;True;1
1621251786000;14174298;1.2157;1.21576;1.21573;1;T;True;1
1621251787000;14174299;1.2157;1.21576;1.21573;0;T;True;1
1621251788000;14174300;1.2157;1.21576;1.21573;0;T;True;1
1621251789000;14174301;1.2157;1.21576;1.21573;0;T;True;1
1621251790000;14174302;1.2157;1.21576;1.21573;0;T;True;1
1621251791000;14174306;1.21568;1.21574;1.21571;3;T;True;1
1621251792000;14174307;1.21568;1.21574;1.21571;0;T;True;1
1621251793000;14174308;1.21568;1.21574;1.21571;0;T;True;1
1621251794000;14174309;1.21568;1.21574;1.21571;0;T;True;1
1621251795000;14174312;1.21568;1.21574;1.21571;2;T;True;1
1621251796000;14174313;1.21568;1.21574;1.21571;0;T;True;1
1621251797000;14174315;1.21568;1.21574;1.21571;1;T;True;1
1621251798000;14174316;1.21568;1.21574;1.21571;0;T;True;1
1621251799000;14174317;1.21568;1.21574;1.21571;0;T;True;1
1621251800000;14174318;1.21568;1.21574;1.21571;0;T;True;1
1621251801000;14174326;1.2157;1.21576;1.21573;7;T;True;1
1621251802000;14174327;1.2157;1.21576;1.21573;0;T;True;1
1621251803000;14174331;1.21569;1.21575;1.21572;3;T;True;1
1621251804000;14174334;1.21569;1.21575;1.21572;2;T;True;1
1621251805000;14174335;1.21569;1.21575;1.21572;0;T;True;1
1621251806000;14174337;1.21568;1.21574;1.21571;1;T;True;1
1621251807000;14174339;1.21568;1.21574;1.21571;1;T;True;1
1621251808000;14174342;1.2157;1.21576;1.21573;2;T;True;1
1621251809000;14174345;1.21569;1.21575;1.21572;2;T;True;1
1621251810000;14174348;1.21568;1.21574;1.21571;2;T;True;1
1621251811000;14174349;1.21568;1.21574;1.21571;0;T;True;1
1621251812000;14174354;1.21568;1.21574;1.21571;4;T;True;1
1621251813000;14174356;1.21567;1.21573;1.2157;1;T;True;1
1621251814000;14174357;1.21567;1.21573;1.2157;0;T;True;1
1621251815000;14174358;1.21567;1.21573;1.2157;0;T;True;1
1621251816000;14174359;1.21567;1.21573;1.2157;0;T;True;1
1621251817000;14174360;1.21567;1.21573;1.2157;0;T;True;1
1621251818000;14174361;1.21567;1.21573;1.2157;0;T;True;1
1621251819000;14174362;1.21567;1.21573;1.2157;0;T;True;1
1621251820000;14174363;1.21567;1.21573;1.2157;0;T;True;1
1621251821000;14174368;1.21566;1.21572;1.21569;4;T;True;1
1621251822000;14174369;1.21566;1.21572;1.21569;0;T;True;1
1621251823000;14174373;1.21564;1.2157;1.21567;3;T;True;1
1621251824000;14174375;1.21564;1.2157;1.21567;1;T;True;1
1621251825000;14174376;1.21564;1.2157;1.21567;0;T;True;1
1621251826000;14174378;1.21563;1.21569;1.21566;1;T;True;1
1621251827000;14174379;1.21563;1.21569;1.21566;0;T;True;1
1621251828000;14174380;1.21563;1.21569;1.21566;0;T;True;1
1621251829000;14174385;1.21566;1.21572;1.21569;4;T;True;1
1621251830000;14174387;1.21566;1.21572;1.21569;1;T;True;1
1621251831000;14174388;1.21566;1.21572;1.21569;0;T;True;1
1621251832000;14174389;1.21566;1.21572;1.21569;0;T;True;1
1621251833000;14174394;1.2157;1.21576;1.21573;4;T;True;1
1621251834000;14174395;1.2157;1.21576;1.21573;0;T;True;1
1621251835000;14174396;1.2157;1.21576;1.21573;0;T;True;1
1621251836000;14174397;1.2157;1.21576;1.21573;0;T;True;1
1621251837000;14174398;1.2157;1.21576;1.21573;0;T;True;1
1621251838000;14174399;1.2157;1.21576;1.21573;0;T;True;1
1621251839000;14174402;1.21569;1.21575;1.21572;2;T;True;1
1621251840000;14174405;1.21568;1.21574;1.21571;2;T;True;1
1621251841000;14174413;1.21568;1.21574;1.21571;7;T;True;1
1621251842000;14174418;1.21566;1.21572;1.21569;4;T;True;1
1621251843000;14174419;1.21566;1.21572;1.21569;0;T;True;1
1621251844000;14174420;1.21566;1.21572;1.21569;0;T;True;1
1621251845000;14174424;1.21565;1.21571;1.21568;3;T;True;1
1621251846000;14174425;1.21565;1.21571;1.21568;0;T;True;1
1621251847000;14174431;1.21563;1.21569;1.21566;5;T;True;1
1621251848000;14174432;1.21563;1.21569;1.21566;0;T;True;1
1621251849000;14174433;1.21563;1.21569;1.21566;0;T;True;1
1621251850000;14174434;1.21563;1.21569;1.21566;0;T;True;1
1621251851000;14174435;1.21563;1.21569;1.21566;0;T;True;1
1621251852000;14174436;1.21563;1.21569;1.21566;0;T;True;1
1621251853000;14174437;1.21563;1.21569;1.21566;0;T;True;1
1621251854000;14174438;1.21563;1.21569;1.21566;0;T;True;1
1621251855000;14174439;1.21563;1.21569;1.21566;0;T;True;1
1621251856000;14174440;1.21563;1.21569;1.21566;0;T;True;1
1621251857000;14174441;1.21563;1.21569;1.21566;0;T;True;1
1621251858000;14174442;1.21563;1.21569;1.21566;0;T;True;1
1621251859000;14174443;1.21563;1.21569;1.21566;0;T;True;1
1621251860000;14174445;1.21562;1.21568;1.21565;1;T;True;1
1621251861000;14174446;1.21562;1.21568;1.21565;0;T;True;1
1621251862000;14174447;1.21562;1.21568;1.21565;0;T;True;1
1621251863000;14174449;1.21562;1.21568;1.21565;1;T;True;1
1621251864000;14174450;1.21562;1.21568;1.21565;0;T;True;1
1621251865000;14174451;1.21562;1.21568;1.21565;0;T;True;1
1621251866000;14174454;1.21562;1.21568;1.21565;2;T;True;1
1621251867000;14174456;1.21562;1.21568;1.21565;1;T;True;1
1621251868000;14174457;1.21562;1.21568;1.21565;0;T;True;1
1621251869000;14174458;1.21562;1.21568;1.21565;0;T;True;1
1621251870000;14174461;1.21562;1.21568;1.21565;2;T;True;1
1621251871000;14174462;1.21562;1.21568;1.21565;0;T;True;1
1621251872000;14174463;1.21562;1.21568;1.21565;0;T;True;1
1621251873000;14174464;1.21562;1.21568;1.21565;0;T;True;1
1621251874000;14174465;1.21562;1.21568;1.21565;0;T;True;1
1621251875000;14174466;1.21562;1.21568;1.21565;0;T;True;1
1621251876000;14174470;1.21562;1.21568;1.21565;3;T;True;1
1621251877000;14174471;1.21562;1.21568;1.21565;0;T;True;1
1621251878000;14174472;1.21562;1.21568;1.21565;0;T;True;1
1621251879000;14174473;1.21562;1.21568;1.21565;0;T;True;1
1621251880000;14174475;1.21562;1.21568;1.21565;1;T;True;1
1621251881000;14174476;1.21562;1.21568;1.21565;0;T;True;1
1621251882000;14174478;1.21562;1.21568;1.21565;1;T;True;1
1621251883000;14174479;1.21562;1.21568;1.21565;0;T;True;1
1621251884000;14174480;1.21562;1.21568;1.21565;0;T;True;1
1621251885000;14174481;1.21562;1.21568;1.21565;0;T;True;1
1621251886000;14174483;1.21562;1.21568;1.21565;1;T;True;1
1621251887000;14174485;1.21561;1.21567;1.21564;1;T;True;1
1621251888000;14174486;1.21561;1.21567;1.21564;0;T;True;1
1621251889000;14174488;1.21562;1.21568;1.21565;1;T;True;1
1621251890000;14174489;1.21562;1.21568;1.21565;0;T;True;1
1621251891000;14174493;1.2156;1.21566;1.21563;3;T;True;1
1621251892000;14174496;1.2156;1.21566;1.21563;2;T;True;1
1621251893000;14174501;1.21559;1.21565;1.21562;4;T;True;1
1621251894000;14174504;1.21558;1.21564;1.21561;2;T;True;1
1621251895000;14174507;1.21558;1.21564;1.21561;2;T;True;1
1621251896000;14174509;1.21558;1.21564;1.21561;1;T;True;1
1621251897000;14174512;1.21558;1.21564;1.21561;2;T;True;1
1621251898000;14174531;1.21558;1.21564;1.21561;18;T;True;1
1621251899000;14174534;1.21557;1.21563;1.2156;2;T;True;1
1621251900000;14174536;1.21557;1.21563;1.2156;1;T;True;1
1621251901000;14174545;1.21558;1.21564;1.21561;8;T;True;1
1621251902000;14174547;1.21558;1.21564;1.21561;1;T;True;1
1621251903000;14174551;1.21558;1.21564;1.21561;3;T;True;1
1621251904000;14174556;1.21555;1.21561;1.21558;4;T;True;1
1621251905000;14174557;1.21555;1.21561;1.21558;0;T;True;1
1621251906000;14174563;1.21557;1.21563;1.2156;5;T;True;1
1621251907000;14174567;1.21557;1.21563;1.2156;3;T;True;1
1621251908000;14174570;1.21558;1.21564;1.21561;2;T;True;1
1621251909000;14174573;1.21558;1.21564;1.21561;2;T;True;1
1621251910000;14174579;1.21558;1.21564;1.21561;5;T;True;1
1621251911000;14174583;1.21558;1.21564;1.21561;3;T;True;1
1621251912000;14174586;1.21558;1.21564;1.21561;2;T;True;1
1621251913000;14174588;1.21558;1.21564;1.21561;1;T;True;1
1621251914000;14174590;1.21559;1.21565;1.21562;1;T;True;1
1621251915000;14174596;1.21562;1.21568;1.21565;5;T;True;1
1621251916000;14174597;1.21562;1.21568;1.21565;0;T;True;1
1621251917000;14174599;1.21562;1.21568;1.21565;1;T;True;1
1621251918000;14174600;1.21562;1.21568;1.21565;0;T;True;1
1621251919000;14174601;1.21562;1.21568;1.21565;0;T;True;1
1621251920000;14174602;1.21562;1.21568;1.21565;0;T;True;1
1621251921000;14174603;1.21562;1.21568;1.21565;0;T;True;1
1621251922000;14174608;1.2156;1.21566;1.21563;4;T;True;1
1621251923000;14174609;1.2156;1.21566;1.21563;0;T;True;1
1621251924000;14174618;1.21562;1.21568;1.21565;8;T;True;1
1621251925000;14174620;1.21562;1.21568;1.21565;1;T;True;1
1621251926000;14174624;1.21562;1.21568;1.21565;3;T;True;1
1621251927000;14174626;1.21562;1.21568;1.21565;1;T;True;1
1621251928000;14174627;1.21562;1.21568;1.21565;0;T;True;1
1621251929000;14174636;1.21558;1.21564;1.21561;8;T;True;1
1621251930000;14174641;1.21556;1.21562;1.21559;4;T;True;1
1621251931000;14174642;1.21556;1.21562;1.21559;0;T;True;1
1621251932000;14174646;1.21554;1.2156;1.21557;3;T;True;1
1621251933000;14174648;1.21554;1.2156;1.21557;1;T;True;1
1621251934000;14174649;1.21554;1.2156;1.21557;0;T;True;1
1621251935000;14174652;1.21554;1.2156;1.21557;2;T;True;1
1621251936000;14174653;1.21554;1.2156;1.21557;0;T;True;1
1621251937000;14174654;1.21554;1.2156;1.21557;0;T;True;1
1621251938000;14174655;1.21554;1.2156;1.21557;0;T;True;1
1621251939000;14174661;1.21554;1.2156;1.21557;5;T;True;1
1621251940000;14174663;1.21554;1.2156;1.21557;1;T;True;1
1621251941000;14174664;1.21554;1.2156;1.21557;0;T;True;1
1621251942000;14174665;1.21554;1.2156;1.21557;0;T;True;1
1621251943000;14174668;1.21553;1.21559;1.21556;2;T;True;1
1621251944000;14174669;1.21553;1.21559;1.21556;0;T;True;1
1621251945000;14174671;1.21553;1.21559;1.21556;1;T;True;1
1621251946000;14174672;1.21553;1.21559;1.21556;0;T;True;1
1621251947000;14174674;1.21554;1.2156;1.21557;1;T;True;1
1621251948000;14174676;1.21552;1.21558;1.21555;1;T;True;1
1621251949000;14174677;1.21552;1.21558;1.21555;0;T;True;1
1621251950000;14174679;1.21552;1.21558;1.21555;1;T;True;1
1621251951000;14174681;1.21552;1.21558;1.21555;1;T;True;1
1621251952000;14174684;1.21552;1.21558;1.21555;2;T;True;1
1621251953000;14174689;1.21548;1.21554;1.21551;4;T;True;1
1621251954000;14174698;1.21552;1.21558;1.21555;8;T;True;1
1621251955000;14174700;1.21552;1.21558;1.21555;1;T;True;1
1621251956000;14174702;1.21552;1.21558;1.21555;1;T;True;1
1621251957000;14174710;1.21551;1.21557;1.21554;7;T;True;1
1621251958000;14174713;1.21552;1.21558;1.21555;2;T;True;1
1621251959000;14174714;1.21552;1.21558;1.21555;0;T;True;1
1621251960000;14174716;1.21552;1.21558;1.21555;1;T;True;1
1621251961000;14174718;1.21552;1.21558;1.21555;1;T;True;1
1621251962000;14174721;1.21552;1.21558;1.21555;2;T;True;1
1621251963000;14174723;1.21552;1.21558;1.21555;1;T;True;1
1621251964000;14174724;1.21552;1.21558;1.21555;0;T;True;1
1621251965000;14174725;1.21552;1.21558;1.21555;0;T;True;1
1621251966000;14174726;1.21552;1.21558;1.21555;0;T;True;1
1621251967000;14174727;1.21552;1.21558;1.21555;0;T;True;1
1621251968000;14174728;1.21552;1.21558;1.21555;0;T;True;1
1621251969000;14174734;1.2155;1.21556;1.21553;5;T;True;1
1621251970000;14174735;1.2155;1.21556;1.21553;0;T;True;1
1621251971000;14174736;1.2155;1.21556;1.21553;0;T;True;1
1621251972000;14174738;1.2155;1.21556;1.21553;1;T;True;1
1621251973000;14174745;1.21548;1.21554;1.21551;6;T;True;1
1621251974000;14174749;1.21548;1.21554;1.21551;3;T;True;1
1621251975000;14174751;1.21548;1.21554;1.21551;1;T;True;1
1621251976000;14174754;1.21547;1.21553;1.2155;2;T;True;1
1621251977000;14174756;1.21547;1.21553;1.2155;1;T;True;1
1621251978000;14174757;1.21547;1.21553;1.2155;0;T;True;1
1621251979000;14174770;1.21548;1.21554;1.21551;12;T;True;1
1621251980000;14174774;1.21547;1.21553;1.2155;3;T;True;1
1621251981000;14174776;1.21547;1.21553;1.2155;1;T;True;1
1621251982000;14174778;1.21547;1.21553;1.2155;1;T;True;1
1621251983000;14174779;1.21547;1.21553;1.2155;0;T;True;1
1621251984000;14174780;1.21547;1.21553;1.2155;0;T;True;1
1621251985000;14174784;1.21547;1.21553;1.2155;3;T;True;1
1621251986000;14174785;1.21547;1.21553;1.2155;0;T;True;1
1621251987000;14174786;1.21547;1.21553;1.2155;0;T;True;1
1621251988000;14174787;1.21547;1.21553;1.2155;0;T;True;1
1621251989000;14174788;1.21547;1.21553;1.2155;0;T;True;1
1621251990000;14174789;1.21547;1.21553;1.2155;0;T;True;1
1621251991000;14174801;1.21551;1.21557;1.21554;11;T;True;1
1621251992000;14174802;1.21551;1.21557;1.21554;0;T;True;1
1621251993000;14174804;1.2155;1.21556;1.21553;1;T;True;1
1621251994000;14174805;1.2155;1.21556;1.21553;0;T;True;1
1621251995000;14174808;1.21552;1.21558;1.21555;2;T;True;1
1621251996000;14174810;1.21552;1.21558;1.21555;1;T;True;1
1621251997000;14174816;1.21551;1.21557;1.21554;5;T;True;1
1621251998000;14174818;1.21551;1.21557;1.21554;1;T;True;1
1621251999000;14174822;1.21552;1.21558;1.21555;3;T;True;1
1621252000000;14174823;1.21552;1.21558;1.21555;0;T;True;1
1621252001000;14174826;1.21551;1.21557;1.21554;2;T;True;1
1621252002000;14174827;1.21551;1.21557;1.21554;0;T;True;1
1621252003000;14174829;1.21549;1.21555;1.21552;1;T;True;1
1621252004000;14174830;1.21549;1.21555;1.21552;0;T;True;1
1621252005000;14174833;1.2155;1.21556;1.21553;2;T;True;1
1621252006000;14174835;1.21549;1.21555;1.21552;1;T;True;1
1621252007000;14174838;1.2155;1.21556;1.21553;2;T;True;1
1621252008000;14174839;1.2155;1.21556;1.21553;0;T;True;1
1621252009000;14174840;1.2155;1.21556;1.21553;0;T;True;1
1621252010000;14174841;1.2155;1.21556;1.21553;0;T;True;1
1621252011000;14174842;1.2155;1.21556;1.21553;0;T;True;1
1621252012000;14174848;1.21554;1.2156;1.21557;5;T;True;1
1621252013000;14174850;1.21554;1.2156;1.21557;1;T;True;1
1621252014000;14174851;1.21554;1.2156;1.21557;0;T;True;1
1621252015000;14174852;1.21554;1.2156;1.21557;0;T;True;1
1621252016000;14174853;1.21554;1.2156;1.21557;0;T;True;1
1621252017000;14174854;1.21554;1.2156;1.21557;0;T;True;1
1621252018000;14174855;1.21554;1.2156;1.21557;0;T;True;1
1621252019000;14174856;1.21554;1.2156;1.21557;0;T;True;1
1621252020000;14174857;1.21554;1.2156;1.21557;0;T;True;1
1621252021000;14174858;1.21554;1.2156;1.21557;0;T;True;1
1621252022000;14174864;1.21552;1.21558;1.21555;5;T;True;1
1621252023000;14174866;1.21553;1.21559;1.21556;1;T;True;1
1621252024000;14174867;1.21553;1.21559;1.21556;0;T;True;1
1621252025000;14174868;1.21553;1.21559;1.21556;0;T;True;1
1621252026000;14174874;1.21555;1.21561;1.21558;5;T;True;1
1621252027000;14174875;1.21555;1.21561;1.21558;0;T;True;1
1621252028000;14174876;1.21555;1.21561;1.21558;0;T;True;1
1621252029000;14174881;1.21554;1.2156;1.21557;4;T;True;1
1621252030000;14174883;1.21554;1.2156;1.21557;1;T;True;1
1621252031000;14174884;1.21554;1.2156;1.21557;0;T;True;1
1621252032000;14174885;1.21554;1.2156;1.21557;0;T;True;1
1621252033000;14174886;1.21554;1.2156;1.21557;0;T;True;1
1621252034000;14174889;1.21554;1.2156;1.21557;2;T;True;1
1621252035000;14174890;1.21554;1.2156;1.21557;0;T;True;1
1621252036000;14174894;1.21554;1.2156;1.21557;3;T;True;1
1621252037000;14174896;1.21554;1.2156;1.21557;1;T;True;1
1621252038000;14174897;1.21554;1.2156;1.21557;0;T;True;1
1621252039000;14174898;1.21554;1.2156;1.21557;0;T;True;1
1621252040000;14174899;1.21554;1.2156;1.21557;0;T;True;1
1621252041000;14174903;1.21555;1.21561;1.21558;3;T;True;1
1621252042000;14174905;1.21555;1.21561;1.21558;1;T;True;1
1621252043000;14174909;1.21554;1.2156;1.21557;3;T;True;1
1621252044000;14174910;1.21554;1.2156;1.21557;0;T;True;1
1621252045000;14174917;1.21552;1.21558;1.21555;6;T;True;1
1621252046000;14174921;1.21552;1.21558;1.21555;3;T;True;1
1621252047000;14174924;1.21552;1.21558;1.21555;2;T;True;1
1621252048000;14174926;1.21552;1.21558;1.21555;1;T;True;1
1621252049000;14174927;1.21552;1.21558;1.21555;0;T;True;1
1621252050000;14174930;1.21553;1.21559;1.21556;2;T;True;1
1621252051000;14174931;1.21553;1.21559;1.21556;0;T;True;1
1621252052000;14174932;1.21553;1.21559;1.21556;0;T;True;1
1621252053000;14174933;1.21553;1.21559;1.21556;0;T;True;1
1621252054000;14174934;1.21553;1.21559;1.21556;0;T;True;1
1621252055000;14174939;1.21556;1.21562;1.21559;4;T;True;1
1621252056000;14174940;1.21556;1.21562;1.21559;0;T;True;1
1621252057000;14174946;1.21555;1.21561;1.21558;5;T;True;1
1621252058000;14174947;1.21555;1.21561;1.21558;0;T;True;1
1621252059000;14174948;1.21555;1.21561;1.21558;0;T;True;1
1621252060000;14174951;1.21556;1.21562;1.21559;2;T;True;1
1621252061000;14174956;1.21558;1.21564;1.21561;4;T;True;1
1621252062000;14174957;1.21558;1.21564;1.21561;0;T;True;1
1621252063000;14174958;1.21558;1.21564;1.21561;0;T;True;1
1621252064000;14174965;1.21563;1.21569;1.21566;6;T;True;1
1621252065000;14174968;1.21564;1.2157;1.21567;2;T;True;1
1621252066000;14174969;1.21564;1.2157;1.21567;0;T;True;1
1621252067000;14174972;1.21566;1.21572;1.21569;2;T;True;1
1621252068000;14174978;1.21572;1.21578;1.21575;5;T;True;1
1621252069000;14174980;1.21571;1.21577;1.21574;1;T;True;1
1621252070000;14174986;1.21572;1.21578;1.21575;5;T;True;1
1621252071000;14174991;1.21575;1.21581;1.21578;4;T;True;1
1621252072000;14174992;1.21575;1.21581;1.21578;0;T;True;1
1621252073000;14174999;1.21579;1.21585;1.21582;6;T;True;1
1621252074000;14175001;1.21578;1.21584;1.21581;1;T;True;1
1621252075000;14175007;1.21575;1.21581;1.21578;5;T;True;1
1621252076000;14175011;1.21576;1.21582;1.21579;3;T;True;1
1621252077000;14175012;1.21576;1.21582;1.21579;0;T;True;1
1621252078000;14175014;1.21578;1.21584;1.21581;1;T;True;1
1621252079000;14175016;1.21577;1.21583;1.2158;1;T;True;1
1621252080000;14175018;1.21577;1.21583;1.2158;1;T;True;1
1621252081000;14175022;1.21576;1.21582;1.21579;3;T;True;1
1621252082000;14175032;1.21576;1.21582;1.21579;9;T;True;1
1621252083000;14175035;1.21576;1.21582;1.21579;2;T;True;1
1621252084000;14175040;1.21578;1.21584;1.21581;4;T;True;1
1621252085000;14175046;1.2158;1.21586;1.21583;5;T;True;1
1621252086000;14175048;1.2158;1.21586;1.21583;1;T;True;1
1621252087000;14175049;1.2158;1.21586;1.21583;0;T;True;1
1621252088000;14175050;1.2158;1.21586;1.21583;0;T;True;1
1621252089000;14175051;1.2158;1.21586;1.21583;0;T;True;1
1621252090000;14175052;1.2158;1.21586;1.21583;0;T;True;1
1621252091000;14175053;1.2158;1.21586;1.21583;0;T;True;1
1621252092000;14175054;1.2158;1.21586;1.21583;0;T;True;1
1621252093000;14175055;1.2158;1.21586;1.21583;0;T;True;1
1621252094000;14175057;1.2158;1.21586;1.21583;1;T;True;1
1621252095000;14175058;1.2158;1.21586;1.21583;0;T;True;1
1621252096000;14175059;1.2158;1.21586;1.21583;0;T;True;1
1621252097000;14175060;1.2158;1.21586;1.21583;0;T;True;1
1621252098000;14175061;1.2158;1.21586;1.21583;0;T;True;1
1621252099000;14175062;1.2158;1.21586;1.21583;0;T;True;1
1621252100000;14175063;1.2158;1.21586;1.21583;0;T;True;1
1621252101000;14175069;1.21576;1.21582;1.21579;5;T;True;1
1621252102000;14175071;1.21576;1.21582;1.21579;1;T;True;1
1621252103000;14175072;1.21576;1.21582;1.21579;0;T;True;1
1621252104000;14175073;1.21576;1.21582;1.21579;0;T;True;1
1621252105000;14175075;1.21576;1.21582;1.21579;1;T;True;1
1621252106000;14175079;1.21578;1.21584;1.21581;3;T;True;1
1621252107000;14175081;1.21578;1.21584;1.21581;1;T;True;1
1621252108000;14175082;1.21578;1.21584;1.21581;0;T;True;1
1621252109000;14175083;1.21578;1.21584;1.21581;0;T;True;1
1621252110000;14175086;1.21576;1.21582;1.21579;2;T;True;1
1621252111000;14175088;1.21576;1.21582;1.21579;1;T;True;1
1621252112000;14175089;1.21576;1.21582;1.21579;0;T;True;1
1621252113000;14175090;1.21576;1.21582;1.21579;0;T;True;1
1621252114000;14175094;1.21574;1.2158;1.21577;3;T;True;1
1621252115000;14175095;1.21574;1.2158;1.21577;0;T;True;1
1621252116000;14175096;1.21574;1.2158;1.21577;0;T;True;1
1621252117000;14175100;1.21575;1.21581;1.21578;3;T;True;1
1621252118000;14175106;1.21574;1.2158;1.21577;5;T;True;1
1621252119000;14175111;1.21572;1.21578;1.21575;4;T;True;1
1621252120000;14175113;1.21571;1.21577;1.21574;1;T;True;1
1621252121000;14175116;1.2157;1.21576;1.21573;2;T;True;1
1621252122000;14175118;1.2157;1.21576;1.21573;1;T;True;1
1621252123000;14175126;1.2157;1.21576;1.21573;7;T;True;1
1621252124000;14175127;1.2157;1.21576;1.21573;0;T;True;1
1621252125000;14175131;1.21569;1.21575;1.21572;3;T;True;1
1621252126000;14175132;1.21569;1.21575;1.21572;0;T;True;1
1621252127000;14175133;1.21569;1.21575;1.21572;0;T;True;1
1621252128000;14175134;1.21569;1.21575;1.21572;0;T;True;1
1621252129000;14175135;1.21569;1.21575;1.21572;0;T;True;1
1621252130000;14175136;1.21569;1.21575;1.21572;0;T;True;1
1621252131000;14175137;1.21569;1.21575;1.21572;0;T;True;1
1621252132000;14175138;1.21569;1.21575;1.21572;0;T;True;1
1621252133000;14175139;1.21569;1.21575;1.21572;0;T;True;1
1621252134000;14175140;1.21569;1.21575;1.21572;0;T;True;1
1621252135000;14175141;1.21569;1.21575;1.21572;0;T;True;1
1621252136000;14175143;1.21568;1.21574;1.21571;1;T;True;1
1621252137000;14175144;1.21568;1.21574;1.21571;0;T;True;1
1621252138000;14175145;1.21568;1.21574;1.21571;0;T;True;1
1621252139000;14175146;1.21568;1.21574;1.21571;0;T;True;1
1621252140000;14175149;1.2157;1.21576;1.21573;2;T;True;1
1621252141000;14175154;1.21568;1.21574;1.21571;4;T;True;1
1621252142000;14175156;1.21569;1.21575;1.21572;1;T;True;1
1621252143000;14175158;1.2157;1.21576;1.21573;1;T;True;1
1621252144000;14175160;1.2157;1.21576;1.21573;1;T;True;1
1621252145000;14175161;1.2157;1.21576;1.21573;0;T;True;1
1621252146000;14175162;1.2157;1.21576;1.21573;0;T;True;1
1621252147000;14175163;1.2157;1.21576;1.21573;0;T;True;1
1621252148000;14175164;1.2157;1.21576;1.21573;0;T;True;1
1621252149000;14175165;1.2157;1.21576;1.21573;0;T;True;1
1621252150000;14175166;1.2157;1.21576;1.21573;0;T;True;1
1621252151000;14175168;1.2157;1.21576;1.21573;1;T;True;1
1621252152000;14175169;1.2157;1.21576;1.21573;0;T;True;1
1621252153000;14175170;1.2157;1.21576;1.21573;0;T;True;1
1621252154000;14175171;1.2157;1.21576;1.21573;0;T;True;1
1621252155000;14175172;1.2157;1.21576;1.21573;0;T;True;1
1621252156000;14175173;1.2157;1.21576;1.21573;0;T;True;1
1621252157000;14175176;1.2157;1.21576;1.21573;2;T;True;1
1621252158000;14175177;1.2157;1.21576;1.21573;0;T;True;1
1621252159000;14175180;1.2157;1.21576;1.21573;2;T;True;1
1621252160000;14175183;1.21568;1.21574;1.21571;2;T;True;1
1621252161000;14175191;1.21563;1.21569;1.21566;7;T;True;1
1621252162000;14175192;1.21563;1.21569;1.21566;0;T;True;1
1621252163000;14175194;1.21562;1.21568;1.21565;1;T;True;1
1621252164000;14175196;1.21562;1.21568;1.21565;1;T;True;1
1621252165000;14175197;1.21562;1.21568;1.21565;0;T;True;1
1621252166000;14175198;1.21562;1.21568;1.21565;0;T;True;1
1621252167000;14175199;1.21562;1.21568;1.21565;0;T;True;1
1621252168000;14175204;1.21562;1.21568;1.21565;4;T;True;1
1621252169000;14175205;1.21562;1.21568;1.21565;0;T;True;1
1621252170000;14175206;1.21562;1.21568;1.21565;0;T;True;1
1621252171000;14175209;1.21562;1.21568;1.21565;2;T;True;1
1621252172000;14175210;1.21562;1.21568;1.21565;0;T;True;1
1621252173000;14175213;1.21561;1.21567;1.21564;2;T;True;1
1621252174000;14175214;1.21561;1.21567;1.21564;0;T;True;1
1621252175000;14175215;1.21561;1.21567;1.21564;0;T;True;1
1621252176000;14175219;1.2156;1.21566;1.21563;3;T;True;1
1621252177000;14175220;1.2156;1.21566;1.21563;0;T;True;1
1621252178000;14175221;1.2156;1.21566;1.21563;0;T;True;1
1621252179000;14175222;1.2156;1.21566;1.21563;0;T;True;1
1621252180000;14175227;1.21558;1.21564;1.21561;4;T;True;1
1621252181000;14175229;1.21558;1.21564;1.21561;1;T;True;1
1621252182000;14175230;1.21558;1.21564;1.21561;0;T;True;1
1621252183000;14175233;1.21558;1.21564;1.21561;2;T;True;1
1621252184000;14175235;1.21558;1.21564;1.21561;1;T;True;1
1621252185000;14175236;1.21558;1.21564;1.21561;0;T;True;1
1621252186000;14175238;1.21558;1.21564;1.21561;1;T;True;1
1621252187000;14175239;1.21558;1.21564;1.21561;0;T;True;1
1621252188000;14175240;1.21558;1.21564;1.21561;0;T;True;1
1621252189000;14175244;1.21558;1.21564;1.21561;3;T;True;1
1621252190000;14175249;1.21558;1.21564;1.21561;4;T;True;1
1621252191000;14175256;1.21552;1.21558;1.21555;6;T;True;1
1621252192000;14175259;1.21552;1.21558;1.21555;2;T;True;1
1621252193000;14175261;1.21553;1.21559;1.21556;1;T;True;1
1621252194000;14175262;1.21553;1.21559;1.21556;0;T;True;1
1621252195000;14175263;1.21553;1.21559;1.21556;0;T;True;1
1621252196000;14175264;1.21553;1.21559;1.21556;0;T;True;1
1621252197000;14175265;1.21553;1.21559;1.21556;0;T;True;1
1621252198000;14175266;1.21553;1.21559;1.21556;0;T;True;1
1621252199000;14175267;1.21553;1.21559;1.21556;0;T;True;1
1621252200000;14175270;1.21552;1.21558;1.21555;2;T;True;1
1621252201000;14175272;1.21552;1.21558;1.21555;1;T;True;1
1621252202000;14175274;1.21552;1.21558;1.21555;1;T;True;1
1621252203000;14175278;1.21552;1.21558;1.21555;3;T;True;1
1621252204000;14175280;1.21552;1.21558;1.21555;1;T;True;1
1621252205000;14175281;1.21552;1.21558;1.21555;0;T;True;1
1621252206000;14175282;1.21552;1.21558;1.21555;0;T;True;1
1621252207000;14175284;1.21552;1.21558;1.21555;1;T;True;1
1621252208000;14175285;1.21552;1.21558;1.21555;0;T;True;1
1621252209000;14175286;1.21552;1.21558;1.21555;0;T;True;1
1621252210000;14175287;1.21552;1.21558;1.21555;0;T;True;1
1621252211000;14175288;1.21552;1.21558;1.21555;0;T;True;1
1621252212000;14175291;1.2155;1.21556;1.21553;2;T;True;1
1621252213000;14175292;1.2155;1.21556;1.21553;0;T;True;1
1621252214000;14175294;1.2155;1.21556;1.21553;1;T;True;1
1621252215000;14175298;1.2155;1.21556;1.21553;3;T;True;1
1621252216000;14175299;1.2155;1.21556;1.21553;0;T;True;1
1621252217000;14175303;1.21551;1.21557;1.21554;3;T;True;1
1621252218000;14175311;1.21552;1.21558;1.21555;7;T;True;1
1621252219000;14175319;1.21559;1.21565;1.21562;7;T;True;1
1621252220000;14175328;1.2156;1.21566;1.21563;8;T;True;1
1621252221000;14175334;1.21562;1.21568;1.21565;5;T;True;1
1621252222000;14175335;1.21562;1.21568;1.21565;0;T;True;1
1621252223000;14175337;1.21562;1.21568;1.21565;1;T;True;1
1621252224000;14175338;1.21562;1.21568;1.21565;0;T;True;1
1621252225000;14175339;1.21562;1.21568;1.21565;0;T;True;1
1621252226000;14175340;1.21562;1.21568;1.21565;0;T;True;1
1621252227000;14175341;1.21562;1.21568;1.21565;0;T;True;1
1621252228000;14175342;1.21562;1.21568;1.21565;0;T;True;1
1621252229000;14175343;1.21562;1.21568;1.21565;0;T;True;1
1621252230000;14175350;1.21562;1.21568;1.21565;6;T;True;1
1621252231000;14175357;1.21562;1.21568;1.21565;6;T;True;1
1621252232000;14175359;1.21562;1.21568;1.21565;1;T;True;1
1621252233000;14175362;1.21562;1.21568;1.21565;2;T;True;1
1621252234000;14175365;1.21562;1.21568;1.21565;2;T;True;1
1621252235000;14175367;1.21562;1.21568;1.21565;1;T;True;1
1621252236000;14175369;1.21562;1.21568;1.21565;1;T;True;1
1621252237000;14175370;1.21562;1.21568;1.21565;0;T;True;1
1621252238000;14175371;1.21562;1.21568;1.21565;0;T;True;1
1621252239000;14175374;1.21562;1.21568;1.21565;2;T;True;1
1621252240000;14175375;1.21562;1.21568;1.21565;0;T;True;1
1621252241000;14175376;1.21562;1.21568;1.21565;0;T;True;1
1621252242000;14175378;1.21562;1.21568;1.21565;1;T;True;1
1621252243000;14175379;1.21562;1.21568;1.21565;0;T;True;1
1621252244000;14175380;1.21562;1.21568;1.21565;0;T;True;1
1621252245000;14175381;1.21562;1.21568;1.21565;0;T;True;1
1621252246000;14175382;1.21562;1.21568;1.21565;0;T;True;1
1621252247000;14175384;1.21562;1.21568;1.21565;1;T;True;1
1621252248000;14175385;1.21562;1.21568;1.21565;0;T;True;1
1621252249000;14175386;1.21562;1.21568;1.21565;0;T;True;1
1621252250000;14175387;1.21562;1.21568;1.21565;0;T;True;1
1621252251000;14175388;1.21562;1.21568;1.21565;0;T;True;1
1621252252000;14175394;1.2156;1.21566;1.21563;5;T;True;1
1621252253000;14175395;1.2156;1.21566;1.21563;0;T;True;1
1621252254000;14175396;1.2156;1.21566;1.21563;0;T;True;1
1621252255000;14175397;1.2156;1.21566;1.21563;0;T;True;1
1621252256000;14175398;1.2156;1.21566;1.21563;0;T;True;1
1621252257000;14175399;1.2156;1.21566;1.21563;0;T;True;1
1621252258000;14175400;1.2156;1.21566;1.21563;0;T;True;1
1621252259000;14175401;1.2156;1.21566;1.21563;0;T;True;1
1621252260000;14175402;1.2156;1.21566;1.21563;0;T;True;1
1621252261000;14175403;1.2156;1.21566;1.21563;0;T;True;1
1621252262000;14175404;1.2156;1.21566;1.21563;0;T;True;1
1621252263000;14175410;1.21558;1.21564;1.21561;5;T;True;1
1621252264000;14175411;1.21558;1.21564;1.21561;0;T;True;1
1621252265000;14175419;1.21553;1.21559;1.21556;7;T;True;1
1621252266000;14175427;1.2155;1.21556;1.21553;7;T;True;1
1621252267000;14175431;1.21552;1.21558;1.21555;3;T;True;1
1621252268000;14175432;1.21552;1.21558;1.21555;0;T;True;1
1621252269000;14175434;1.21552;1.21558;1.21555;1;T;True;1
1621252270000;14175436;1.21552;1.21558;1.21555;1;T;True;1
1621252271000;14175438;1.21552;1.21558;1.21555;1;T;True;1
1621252272000;14175441;1.21552;1.21558;1.21555;2;T;True;1
1621252273000;14175442;1.21552;1.21558;1.21555;0;T;True;1
1621252274000;14175443;1.21552;1.21558;1.21555;0;T;True;1
1621252275000;14175450;1.21548;1.21554;1.21551;6;T;True;1
1621252276000;14175451;1.21548;1.21554;1.21551;0;T;True;1
1621252277000;14175459;1.21543;1.21549;1.21546;7;T;True;1
1621252278000;14175461;1.21543;1.21549;1.21546;1;T;True;1
1621252279000;14175474;1.21542;1.21548;1.21545;12;T;True;1
1621252280000;14175476;1.21542;1.21548;1.21545;1;T;True;1
1621252281000;14175478;1.21542;1.21548;1.21545;1;T;True;1
1621252282000;14175484;1.2154;1.21546;1.21543;5;T;True;1
1621252283000;14175485;1.2154;1.21546;1.21543;0;T;True;1
1621252284000;14175490;1.21539;1.21545;1.21542;4;T;True;1
1621252285000;14175494;1.21539;1.21545;1.21542;3;T;True;1
1621252286000;14175497;1.2154;1.21546;1.21543;2;T;True;1
1621252287000;14175500;1.2154;1.21546;1.21543;2;T;True;1
1621252288000;14175501;1.2154;1.21546;1.21543;0;T;True;1
1621252289000;14175502;1.2154;1.21546;1.21543;0;T;True;1
1621252290000;14175509;1.21536;1.21542;1.21539;6;T;True;1
1621252291000;14175513;1.21534;1.2154;1.21537;3;T;True;1
1621252292000;14175514;1.21534;1.2154;1.21537;0;T;True;1
1621252293000;14175515;1.21534;1.2154;1.21537;0;T;True;1
1621252294000;14175519;1.21535;1.21541;1.21538;3;T;True;1
1621252295000;14175520;1.21535;1.21541;1.21538;0;T;True;1
1621252296000;14175521;1.21535;1.21541;1.21538;0;T;True;1
1621252297000;14175522;1.21535;1.21541;1.21538;0;T;True;1
1621252298000;14175524;1.21534;1.2154;1.21537;1;T;True;1
1621252299000;14175529;1.21532;1.21538;1.21535;4;T;True;1
1621252300000;14175531;1.21532;1.21538;1.21535;1;T;True;1
1621252301000;14175540;1.21535;1.21541;1.21538;8;T;True;1
1621252302000;14175545;1.21536;1.21542;1.21539;4;T;True;1
1621252303000;14175549;1.21534;1.2154;1.21537;3;T;True;1
1621252304000;14175550;1.21534;1.2154;1.21537;0;T;True;1
1621252305000;14175552;1.21534;1.2154;1.21537;1;T;True;1
1621252306000;14175555;1.21533;1.21539;1.21536;2;T;True;1
1621252307000;14175556;1.21533;1.21539;1.21536;0;T;True;1
1621252308000;14175557;1.21533;1.21539;1.21536;0;T;True;1
1621252309000;14175559;1.21534;1.2154;1.21537;1;T;True;1
1621252310000;14175561;1.21533;1.21539;1.21536;1;T;True;1
1621252311000;14175562;1.21533;1.21539;1.21536;0;T;True;1
1621252312000;14175563;1.21533;1.21539;1.21536;0;T;True;1
1621252313000;14175564;1.21533;1.21539;1.21536;0;T;True;1
1621252314000;14175567;1.21533;1.21539;1.21536;2;T;True;1
1621252315000;14175569;1.21533;1.21539;1.21536;1;T;True;1
1621252316000;14175570;1.21533;1.21539;1.21536;0;T;True;1
1621252317000;14175574;1.21533;1.21539;1.21536;3;T;True;1
1621252318000;14175577;1.21533;1.21539;1.21536;2;T;True;1
1621252319000;14175583;1.2153;1.21536;1.21533;5;T;True;1
1621252320000;14175590;1.21527;1.21533;1.2153;6;T;True;1
1621252321000;14175593;1.21528;1.21534;1.21531;2;T;True;1
1621252322000;14175595;1.21527;1.21533;1.2153;1;T;True;1
1621252323000;14175599;1.21528;1.21534;1.21531;3;T;True;1
1621252324000;14175602;1.21528;1.21534;1.21531;2;T;True;1
1621252325000;14175613;1.21531;1.21537;1.21534;10;T;True;1
1621252326000;14175617;1.21533;1.21539;1.21536;3;T;True;1
1621252327000;14175619;1.21533;1.21539;1.21536;1;T;True;1
1621252328000;14175620;1.21533;1.21539;1.21536;0;T;True;1
1621252329000;14175626;1.21536;1.21542;1.21539;5;T;True;1
1621252330000;14175630;1.21536;1.21542;1.21539;3;T;True;1
1621252331000;14175631;1.21536;1.21542;1.21539;0;T;True;1
1621252332000;14175632;1.21536;1.21542;1.21539;0;T;True;1
1621252333000;14175638;1.21541;1.21547;1.21544;5;T;True;1
1621252334000;14175639;1.21541;1.21547;1.21544;0;T;True;1
1621252335000;14175640;1.21541;1.21547;1.21544;0;T;True;1
1621252336000;14175648;1.21537;1.21543;1.2154;7;T;True;1
1621252337000;14175655;1.21536;1.21542;1.21539;6;T;True;1
1621252338000;14175660;1.21536;1.21542;1.21539;4;T;True;1
1621252339000;14175665;1.21533;1.21539;1.21536;4;T;True;1
1621252340000;14175668;1.21533;1.21539;1.21536;2;T;True;1
1621252341000;14175674;1.21532;1.21538;1.21535;5;T;True;1
1621252342000;14175677;1.21533;1.21539;1.21536;2;T;True;1
1621252343000;14175680;1.21533;1.21539;1.21536;2;T;True;1
1621252344000;14175683;1.21533;1.21539;1.21536;2;T;True;1
1621252345000;14175684;1.21533;1.21539;1.21536;0;T;True;1
1621252346000;14175692;1.21527;1.21533;1.2153;7;T;True;1
1621252347000;14175700;1.21528;1.21534;1.21531;7;T;True;1
1621252348000;14175708;1.21526;1.21532;1.21529;7;T;True;1
1621252349000;14175716;1.21524;1.2153;1.21527;7;T;True;1
1621252350000;14175717;1.21524;1.2153;1.21527;0;T;True;1
1621252351000;14175724;1.21524;1.2153;1.21527;6;T;True;1
1621252352000;14175726;1.21524;1.2153;1.21527;1;T;True;1
1621252353000;14175729;1.21522;1.21528;1.21525;2;T;True;1
1621252354000;14175737;1.21523;1.21529;1.21526;7;T;True;1
1621252355000;14175741;1.21521;1.21527;1.21524;3;T;True;1
1621252356000;14175749;1.21522;1.21528;1.21525;7;T;True;1
1621252357000;14175750;1.21522;1.21528;1.21525;0;T;True;1
1621252358000;14175751;1.21522;1.21528;1.21525;0;T;True;1
1621252359000;14175752;1.21522;1.21528;1.21525;0;T;True;1
1621252360000;14175753;1.21522;1.21528;1.21525;0;T;True;1
1621252361000;14175759;1.21522;1.21528;1.21525;5;T;True;1
1621252362000;14175761;1.21522;1.21528;1.21525;1;T;True;1
1621252363000;14175763;1.21522;1.21528;1.21525;1;T;True;1
1621252364000;14175764;1.21522;1.21528;1.21525;0;T;True;1
1621252365000;14175766;1.21522;1.21528;1.21525;1;T;True;1
1621252366000;14175771;1.21518;1.21524;1.21521;4;T;True;1
1621252367000;14175773;1.21518;1.21524;1.21521;1;T;True;1
1621252368000;14175775;1.21517;1.21523;1.2152;1;T;True;1
1621252369000;14175779;1.21516;1.21522;1.21519;3;T;True;1
1621252370000;14175791;1.21512;1.21518;1.21515;11;T;True;1
1621252371000;14175794;1.21513;1.21519;1.21516;2;T;True;1
1621252372000;14175802;1.21519;1.21525;1.21522;7;T;True;1
1621252373000;14175809;1.21518;1.21524;1.21521;6;T;True;1
1621252374000;14175812;1.21518;1.21524;1.21521;2;T;True;1
1621252375000;14175816;1.21519;1.21525;1.21522;3;T;True;1
1621252376000;14175817;1.21519;1.21525;1.21522;0;T;True;1
1621252377000;14175822;1.21521;1.21527;1.21524;4;T;True;1
1621252378000;14175830;1.21516;1.21522;1.21519;7;T;True;1
1621252379000;14175832;1.21516;1.21522;1.21519;1;T;True;1
1621252380000;14175838;1.21517;1.21523;1.2152;5;T;True;1
1621252381000;14175857;1.21514;1.2152;1.21517;18;T;True;1
1621252382000;14175865;1.21516;1.21522;1.21519;7;T;True;1
1621252383000;14175868;1.21516;1.21522;1.21519;2;T;True;1
1621252384000;14175870;1.21516;1.21522;1.21519;1;T;True;1
1621252385000;14175873;1.21516;1.21522;1.21519;2;T;True;1
1621252386000;14175877;1.21515;1.21521;1.21518;3;T;True;1
1621252387000;14175878;1.21515;1.21521;1.21518;0;T;True;1
1621252388000;14175880;1.21515;1.21521;1.21518;1;T;True;1
1621252389000;14175882;1.21514;1.2152;1.21517;1;T;True;1
1621252390000;14175883;1.21514;1.2152;1.21517;0;T;True;1
1621252391000;14175887;1.21515;1.21521;1.21518;3;T;True;1
1621252392000;14175888;1.21515;1.21521;1.21518;0;T;True;1
1621252393000;14175890;1.21514;1.2152;1.21517;1;T;True;1
1621252394000;14175893;1.21516;1.21522;1.21519;2;T;True;1
1621252395000;14175895;1.21515;1.21521;1.21518;1;T;True;1
1621252396000;14175896;1.21515;1.21521;1.21518;0;T;True;1
1621252397000;14175900;1.21514;1.2152;1.21517;3;T;True;1
1621252398000;14175906;1.21518;1.21524;1.21521;5;T;True;1
1621252399000;14175907;1.21518;1.21524;1.21521;0;T;True;1
1621252400000;14175908;1.21518;1.21524;1.21521;0;T;True;1
1621252401000;14175911;1.21518;1.21524;1.21521;2;T;True;1
1621252402000;14175912;1.21518;1.21524;1.21521;0;T;True;1
1621252403000;14175913;1.21518;1.21524;1.21521;0;T;True;1
1621252404000;14175918;1.21522;1.21528;1.21525;4;T;True;1
1621252405000;14175921;1.21521;1.21527;1.21524;2;T;True;1
1621252406000;14175922;1.21521;1.21527;1.21524;0;T;True;1
1621252407000;14175923;1.21521;1.21527;1.21524;0;T;True;1
1621252408000;14175924;1.21521;1.21527;1.21524;0;T;True;1
1621252409000;14175925;1.21521;1.21527;1.21524;0;T;True;1
1621252410000;14175926;1.21521;1.21527;1.21524;0;T;True;1
1621252411000;14175931;1.21522;1.21528;1.21525;4;T;True;1
1621252412000;14175932;1.21522;1.21528;1.21525;0;T;True;1
1621252413000;14175934;1.21521;1.21527;1.21524;1;T;True;1
1621252414000;14175935;1.21521;1.21527;1.21524;0;T;True;1
1621252415000;14175937;1.21522;1.21528;1.21525;1;T;True;1
1621252416000;14175941;1.21522;1.21528;1.21525;3;T;True;1
1621252417000;14175942;1.21522;1.21528;1.21525;0;T;True;1
1621252418000;14175943;1.21522;1.21528;1.21525;0;T;True;1
1621252419000;14175948;1.21521;1.21527;1.21524;4;T;True;1
1621252420000;14175950;1.2152;1.21526;1.21523;1;T;True;1
1621252421000;14175955;1.21518;1.21524;1.21521;4;T;True;1
1621252422000;14175959;1.21519;1.21525;1.21522;3;T;True;1
1621252423000;14175962;1.21519;1.21525;1.21522;2;T;True;1
1621252424000;14175963;1.21519;1.21525;1.21522;0;T;True;1
1621252425000;14175969;1.2152;1.21526;1.21523;5;T;True;1
1621252426000;14175971;1.2152;1.21526;1.21523;1;T;True;1
1621252427000;14175979;1.21523;1.21529;1.21526;7;T;True;1
1621252428000;14175981;1.21523;1.21529;1.21526;1;T;True;1
1621252429000;14175984;1.21522;1.21528;1.21525;2;T;True;1
1621252430000;14175988;1.21523;1.21529;1.21526;3;T;True;1
1621252431000;14175991;1.21523;1.21529;1.21526;2;T;True;1
1621252432000;14175996;1.21522;1.21528;1.21525;4;T;True;1
1621252433000;14175997;1.21522;1.21528;1.21525;0;T;True;1
1621252434000;14176000;1.21524;1.2153;1.21527;2;T;True;1
1621252435000;14176004;1.21522;1.21528;1.21525;3;T;True;1
1621252436000;14176010;1.21522;1.21528;1.21525;5;T;True;1
1621252437000;14176015;1.21524;1.2153;1.21527;4;T;True;1
1621252438000;14176019;1.21525;1.21531;1.21528;3;T;True;1
1621252439000;14176022;1.21525;1.21531;1.21528;2;T;True;1
1621252440000;14176026;1.21526;1.21532;1.21529;3;T;True;1
1621252441000;14176027;1.21526;1.21532;1.21529;0;T;True;1
1621252442000;14176032;1.21526;1.21532;1.21529;4;T;True;1
1621252443000;14176033;1.21526;1.21532;1.21529;0;T;True;1
1621252444000;14176041;1.21527;1.21533;1.2153;7;T;True;1
1621252445000;14176045;1.21527;1.21533;1.2153;3;T;True;1
1621252446000;14176050;1.21529;1.21535;1.21532;4;T;True;1
1621252447000;14176058;1.21534;1.2154;1.21537;7;T;True;1
1621252448000;14176059;1.21534;1.2154;1.21537;0;T;True;1
1621252449000;14176060;1.21534;1.2154;1.21537;0;T;True;1
1621252450000;14176061;1.21534;1.2154;1.21537;0;T;True;1
1621252451000;14176063;1.21533;1.21539;1.21536;1;T;True;1
1621252452000;14176075;1.21526;1.21532;1.21529;11;T;True;1
1621252453000;14176080;1.21526;1.21532;1.21529;4;T;True;1
1621252454000;14176083;1.21528;1.21534;1.21531;2;T;True;1
1621252455000;14176088;1.21527;1.21533;1.2153;4;T;True;1
1621252456000;14176090;1.21527;1.21533;1.2153;1;T;True;1
1621252457000;14176095;1.21526;1.21532;1.21529;4;T;True;1
1621252458000;14176096;1.21526;1.21532;1.21529;0;T;True;1
1621252459000;14176098;1.21526;1.21532;1.21529;1;T;True;1
1621252460000;14176099;1.21526;1.21532;1.21529;0;T;True;1
1621252461000;14176100;1.21526;1.21532;1.21529;0;T;True;1
1621252462000;14176104;1.21525;1.21531;1.21528;3;T;True;1
1621252463000;14176105;1.21525;1.21531;1.21528;0;T;True;1
1621252464000;14176107;1.21524;1.2153;1.21527;1;T;True;1
1621252465000;14176116;1.21524;1.2153;1.21527;8;T;True;1
1621252466000;14176118;1.21524;1.2153;1.21527;1;T;True;1
1621252467000;14176125;1.21526;1.21532;1.21529;6;T;True;1
1621252468000;14176126;1.21526;1.21532;1.21529;0;T;True;1
1621252469000;14176130;1.21525;1.21531;1.21528;3;T;True;1
1621252470000;14176133;1.21524;1.2153;1.21527;2;T;True;1
1621252471000;14176134;1.21524;1.2153;1.21527;0;T;True;1
1621252472000;14176135;1.21524;1.2153;1.21527;0;T;True;1
1621252473000;14176141;1.21528;1.21534;1.21531;5;T;True;1
1621252474000;14176142;1.21528;1.21534;1.21531;0;T;True;1
1621252475000;14176143;1.21528;1.21534;1.21531;0;T;True;1
1621252476000;14176147;1.21528;1.21534;1.21531;3;T;True;1
1621252477000;14176150;1.2153;1.21536;1.21533;2;T;True;1
1621252478000;14176153;1.2153;1.21536;1.21533;2;T;True;1
1621252479000;14176159;1.2153;1.21536;1.21533;5;T;True;1
1621252480000;14176162;1.2153;1.21536;1.21533;2;T;True;1
1621252481000;14176164;1.21528;1.21534;1.21531;1;T;True;1
1621252482000;14176173;1.21514;1.2152;1.21517;8;T;True;1
1621252483000;14176180;1.21517;1.21523;1.2152;6;T;True;1
1621252484000;14176181;1.21517;1.21523;1.2152;0;T;True;1
1621252485000;14176182;1.21517;1.21523;1.2152;0;T;True;1
1621252486000;14176188;1.21519;1.21525;1.21522;5;T;True;1
1621252487000;14176193;1.21517;1.21523;1.2152;4;T;True;1
1621252488000;14176194;1.21517;1.21523;1.2152;0;T;True;1
1621252489000;14176199;1.21518;1.21524;1.21521;4;T;True;1
1621252490000;14176200;1.21518;1.21524;1.21521;0;T;True;1
1621252491000;14176203;1.21518;1.21524;1.21521;2;T;True;1
1621252492000;14176208;1.21519;1.21525;1.21522;4;T;True;1
1621252493000;14176212;1.21518;1.21524;1.21521;3;T;True;1
1621252494000;14176213;1.21518;1.21524;1.21521;0;T;True;1
1621252495000;14176214;1.21518;1.21524;1.21521;0;T;True;1
1621252496000;14176215;1.21518;1.21524;1.21521;0;T;True;1
1621252497000;14176217;1.21518;1.21524;1.21521;1;T;True;1
1621252498000;14176218;1.21518;1.21524;1.21521;0;T;True;1
1621252499000;14176219;1.21518;1.21524;1.21521;0;T;True;1
1621252500000;14176220;1.21518;1.21524;1.21521;0;T;True;1
1621252501000;14176230;1.21515;1.21521;1.21518;9;T;True;1
1621252502000;14176237;1.21512;1.21518;1.21515;6;T;True;1
1621252503000;14176243;1.21512;1.21518;1.21515;5;T;True;1
1621252504000;14176244;1.21512;1.21518;1.21515;0;T;True;1
1621252505000;14176258;1.21502;1.21508;1.21505;13;T;True;1
1621252506000;14176263;1.21502;1.21508;1.21505;4;T;True;1
1621252507000;14176265;1.21502;1.21508;1.21505;1;T;True;1
1621252508000;14176272;1.21505;1.21511;1.21508;6;T;True;1
1621252509000;14176277;1.21504;1.2151;1.21507;4;T;True;1
1621252510000;14176278;1.21504;1.2151;1.21507;0;T;True;1
1621252511000;14176282;1.21504;1.2151;1.21507;3;T;True;1
1621252512000;14176289;1.21504;1.2151;1.21507;6;T;True;1
1621252513000;14176290;1.21504;1.2151;1.21507;0;T;True;1
1621252514000;14176292;1.21502;1.21508;1.21505;1;T;True;1
1621252515000;14176295;1.21504;1.2151;1.21507;2;T;True;1
1621252516000;14176300;1.21504;1.2151;1.21507;4;T;True;1
1621252517000;14176302;1.21504;1.2151;1.21507;1;T;True;1
1621252518000;14176304;1.21503;1.21509;1.21506;1;T;True;1
1621252519000;14176309;1.21504;1.2151;1.21507;4;T;True;1
1621252520000;14176313;1.21504;1.2151;1.21507;3;T;True;1
1621252521000;14176314;1.21504;1.2151;1.21507;0;T;True;1
1621252522000;14176321;1.21502;1.21508;1.21505;6;T;True;1
1621252523000;14176325;1.21504;1.2151;1.21507;3;T;True;1
1621252524000;14176329;1.21506;1.21512;1.21509;3;T;True;1
1621252525000;14176331;1.21505;1.21511;1.21508;1;T;True;1
1621252526000;14176332;1.21505;1.21511;1.21508;0;T;True;1
1621252527000;14176333;1.21505;1.21511;1.21508;0;T;True;1
1621252528000;14176339;1.21504;1.2151;1.21507;5;T;True;1
1621252529000;14176342;1.21504;1.2151;1.21507;2;T;True;1
1621252530000;14176344;1.21504;1.2151;1.21507;1;T;True;1
1621252531000;14176350;1.21505;1.21511;1.21508;5;T;True;1
1621252532000;14176356;1.21505;1.21511;1.21508;5;T;True;1
1621252533000;14176359;1.21504;1.2151;1.21507;2;T;True;1
1621252534000;14176362;1.21503;1.21509;1.21506;2;T;True;1
1621252535000;14176370;1.21506;1.21512;1.21509;7;T;True;1
1621252536000;14176373;1.21504;1.2151;1.21507;2;T;True;1
1621252537000;14176376;1.21506;1.21512;1.21509;2;T;True;1
1621252538000;14176377;1.21506;1.21512;1.21509;0;T;True;1
1621252539000;14176387;1.2151;1.21516;1.21513;9;T;True;1
1621252540000;14176389;1.21511;1.21517;1.21514;1;T;True;1
1621252541000;14176391;1.21511;1.21517;1.21514;1;T;True;1
1621252542000;14176396;1.2151;1.21516;1.21513;4;T;True;1
1621252543000;14176407;1.21505;1.21511;1.21508;10;T;True;1
1621252544000;14176410;1.21506;1.21512;1.21509;2;T;True;1
1621252545000;14176416;1.21508;1.21514;1.21511;5;T;True;1
1621252546000;14176417;1.21508;1.21514;1.21511;0;T;True;1
1621252547000;14176419;1.21508;1.21514;1.21511;1;T;True;1
1621252548000;14176423;1.21508;1.21514;1.21511;3;T;True;1
1621252549000;14176434;1.21508;1.21514;1.21511;10;T;True;1
1621252550000;14176435;1.21508;1.21514;1.21511;0;T;True;1
1621252551000;14176436;1.21508;1.21514;1.21511;0;T;True;1
1621252552000;14176439;1.21506;1.21512;1.21509;2;T;True;1
1621252553000;14176441;1.21505;1.21511;1.21508;1;T;True;1
1621252554000;14176447;1.21505;1.21511;1.21508;5;T;True;1
1621252555000;14176454;1.21505;1.21511;1.21508;6;T;True;1
1621252556000;14176455;1.21505;1.21511;1.21508;0;T;True;1
1621252557000;14176456;1.21505;1.21511;1.21508;0;T;True;1
1621252558000;14176466;1.21506;1.21512;1.21509;9;T;True;1
1621252559000;14176468;1.21506;1.21512;1.21509;1;T;True;1
1621252560000;14176471;1.21506;1.21512;1.21509;2;T;True;1
1621252561000;14176476;1.21507;1.21513;1.2151;4;T;True;1
1621252562000;14176478;1.21508;1.21514;1.21511;1;T;True;1
1621252563000;14176479;1.21508;1.21514;1.21511;0;T;True;1
1621252564000;14176480;1.21508;1.21514;1.21511;0;T;True;1
1621252565000;14176481;1.21508;1.21514;1.21511;0;T;True;1
1621252566000;14176482;1.21508;1.21514;1.21511;0;T;True;1
1621252567000;14176486;1.21508;1.21514;1.21511;3;T;True;1
1621252568000;14176487;1.21508;1.21514;1.21511;0;T;True;1
1621252569000;14176494;1.21504;1.2151;1.21507;6;T;True;1
1621252570000;14176496;1.21504;1.2151;1.21507;1;T;True;1
1621252571000;14176506;1.21499;1.21505;1.21502;9;T;True;1
1621252572000;14176507;1.21499;1.21505;1.21502;0;T;True;1
1621252573000;14176512;1.215;1.21506;1.21503;4;T;True;1
1621252574000;14176513;1.215;1.21506;1.21503;0;T;True;1
1621252575000;14176514;1.215;1.21506;1.21503;0;T;True;1
1621252576000;14176516;1.21499;1.21505;1.21502;1;T;True;1
1621252577000;14176518;1.21499;1.21505;1.21502;1;T;True;1
1621252578000;14176522;1.215;1.21506;1.21503;3;T;True;1
1621252579000;14176528;1.215;1.21506;1.21503;5;T;True;1
1621252580000;14176530;1.215;1.21506;1.21503;1;T;True;1
1621252581000;14176531;1.215;1.21506;1.21503;0;T;True;1
1621252582000;14176532;1.215;1.21506;1.21503;0;T;True;1
1621252583000;14176535;1.21498;1.21504;1.21501;2;T;True;1
1621252584000;14176536;1.21498;1.21504;1.21501;0;T;True;1
1621252585000;14176544;1.21498;1.21504;1.21501;7;T;True;1
1621252586000;14176546;1.21498;1.21504;1.21501;1;T;True;1
1621252587000;14176550;1.21498;1.21504;1.21501;3;T;True;1
1621252588000;14176552;1.21498;1.21504;1.21501;1;T;True;1
1621252589000;14176554;1.21498;1.21504;1.21501;1;T;True;1
1621252590000;14176556;1.21498;1.21504;1.21501;1;T;True;1
1621252591000;14176560;1.21498;1.21504;1.21501;3;T;True;1
1621252592000;14176562;1.21498;1.21504;1.21501;1;T;True;1
