ts;n;bid;ask;value;volume;phase;round;active_id
1621222062000;14104601;1.2136;1.21366;1.21363;5;T;True;1
1621222063000;14104607;1.2136;1.21366;1.21363;5;T;True;1
1621222064000;14104608;1.2136;1.21366;1.21363;0;T;True;1
1621222065000;14104609;1.2136;1.21366;1.21363;0;T;True;1
1621222066000;14104610;1.2136;1.21366;1.21363;0;T;True;1
1621222067000;14104613;1.21362;1.21368;1.21365;2;T;True;1
1621222068000;14104614;1.21362;1.21368;1.21365;0;T;True;1
1621222069000;14104616;1.21362;1.21368;1.21365;1;T;True;1
1621222070000;14104617;1.21362;1.21368;1.21365;0;T;True;1
1621222071000;14104619;1.21362;1.21368;1.21365;1;T;True;1
1621222072000;14104620;1.21362;1.21368;1.21365;0;T;True;1
1621222073000;14104621;1.21362;1.21368;1.21365;0;T;True;1
1621222074000;14104622;1.21362;1.21368;1.21365;0;T;True;1
1621222075000;14104623;1.21362;1.21368;1.21365;0;T;True;1
1621222076000;14104625;1.21362;1.21368;1.21365;1;T;True;1
1621222077000;14104626;1.21362;1.21368;1.21365;0;T;True;1
1621222078000;14104628;1.21363;1.21369;1.21366;1;T;True;1
1621222079000;14104630;1.21364;1.2137;1.21367;1;T;True;1
1621222080000;14104631;1.21364;1.2137;1.21367;0;T;True;1
1621222081000;14104632;1.21364;1.2137;1.21367;0;T;True;1
1621222082000;14104633;1.21364;1.2137;1.21367;0;T;True;1
1621222083000;14104634;1.21364;1.2137;1.21367;0;T;True;1
1621222084000;14104635;1.21364;1.2137;1.21367;0;T;True;1
1621222085000;14104636;1.21364;1.2137;1.21367;0;T;True;1
1621222086000;14104637;1.21364;1.2137;1.21367;0;T;True;1
1621222087000;14104638;1.21364;1.2137;1.21367;0;T;True;1
1621222088000;14104639;1.21364;1.2137;1.21367;0;T;True;1
1621222089000;14104641;1.21363;1.21369;1.21366;1;T;True;1
1621222090000;14104642;1.21363;1.21369;1.21366;0;T;True;1
1621222091000;14104643;1.21363;1.21369;1.21366;0;T;True;1
1621222092000;14104644;1.21363;1.21369;1.21366;0;T;True;1
1621222093000;14104646;1.21362;1.21368;1.21365;1;T;True;1
1621222094000;14104647;1.21362;1.21368;1.21365;0;T;True;1
1621222095000;14104648;1.21362;1.21368;1.21365;0;T;True;1
1621222096000;14104649;1.21362;1.21368;1.21365;0;T;True;1
1621222097000;14104650;1.21362;1.21368;1.21365;0;T;True;1
1621222098000;14104651;1.21362;1.21368;1.21365;0;T;True;1
1621222099000;14104652;1.21362;1.21368;1.21365;0;T;True;1
1621222100000;14104653;1.21362;1.21368;1.21365;0;T;True;1
1621222101000;14104654;1.21362;1.21368;1.21365;0;T;True;1
1621222102000;14104655;1.21362;1.21368;1.21365;0;T;True;1
1621222103000;14104656;1.21362;1.21368;1.21365;0;T;True;1
1621222104000;14104658;1.21363;1.21369;1.21366;1;T;True;1
1621222105000;14104662;1.21362;1.21368;1.21365;3;T;True;1
1621222106000;14104663;1.21362;1.21368;1.21365;0;T;True;1
1621222107000;14104665;1.21362;1.21368;1.21365;1;T;True;1
1621222108000;14104666;1.21362;1.21368;1.21365;0;T;True;1
1621222109000;14104667;1.21362;1.21368;1.21365;0;T;True;1
1621222110000;14104668;1.21362;1.21368;1.21365;0;T;True;1
1621222111000;14104669;1.21362;1.21368;1.21365;0;T;True;1
1621222112000;14104670;1.21362;1.21368;1.21365;0;T;True;1
1621222113000;14104671;1.21362;1.21368;1.21365;0;T;True;1
1621222114000;14104672;1.21362;1.21368;1.21365;0;T;True;1
1621222115000;14104673;1.21362;1.21368;1.21365;0;T;True;1
1621222116000;14104674;1.21362;1.21368;1.21365;0;T;True;1
1621222117000;14104675;1.21362;1.21368;1.21365;0;T;True;1
1621222118000;14104676;1.21362;1.21368;1.21365;0;T;True;1
1621222119000;14104677;1.21362;1.21368;1.21365;0;T;True;1
1621222120000;14104678;1.21362;1.21368;1.21365;0;T;True;1
1621222121000;14104679;1.21362;1.21368;1.21365;0;T;True;1
1621222122000;14104680;1.21362;1.21368;1.21365;0;T;True;1
1621222123000;14104681;1.21362;1.21368;1.21365;0;T;True;1
1621222124000;14104682;1.21362;1.21368;1.21365;0;T;True;1
1621222125000;14104683;1.21362;1.21368;1.21365;0;T;True;1
1621222126000;14104684;1.21362;1.21368;1.21365;0;T;True;1
1621222127000;14104685;1.21362;1.21368;1.21365;0;T;True;1
1621222128000;14104686;1.21362;1.21368;1.21365;0;T;True;1
1621222129000;14104687;1.21362;1.21368;1.21365;0;T;True;1
1621222130000;14104688;1.21362;1.21368;1.21365;0;T;True;1
1621222131000;14104689;1.21362;1.21368;1.21365;0;T;True;1
1621222132000;14104690;1.21362;1.21368;1.21365;0;T;True;1
1621222133000;14104691;1.21362;1.21368;1.21365;0;T;True;1
1621222134000;14104692;1.21362;1.21368;1.21365;0;T;True;1
1621222135000;14104693;1.21362;1.21368;1.21365;0;T;True;1
1621222136000;14104694;1.21362;1.21368;1.21365;0;T;True;1
1621222137000;14104695;1.21362;1.21368;1.21365;0;T;True;1
1621222138000;14104696;1.21362;1.21368;1.21365;0;T;True;1
1621222139000;14104697;1.21362;1.21368;1.21365;0;T;True;1
1621222140000;14104698;1.21362;1.21368;1.21365;0;T;True;1
1621222141000;14104699;1.21362;1.21368;1.21365;0;T;True;1
1621222142000;14104702;1.2136;1.21366;1.21363;2;T;True;1
1621222143000;14104709;1.21356;1.21362;1.21359;6;T;True;1
1621222144000;14104710;1.21356;1.21362;1.21359;0;T;True;1
1621222145000;14104711;1.21356;1.21362;1.21359;0;T;True;1
1621222146000;14104712;1.21356;1.21362;1.21359;0;T;True;1
1621222147000;14104714;1.21356;1.21362;1.21359;1;T;True;1
1621222148000;14104715;1.21356;1.21362;1.21359;0;T;True;1
1621222149000;14104716;1.21356;1.21362;1.21359;0;T;True;1
1621222150000;14104718;1.21356;1.21362;1.21359;1;T;True;1
1621222151000;14104722;1.21355;1.21361;1.21358;3;T;True;1
1621222152000;14104726;1.21354;1.2136;1.21357;3;T;True;1
1621222153000;14104728;1.21352;1.21358;1.21355;1;T;True;1
1621222154000;14104729;1.21352;1.21358;1.21355;0;T;True;1
1621222155000;14104730;1.21352;1.21358;1.21355;0;T;True;1
1621222156000;14104731;1.21352;1.21358;1.21355;0;T;True;1
1621222157000;14104732;1.21352;1.21358;1.21355;0;T;True;1
1621222158000;14104735;1.21353;1.21359;1.21356;2;T;True;1
1621222159000;14104736;1.21353;1.21359;1.21356;0;T;True;1
1621222160000;14104740;1.21356;1.21362;1.21359;3;T;True;1
1621222161000;14104741;1.21356;1.21362;1.21359;0;T;True;1
1621222162000;14104742;1.21356;1.21362;1.21359;0;T;True;1
1621222163000;14104743;1.21356;1.21362;1.21359;0;T;True;1
1621222164000;14104744;1.21356;1.21362;1.21359;0;T;True;1
1621222165000;14104745;1.21356;1.21362;1.21359;0;T;True;1
1621222166000;14104746;1.21356;1.21362;1.21359;0;T;True;1
1621222167000;14104747;1.21356;1.21362;1.21359;0;T;True;1
1621222168000;14104748;1.21356;1.21362;1.21359;0;T;True;1
1621222169000;14104749;1.21356;1.21362;1.21359;0;T;True;1
1621222170000;14104750;1.21356;1.21362;1.21359;0;T;True;1
1621222171000;14104751;1.21356;1.21362;1.21359;0;T;True;1
1621222172000;14104752;1.21356;1.21362;1.21359;0;T;True;1
1621222173000;14104753;1.21356;1.21362;1.21359;0;T;True;1
1621222174000;14104754;1.21356;1.21362;1.21359;0;T;True;1
1621222175000;14104755;1.21356;1.21362;1.21359;0;T;True;1
1621222176000;14104758;1.21358;1.21364;1.21361;2;T;True;1
1621222177000;14104761;1.21359;1.21365;1.21362;2;T;True;1
1621222178000;14104762;1.21359;1.21365;1.21362;0;T;True;1
1621222179000;14104763;1.21359;1.21365;1.21362;0;T;True;1
1621222180000;14104764;1.21359;1.21365;1.21362;0;T;True;1
1621222181000;14104765;1.21359;1.21365;1.21362;0;T;True;1
1621222182000;14104766;1.21359;1.21365;1.21362;0;T;True;1
1621222183000;14104767;1.21359;1.21365;1.21362;0;T;True;1
1621222184000;14104768;1.21359;1.21365;1.21362;0;T;True;1
1621222185000;14104769;1.21359;1.21365;1.21362;0;T;True;1
1621222186000;14104770;1.21359;1.21365;1.21362;0;T;True;1
1621222187000;14104771;1.21359;1.21365;1.21362;0;T;True;1
1621222188000;14104772;1.21359;1.21365;1.21362;0;T;True;1
1621222189000;14104773;1.21359;1.21365;1.21362;0;T;True;1
1621222190000;14104774;1.21359;1.21365;1.21362;0;T;True;1
1621222191000;14104775;1.21359;1.21365;1.21362;0;T;True;1
1621222192000;14104776;1.21359;1.21365;1.21362;0;T;True;1
1621222193000;14104778;1.21358;1.21364;1.21361;1;T;True;1
1621222194000;14104779;1.21358;1.21364;1.21361;0;T;True;1
1621222195000;14104780;1.21358;1.21364;1.21361;0;T;True;1
1621222196000;14104785;1.21358;1.21364;1.21361;4;T;True;1
1621222197000;14104787;1.21358;1.21364;1.21361;1;T;True;1
1621222198000;14104788;1.21358;1.21364;1.21361;0;T;True;1
1621222199000;14104789;1.21358;1.21364;1.21361;0;T;True;1
1621222200000;14104790;1.21358;1.21364;1.21361;0;T;True;1
1621222201000;14104791;1.21358;1.21364;1.21361;0;T;True;1
1621222202000;14104792;1.21358;1.21364;1.21361;0;T;True;1
1621222203000;14104793;1.21358;1.21364;1.21361;0;T;True;1
1621222204000;14104794;1.21358;1.21364;1.21361;0;T;True;1
1621222205000;14104797;1.21359;1.21365;1.21362;2;T;True;1
1621222206000;14104799;1.21359;1.21365;1.21362;1;T;True;1
1621222207000;14104800;1.21359;1.21365;1.21362;0;T;True;1
1621222208000;14104801;1.21359;1.21365;1.21362;0;T;True;1
1621222209000;14104802;1.21359;1.21365;1.21362;0;T;True;1
1621222210000;14104803;1.21359;1.21365;1.21362;0;T;True;1
1621222211000;14104809;1.21363;1.21369;1.21366;5;T;True;1
1621222212000;14104811;1.21363;1.21369;1.21366;1;T;True;1
1621222213000;14104812;1.21363;1.21369;1.21366;0;T;True;1
1621222214000;14104814;1.21363;1.21369;1.21366;1;T;True;1
1621222215000;14104815;1.21363;1.21369;1.21366;0;T;True;1
1621222216000;14104816;1.21363;1.21369;1.21366;0;T;True;1
1621222217000;14104817;1.21363;1.21369;1.21366;0;T;True;1
1621222218000;14104818;1.21363;1.21369;1.21366;0;T;True;1
1621222219000;14104819;1.21363;1.21369;1.21366;0;T;True;1
1621222220000;14104820;1.21363;1.21369;1.21366;0;T;True;1
1621222221000;14104821;1.21363;1.21369;1.21366;0;T;True;1
1621222222000;14104822;1.21363;1.21369;1.21366;0;T;True;1
1621222223000;14104823;1.21363;1.21369;1.21366;0;T;True;1
1621222224000;14104824;1.21363;1.21369;1.21366;0;T;True;1
1621222225000;14104825;1.21363;1.21369;1.21366;0;T;True;1
1621222226000;14104827;1.21364;1.2137;1.21367;1;T;True;1
1621222227000;14104829;1.21364;1.2137;1.21367;1;T;True;1
1621222228000;14104831;1.21364;1.2137;1.21367;1;T;True;1
1621222229000;14104835;1.21362;1.21368;1.21365;3;T;True;1
1621222230000;14104836;1.21362;1.21368;1.21365;0;T;True;1
1621222231000;14104837;1.21362;1.21368;1.21365;0;T;True;1
1621222232000;14104840;1.2136;1.21366;1.21363;2;T;True;1
1621222233000;14104841;1.2136;1.21366;1.21363;0;T;True;1
1621222234000;14104842;1.2136;1.21366;1.21363;0;T;True;1
1621222235000;14104843;1.2136;1.21366;1.21363;0;T;True;1
1621222236000;14104844;1.2136;1.21366;1.21363;0;T;True;1
1621222237000;14104845;1.2136;1.21366;1.21363;0;T;True;1
1621222238000;14104846;1.2136;1.21366;1.21363;0;T;True;1
1621222239000;14104847;1.2136;1.21366;1.21363;0;T;True;1
1621222240000;14104848;1.2136;1.21366;1.21363;0;T;True;1
1621222241000;14104849;1.2136;1.21366;1.21363;0;T;True;1
1621222242000;14104850;1.2136;1.21366;1.21363;0;T;True;1
1621222243000;14104853;1.21362;1.21368;1.21365;2;T;True;1
1621222244000;14104854;1.21362;1.21368;1.21365;0;T;True;1
1621222245000;14104855;1.21362;1.21368;1.21365;0;T;True;1
1621222246000;14104856;1.21362;1.21368;1.21365;0;T;True;1
1621222247000;14104857;1.21362;1.21368;1.21365;0;T;True;1
1621222248000;14104858;1.21362;1.21368;1.21365;0;T;True;1
1621222249000;14104859;1.21362;1.21368;1.21365;0;T;True;1
1621222250000;14104860;1.21362;1.21368;1.21365;0;T;True;1
1621222251000;14104861;1.21362;1.21368;1.21365;0;T;True;1
1621222252000;14104862;1.21362;1.21368;1.21365;0;T;True;1
1621222253000;14104863;1.21362;1.21368;1.21365;0;T;True;1
1621222254000;14104864;1.21362;1.21368;1.21365;0;T;True;1
1621222255000;14104865;1.21362;1.21368;1.21365;0;T;True;1
1621222256000;14104866;1.21362;1.21368;1.21365;0;T;True;1
1621222257000;14104867;1.21362;1.21368;1.21365;0;T;True;1
1621222258000;14104868;1.21362;1.21368;1.21365;0;T;True;1
1621222259000;14104869;1.21362;1.21368;1.21365;0;T;True;1
1621222260000;14104870;1.21362;1.21368;1.21365;0;T;True;1
1621222261000;14104871;1.21362;1.21368;1.21365;0;T;True;1
1621222262000;14104872;1.21362;1.21368;1.21365;0;T;True;1
1621222263000;14104873;1.21362;1.21368;1.21365;0;T;True;1
1621222264000;14104874;1.21362;1.21368;1.21365;0;T;True;1
1621222265000;14104875;1.21362;1.21368;1.21365;0;T;True;1
1621222266000;14104876;1.21362;1.21368;1.21365;0;T;True;1
1621222267000;14104877;1.21362;1.21368;1.21365;0;T;True;1
1621222268000;14104878;1.21362;1.21368;1.21365;0;T;True;1
1621222269000;14104879;1.21362;1.21368;1.21365;0;T;True;1
1621222270000;14104881;1.2136;1.21366;1.21363;1;T;True;1
1621222271000;14104882;1.2136;1.21366;1.21363;0;T;True;1
1621222272000;14104883;1.2136;1.21366;1.21363;0;T;True;1
1621222273000;14104884;1.2136;1.21366;1.21363;0;T;True;1
1621222274000;14104885;1.2136;1.21366;1.21363;0;T;True;1
1621222275000;14104886;1.2136;1.21366;1.21363;0;T;True;1
1621222276000;14104887;1.2136;1.21366;1.21363;0;T;True;1
1621222277000;14104888;1.2136;1.21366;1.21363;0;T;True;1
1621222278000;14104889;1.2136;1.21366;1.21363;0;T;True;1
1621222279000;14104890;1.2136;1.21366;1.21363;0;T;True;1
1621222280000;14104891;1.2136;1.21366;1.21363;0;T;True;1
1621222281000;14104892;1.2136;1.21366;1.21363;0;T;True;1
1621222282000;14104893;1.2136;1.21366;1.21363;0;T;True;1
1621222283000;14104894;1.2136;1.21366;1.21363;0;T;True;1
1621222284000;14104895;1.2136;1.21366;1.21363;0;T;True;1
1621222285000;14104896;1.2136;1.21366;1.21363;0;T;True;1
1621222286000;14104897;1.2136;1.21366;1.21363;0;T;True;1
1621222287000;14104898;1.2136;1.21366;1.21363;0;T;True;1
1621222288000;14104899;1.2136;1.21366;1.21363;0;T;True;1
1621222289000;14104900;1.2136;1.21366;1.21363;0;T;True;1
1621222290000;14104901;1.2136;1.21366;1.21363;0;T;True;1
1621222291000;14104902;1.2136;1.21366;1.21363;0;T;True;1
1621222292000;14104904;1.2136;1.21366;1.21363;1;T;True;1
1621222293000;14104905;1.2136;1.21366;1.21363;0;T;True;1
1621222294000;14104906;1.2136;1.21366;1.21363;0;T;True;1
1621222295000;14104907;1.2136;1.21366;1.21363;0;T;True;1
1621222296000;14104908;1.2136;1.21366;1.21363;0;T;True;1
1621222297000;14104909;1.2136;1.21366;1.21363;0;T;True;1
1621222298000;14104910;1.2136;1.21366;1.21363;0;T;True;1
1621222299000;14104911;1.2136;1.21366;1.21363;0;T;True;1
1621222300000;14104912;1.2136;1.21366;1.21363;0;T;True;1
1621222301000;14104913;1.2136;1.21366;1.21363;0;T;True;1
1621222302000;14104914;1.2136;1.21366;1.21363;0;T;True;1
1621222303000;14104915;1.2136;1.21366;1.21363;0;T;True;1
1621222304000;14104916;1.2136;1.21366;1.21363;0;T;True;1
1621222305000;14104917;1.2136;1.21366;1.21363;0;T;True;1
1621222306000;14104918;1.2136;1.21366;1.21363;0;T;True;1
1621222307000;14104919;1.2136;1.21366;1.21363;0;T;True;1
1621222308000;14104920;1.2136;1.21366;1.21363;0;T;True;1
1621222309000;14104922;1.21362;1.21368;1.21365;1;T;True;1
1621222310000;14104923;1.21362;1.21368;1.21365;0;T;True;1
1621222311000;14104924;1.21362;1.21368;1.21365;0;T;True;1
1621222312000;14104925;1.21362;1.21368;1.21365;0;T;True;1
1621222313000;14104926;1.21362;1.21368;1.21365;0;T;True;1
1621222314000;14104930;1.21362;1.21368;1.21365;3;T;True;1
1621222315000;14104931;1.21362;1.21368;1.21365;0;T;True;1
1621222316000;14104933;1.2136;1.21366;1.21363;1;T;True;1
1621222317000;14104938;1.21358;1.21364;1.21361;4;T;True;1
1621222318000;14104939;1.21358;1.21364;1.21361;0;T;True;1
1621222319000;14104941;1.21358;1.21364;1.21361;1;T;True;1
1621222320000;14104943;1.21356;1.21362;1.21359;1;T;True;1
1621222321000;14104947;1.21357;1.21363;1.2136;3;T;True;1
1621222322000;14104949;1.21358;1.21364;1.21361;1;T;True;1
1621222323000;14104950;1.21358;1.21364;1.21361;0;T;True;1
1621222324000;14104952;1.21358;1.21364;1.21361;1;T;True;1
1621222325000;14104953;1.21358;1.21364;1.21361;0;T;True;1
1621222326000;14104954;1.21358;1.21364;1.21361;0;T;True;1
1621222327000;14104955;1.21358;1.21364;1.21361;0;T;True;1
1621222328000;14104956;1.21358;1.21364;1.21361;0;T;True;1
1621222329000;14104957;1.21358;1.21364;1.21361;0;T;True;1
1621222330000;14104958;1.21358;1.21364;1.21361;0;T;True;1
1621222331000;14104959;1.21358;1.21364;1.21361;0;T;True;1
1621222332000;14104960;1.21358;1.21364;1.21361;0;T;True;1
1621222333000;14104961;1.21358;1.21364;1.21361;0;T;True;1
1621222334000;14104962;1.21358;1.21364;1.21361;0;T;True;1
1621222335000;14104963;1.21358;1.21364;1.21361;0;T;True;1
1621222336000;14104964;1.21358;1.21364;1.21361;0;T;True;1
1621222337000;14104965;1.21358;1.21364;1.21361;0;T;True;1
1621222338000;14104969;1.21359;1.21365;1.21362;3;T;True;1
1621222339000;14104972;1.21358;1.21364;1.21361;2;T;True;1
1621222340000;14104974;1.21359;1.21365;1.21362;1;T;True;1
1621222341000;14104975;1.21359;1.21365;1.21362;0;T;True;1
1621222342000;14104976;1.21359;1.21365;1.21362;0;T;True;1
1621222343000;14104977;1.21359;1.21365;1.21362;0;T;True;1
1621222344000;14104978;1.21359;1.21365;1.21362;0;T;True;1
1621222345000;14104979;1.21359;1.21365;1.21362;0;T;True;1
1621222346000;14104980;1.21359;1.21365;1.21362;0;T;True;1
1621222347000;14104986;1.21359;1.21365;1.21362;5;T;True;1
1621222348000;14104987;1.21359;1.21365;1.21362;0;T;True;1
1621222349000;14104988;1.21359;1.21365;1.21362;0;T;True;1
1621222350000;14104990;1.21358;1.21364;1.21361;1;T;True;1
1621222351000;14104991;1.21358;1.21364;1.21361;0;T;True;1
1621222352000;14104992;1.21358;1.21364;1.21361;0;T;True;1
1621222353000;14104993;1.21358;1.21364;1.21361;0;T;True;1
1621222354000;14104994;1.21358;1.21364;1.21361;0;T;True;1
1621222355000;14104995;1.21358;1.21364;1.21361;0;T;True;1
1621222356000;14104996;1.21358;1.21364;1.21361;0;T;True;1
1621222357000;14104998;1.21358;1.21364;1.21361;1;T;True;1
1621222358000;14104999;1.21358;1.21364;1.21361;0;T;True;1
1621222359000;14105000;1.21358;1.21364;1.21361;0;T;True;1
1621222360000;14105002;1.21358;1.21364;1.21361;1;T;True;1
1621222361000;14105003;1.21358;1.21364;1.21361;0;T;True;1
1621222362000;14105005;1.21357;1.21363;1.2136;1;T;True;1
1621222363000;14105006;1.21357;1.21363;1.2136;0;T;True;1
1621222364000;14105007;1.21357;1.21363;1.2136;0;T;True;1
1621222365000;14105008;1.21357;1.21363;1.2136;0;T;True;1
1621222366000;14105009;1.21357;1.21363;1.2136;0;T;True;1
1621222367000;14105011;1.21357;1.21363;1.2136;1;T;True;1
1621222368000;14105012;1.21357;1.21363;1.2136;0;T;True;1
1621222369000;14105014;1.21357;1.21363;1.2136;1;T;True;1
1621222370000;14105015;1.21357;1.21363;1.2136;0;T;True;1
1621222371000;14105016;1.21357;1.21363;1.2136;0;T;True;1
1621222372000;14105017;1.21357;1.21363;1.2136;0;T;True;1
1621222373000;14105018;1.21357;1.21363;1.2136;0;T;True;1
1621222374000;14105019;1.21357;1.21363;1.2136;0;T;True;1
1621222375000;14105021;1.21358;1.21364;1.21361;1;T;True;1
1621222376000;14105022;1.21358;1.21364;1.21361;0;T;True;1
1621222377000;14105024;1.21358;1.21364;1.21361;1;T;True;1
1621222378000;14105025;1.21358;1.21364;1.21361;0;T;True;1
1621222379000;14105026;1.21358;1.21364;1.21361;0;T;True;1
1621222380000;14105027;1.21358;1.21364;1.21361;0;T;True;1
1621222381000;14105028;1.21358;1.21364;1.21361;0;T;True;1
1621222382000;14105029;1.21358;1.21364;1.21361;0;T;True;1
1621222383000;14105030;1.21358;1.21364;1.21361;0;T;True;1
1621222384000;14105031;1.21358;1.21364;1.21361;0;T;True;1
1621222385000;14105036;1.21355;1.21361;1.21358;4;T;True;1
1621222386000;14105038;1.21354;1.2136;1.21357;1;T;True;1
1621222387000;14105039;1.21354;1.2136;1.21357;0;T;True;1
1621222388000;14105049;1.21348;1.21354;1.21351;9;T;True;1
1621222389000;14105053;1.21348;1.21354;1.21351;3;T;True;1
1621222390000;14105057;1.21352;1.21358;1.21355;3;T;True;1
1621222391000;14105059;1.21351;1.21357;1.21354;1;T;True;1
1621222392000;14105060;1.21351;1.21357;1.21354;0;T;True;1
1621222393000;14105061;1.21351;1.21357;1.21354;0;T;True;1
1621222394000;14105062;1.21351;1.21357;1.21354;0;T;True;1
1621222395000;14105073;1.21354;1.2136;1.21357;10;T;True;1
1621222396000;14105074;1.21354;1.2136;1.21357;0;T;True;1
1621222397000;14105076;1.21354;1.2136;1.21357;1;T;True;1
1621222398000;14105077;1.21354;1.2136;1.21357;0;T;True;1
1621222399000;14105079;1.21354;1.2136;1.21357;1;T;True;1
1621222400000;14105081;1.21355;1.21361;1.21358;1;T;True;1
1621222401000;14105085;1.21356;1.21362;1.21359;3;T;True;1
1621222402000;14105088;1.21355;1.21361;1.21358;2;T;True;1
1621222403000;14105089;1.21355;1.21361;1.21358;0;T;True;1
1621222404000;14105090;1.21355;1.21361;1.21358;0;T;True;1
1621222405000;14105091;1.21355;1.21361;1.21358;0;T;True;1
1621222406000;14105092;1.21355;1.21361;1.21358;0;T;True;1
1621222407000;14105100;1.21351;1.21357;1.21354;7;T;True;1
1621222408000;14105102;1.2135;1.21356;1.21353;1;T;True;1
1621222409000;14105103;1.2135;1.21356;1.21353;0;T;True;1
1621222410000;14105104;1.2135;1.21356;1.21353;0;T;True;1
1621222411000;14105105;1.2135;1.21356;1.21353;0;T;True;1
1621222412000;14105106;1.2135;1.21356;1.21353;0;T;True;1
1621222413000;14105107;1.2135;1.21356;1.21353;0;T;True;1
1621222414000;14105108;1.2135;1.21356;1.21353;0;T;True;1
1621222415000;14105109;1.2135;1.21356;1.21353;0;T;True;1
1621222416000;14105110;1.2135;1.21356;1.21353;0;T;True;1
1621222417000;14105111;1.2135;1.21356;1.21353;0;T;True;1
1621222418000;14105112;1.2135;1.21356;1.21353;0;T;True;1
1621222419000;14105113;1.2135;1.21356;1.21353;0;T;True;1
1621222420000;14105114;1.2135;1.21356;1.21353;0;T;True;1
1621222421000;14105115;1.2135;1.21356;1.21353;0;T;True;1
1621222422000;14105116;1.2135;1.21356;1.21353;0;T;True;1
1621222423000;14105117;1.2135;1.21356;1.21353;0;T;True;1
1621222424000;14105118;1.2135;1.21356;1.21353;0;T;True;1
1621222425000;14105119;1.2135;1.21356;1.21353;0;T;True;1
1621222426000;14105120;1.2135;1.21356;1.21353;0;T;True;1
1621222427000;14105123;1.2135;1.21356;1.21353;2;T;True;1
1621222428000;14105134;1.21344;1.2135;1.21347;10;T;True;1
1621222429000;14105137;1.21345;1.21351;1.21348;2;T;True;1
1621222430000;14105138;1.21345;1.21351;1.21348;0;T;True;1
1621222431000;14105139;1.21345;1.21351;1.21348;0;T;True;1
1621222432000;14105141;1.21345;1.21351;1.21348;1;T;True;1
1621222433000;14105142;1.21345;1.21351;1.21348;0;T;True;1
1621222434000;14105143;1.21345;1.21351;1.21348;0;T;True;1
1621222435000;14105145;1.21346;1.21352;1.21349;1;T;True;1
1621222436000;14105146;1.21346;1.21352;1.21349;0;T;True;1
1621222437000;14105147;1.21346;1.21352;1.21349;0;T;True;1
1621222438000;14105150;1.21346;1.21352;1.21349;2;T;True;1
1621222439000;14105151;1.21346;1.21352;1.21349;0;T;True;1
1621222440000;14105154;1.21346;1.21352;1.21349;2;T;True;1
1621222441000;14105157;1.21346;1.21352;1.21349;2;T;True;1
1621222442000;14105158;1.21346;1.21352;1.21349;0;T;True;1
1621222443000;14105159;1.21346;1.21352;1.21349;0;T;True;1
1621222444000;14105160;1.21346;1.21352;1.21349;0;T;True;1
1621222445000;14105162;1.21346;1.21352;1.21349;1;T;True;1
1621222446000;14105164;1.21346;1.21352;1.21349;1;T;True;1
1621222447000;14105166;1.21346;1.21352;1.21349;1;T;True;1
1621222448000;14105168;1.21346;1.21352;1.21349;1;T;True;1
1621222449000;14105169;1.21346;1.21352;1.21349;0;T;True;1
1621222450000;14105170;1.21346;1.21352;1.21349;0;T;True;1
1621222451000;14105172;1.21346;1.21352;1.21349;1;T;True;1
1621222452000;14105173;1.21346;1.21352;1.21349;0;T;True;1
1621222453000;14105177;1.21346;1.21352;1.21349;3;T;True;1
1621222454000;14105179;1.21346;1.21352;1.21349;1;T;True;1
1621222455000;14105180;1.21346;1.21352;1.21349;0;T;True;1
1621222456000;14105181;1.21346;1.21352;1.21349;0;T;True;1
1621222457000;14105182;1.21346;1.21352;1.21349;0;T;True;1
1621222458000;14105183;1.21346;1.21352;1.21349;0;T;True;1
1621222459000;14105184;1.21346;1.21352;1.21349;0;T;True;1
1621222460000;14105185;1.21346;1.21352;1.21349;0;T;True;1
1621222461000;14105186;1.21346;1.21352;1.21349;0;T;True;1
1621222462000;14105187;1.21346;1.21352;1.21349;0;T;True;1
1621222463000;14105188;1.21346;1.21352;1.21349;0;T;True;1
1621222464000;14105189;1.21346;1.21352;1.21349;0;T;True;1
1621222465000;14105190;1.21346;1.21352;1.21349;0;T;True;1
1621222466000;14105192;1.21346;1.21352;1.21349;1;T;True;1
1621222467000;14105193;1.21346;1.21352;1.21349;0;T;True;1
1621222468000;14105194;1.21346;1.21352;1.21349;0;T;True;1
1621222469000;14105196;1.21346;1.21352;1.21349;1;T;True;1
1621222470000;14105202;1.21347;1.21353;1.2135;5;T;True;1
1621222471000;14105203;1.21347;1.21353;1.2135;0;T;True;1
1621222472000;14105204;1.21347;1.21353;1.2135;0;T;True;1
1621222473000;14105205;1.21347;1.21353;1.2135;0;T;True;1
1621222474000;14105206;1.21347;1.21353;1.2135;0;T;True;1
1621222475000;14105207;1.21347;1.21353;1.2135;0;T;True;1
1621222476000;14105208;1.21347;1.21353;1.2135;0;T;True;1
1621222477000;14105209;1.21347;1.21353;1.2135;0;T;True;1
1621222478000;14105210;1.21347;1.21353;1.2135;0;T;True;1
1621222479000;14105216;1.21345;1.21351;1.21348;5;T;True;1
1621222480000;14105217;1.21345;1.21351;1.21348;0;T;True;1
1621222481000;14105223;1.21343;1.21349;1.21346;5;T;True;1
1621222482000;14105224;1.21343;1.21349;1.21346;0;T;True;1
1621222483000;14105227;1.2134;1.21346;1.21343;2;T;True;1
1621222484000;14105228;1.2134;1.21346;1.21343;0;T;True;1
1621222485000;14105229;1.2134;1.21346;1.21343;0;T;True;1
1621222486000;14105230;1.2134;1.21346;1.21343;0;T;True;1
1621222487000;14105233;1.2134;1.21346;1.21343;2;T;True;1
1621222488000;14105236;1.2134;1.21346;1.21343;2;T;True;1
1621222489000;14105238;1.2134;1.21346;1.21343;1;T;True;1
1621222490000;14105239;1.2134;1.21346;1.21343;0;T;True;1
1621222491000;14105240;1.2134;1.21346;1.21343;0;T;True;1
1621222492000;14105245;1.21341;1.21347;1.21344;4;T;True;1
1621222493000;14105246;1.21341;1.21347;1.21344;0;T;True;1
1621222494000;14105249;1.21341;1.21347;1.21344;2;T;True;1
1621222495000;14105251;1.2134;1.21346;1.21343;1;T;True;1
1621222496000;14105263;1.21335;1.21341;1.21338;11;T;True;1
1621222497000;14105265;1.21336;1.21342;1.21339;1;T;True;1
1621222498000;14105266;1.21336;1.21342;1.21339;0;T;True;1
1621222499000;14105271;1.2133;1.21336;1.21333;4;T;True;1
1621222500000;14105273;1.2133;1.21336;1.21333;1;T;True;1
1621222501000;14105276;1.21331;1.21337;1.21334;2;T;True;1
1621222502000;14105277;1.21331;1.21337;1.21334;0;T;True;1
1621222503000;14105278;1.21331;1.21337;1.21334;0;T;True;1
1621222504000;14105281;1.21332;1.21338;1.21335;2;T;True;1
1621222505000;14105283;1.21332;1.21338;1.21335;1;T;True;1
1621222506000;14105284;1.21332;1.21338;1.21335;0;T;True;1
1621222507000;14105285;1.21332;1.21338;1.21335;0;T;True;1
1621222508000;14105286;1.21332;1.21338;1.21335;0;T;True;1
1621222509000;14105287;1.21332;1.21338;1.21335;0;T;True;1
1621222510000;14105288;1.21332;1.21338;1.21335;0;T;True;1
1621222511000;14105289;1.21332;1.21338;1.21335;0;T;True;1
1621222512000;14105290;1.21332;1.21338;1.21335;0;T;True;1
1621222513000;14105291;1.21332;1.21338;1.21335;0;T;True;1
1621222514000;14105292;1.21332;1.21338;1.21335;0;T;True;1
1621222515000;14105293;1.21332;1.21338;1.21335;0;T;True;1
1621222516000;14105294;1.21332;1.21338;1.21335;0;T;True;1
1621222517000;14105295;1.21332;1.21338;1.21335;0;T;True;1
1621222518000;14105296;1.21332;1.21338;1.21335;0;T;True;1
1621222519000;14105297;1.21332;1.21338;1.21335;0;T;True;1
1621222520000;14105298;1.21332;1.21338;1.21335;0;T;True;1
1621222521000;14105303;1.21334;1.2134;1.21337;4;T;True;1
1621222522000;14105305;1.21335;1.21341;1.21338;1;T;True;1
1621222523000;14105306;1.21335;1.21341;1.21338;0;T;True;1
1621222524000;14105307;1.21335;1.21341;1.21338;0;T;True;1
1621222525000;14105308;1.21335;1.21341;1.21338;0;T;True;1
1621222526000;14105309;1.21335;1.21341;1.21338;0;T;True;1
1621222527000;14105310;1.21335;1.21341;1.21338;0;T;True;1
1621222528000;14105311;1.21335;1.21341;1.21338;0;T;True;1
1621222529000;14105312;1.21335;1.21341;1.21338;0;T;True;1
1621222530000;14105313;1.21335;1.21341;1.21338;0;T;True;1
1621222531000;14105314;1.21335;1.21341;1.21338;0;T;True;1
1621222532000;14105315;1.21335;1.21341;1.21338;0;T;True;1
1621222533000;14105316;1.21335;1.21341;1.21338;0;T;True;1
1621222534000;14105317;1.21335;1.21341;1.21338;0;T;True;1
1621222535000;14105318;1.21335;1.21341;1.21338;0;T;True;1
1621222536000;14105319;1.21335;1.21341;1.21338;0;T;True;1
1621222537000;14105320;1.21335;1.21341;1.21338;0;T;True;1
1621222538000;14105321;1.21335;1.21341;1.21338;0;T;True;1
1621222539000;14105322;1.21335;1.21341;1.21338;0;T;True;1
1621222540000;14105323;1.21335;1.21341;1.21338;0;T;True;1
1621222541000;14105324;1.21335;1.21341;1.21338;0;T;True;1
1621222542000;14105329;1.21336;1.21342;1.21339;4;T;True;1
1621222543000;14105330;1.21336;1.21342;1.21339;0;T;True;1
1621222544000;14105331;1.21336;1.21342;1.21339;0;T;True;1
1621222545000;14105332;1.21336;1.21342;1.21339;0;T;True;1
1621222546000;14105338;1.21339;1.21345;1.21342;5;T;True;1
1621222547000;14105339;1.21339;1.21345;1.21342;0;T;True;1
1621222548000;14105341;1.21338;1.21344;1.21341;1;T;True;1
1621222549000;14105342;1.21338;1.21344;1.21341;0;T;True;1
1621222550000;14105343;1.21338;1.21344;1.21341;0;T;True;1
1621222551000;14105344;1.21338;1.21344;1.21341;0;T;True;1
1621222552000;14105346;1.2134;1.21346;1.21343;1;T;True;1
1621222553000;14105347;1.2134;1.21346;1.21343;0;T;True;1
1621222554000;14105348;1.2134;1.21346;1.21343;0;T;True;1
1621222555000;14105349;1.2134;1.21346;1.21343;0;T;True;1
1621222556000;14105350;1.2134;1.21346;1.21343;0;T;True;1
1621222557000;14105352;1.2134;1.21346;1.21343;1;T;True;1
1621222558000;14105353;1.2134;1.21346;1.21343;0;T;True;1
1621222559000;14105354;1.2134;1.21346;1.21343;0;T;True;1
1621222560000;14105356;1.2134;1.21346;1.21343;1;T;True;1
1621222561000;14105360;1.21339;1.21345;1.21342;3;T;True;1
1621222562000;14105361;1.21339;1.21345;1.21342;0;T;True;1
1621222563000;14105362;1.21339;1.21345;1.21342;0;T;True;1
1621222564000;14105366;1.21338;1.21344;1.21341;3;T;True;1
1621222565000;14105367;1.21338;1.21344;1.21341;0;T;True;1
1621222566000;14105368;1.21338;1.21344;1.21341;0;T;True;1
1621222567000;14105369;1.21338;1.21344;1.21341;0;T;True;1
1621222568000;14105370;1.21338;1.21344;1.21341;0;T;True;1
1621222569000;14105372;1.21338;1.21344;1.21341;1;T;True;1
1621222570000;14105375;1.21338;1.21344;1.21341;2;T;True;1
1621222571000;14105377;1.21338;1.21344;1.21341;1;T;True;1
1621222572000;14105381;1.21338;1.21344;1.21341;3;T;True;1
1621222573000;14105382;1.21338;1.21344;1.21341;0;T;True;1
1621222574000;14105385;1.21336;1.21342;1.21339;2;T;True;1
1621222575000;14105386;1.21336;1.21342;1.21339;0;T;True;1
1621222576000;14105388;1.21335;1.21341;1.21338;1;T;True;1
1621222577000;14105392;1.21334;1.2134;1.21337;3;T;True;1
1621222578000;14105394;1.21332;1.21338;1.21335;1;T;True;1
1621222579000;14105395;1.21332;1.21338;1.21335;0;T;True;1
1621222580000;14105396;1.21332;1.21338;1.21335;0;T;True;1
1621222581000;14105397;1.21332;1.21338;1.21335;0;T;True;1
1621222582000;14105398;1.21332;1.21338;1.21335;0;T;True;1
1621222583000;14105400;1.21333;1.21339;1.21336;1;T;True;1
1621222584000;14105401;1.21333;1.21339;1.21336;0;T;True;1
1621222585000;14105402;1.21333;1.21339;1.21336;0;T;True;1
1621222586000;14105408;1.21329;1.21335;1.21332;5;T;True;1
1621222587000;14105409;1.21329;1.21335;1.21332;0;T;True;1
1621222588000;14105412;1.21329;1.21335;1.21332;2;T;True;1
1621222589000;14105415;1.2133;1.21336;1.21333;2;T;True;1
1621222590000;14105416;1.2133;1.21336;1.21333;0;T;True;1
1621222591000;14105417;1.2133;1.21336;1.21333;0;T;True;1
1621222592000;14105419;1.21331;1.21337;1.21334;1;T;True;1
1621222593000;14105420;1.21331;1.21337;1.21334;0;T;True;1
1621222594000;14105421;1.21331;1.21337;1.21334;0;T;True;1
1621222595000;14105424;1.21331;1.21337;1.21334;2;T;True;1
1621222596000;14105425;1.21331;1.21337;1.21334;0;T;True;1
1621222597000;14105426;1.21331;1.21337;1.21334;0;T;True;1
1621222598000;14105428;1.21331;1.21337;1.21334;1;T;True;1
1621222599000;14105435;1.21336;1.21342;1.21339;6;T;True;1
1621222600000;14105437;1.21336;1.21342;1.21339;1;T;True;1
1621222601000;14105438;1.21336;1.21342;1.21339;0;T;True;1
1621222602000;14105439;1.21336;1.21342;1.21339;0;T;True;1
1621222603000;14105440;1.21336;1.21342;1.21339;0;T;True;1
1621222604000;14105441;1.21336;1.21342;1.21339;0;T;True;1
1621222605000;14105442;1.21336;1.21342;1.21339;0;T;True;1
1621222606000;14105451;1.21337;1.21343;1.2134;8;T;True;1
1621222607000;14105453;1.21336;1.21342;1.21339;1;T;True;1
1621222608000;14105454;1.21336;1.21342;1.21339;0;T;True;1
1621222609000;14105455;1.21336;1.21342;1.21339;0;T;True;1
1621222610000;14105456;1.21336;1.21342;1.21339;0;T;True;1
1621222611000;14105457;1.21336;1.21342;1.21339;0;T;True;1
1621222612000;14105458;1.21336;1.21342;1.21339;0;T;True;1
1621222613000;14105459;1.21336;1.21342;1.21339;0;T;True;1
1621222614000;14105462;1.21336;1.21342;1.21339;2;T;True;1
1621222615000;14105463;1.21336;1.21342;1.21339;0;T;True;1
1621222616000;14105464;1.21336;1.21342;1.21339;0;T;True;1
1621222617000;14105465;1.21336;1.21342;1.21339;0;T;True;1
1621222618000;14105466;1.21336;1.21342;1.21339;0;T;True;1
1621222619000;14105467;1.21336;1.21342;1.21339;0;T;True;1
1621222620000;14105468;1.21336;1.21342;1.21339;0;T;True;1
1621222621000;14105471;1.21336;1.21342;1.21339;2;T;True;1
1621222622000;14105472;1.21336;1.21342;1.21339;0;T;True;1
1621222623000;14105473;1.21336;1.21342;1.21339;0;T;True;1
1621222624000;14105476;1.21336;1.21342;1.21339;2;T;True;1
1621222625000;14105478;1.21336;1.21342;1.21339;1;T;True;1
1621222626000;14105479;1.21336;1.21342;1.21339;0;T;True;1
1621222627000;14105480;1.21336;1.21342;1.21339;0;T;True;1
1621222628000;14105482;1.21336;1.21342;1.21339;1;T;True;1
1621222629000;14105486;1.21338;1.21344;1.21341;3;T;True;1
1621222630000;14105487;1.21338;1.21344;1.21341;0;T;True;1
1621222631000;14105488;1.21338;1.21344;1.21341;0;T;True;1
1621222632000;14105492;1.21335;1.21341;1.21338;3;T;True;1
1621222633000;14105493;1.21335;1.21341;1.21338;0;T;True;1
1621222634000;14105494;1.21335;1.21341;1.21338;0;T;True;1
1621222635000;14105495;1.21335;1.21341;1.21338;0;T;True;1
1621222636000;14105496;1.21335;1.21341;1.21338;0;T;True;1
1621222637000;14105497;1.21335;1.21341;1.21338;0;T;True;1
1621222638000;14105498;1.21335;1.21341;1.21338;0;T;True;1
1621222639000;14105499;1.21335;1.21341;1.21338;0;T;True;1
1621222640000;14105500;1.21335;1.21341;1.21338;0;T;True;1
1621222641000;14105501;1.21335;1.21341;1.21338;0;T;True;1
1621222642000;14105502;1.21335;1.21341;1.21338;0;T;True;1
1621222643000;14105503;1.21335;1.21341;1.21338;0;T;True;1
1621222644000;14105505;1.21334;1.2134;1.21337;1;T;True;1
1621222645000;14105506;1.21334;1.2134;1.21337;0;T;True;1
1621222646000;14105507;1.21334;1.2134;1.21337;0;T;True;1
1621222647000;14105509;1.21336;1.21342;1.21339;1;T;True;1
1621222648000;14105510;1.21336;1.21342;1.21339;0;T;True;1
1621222649000;14105514;1.21334;1.2134;1.21337;3;T;True;1
1621222650000;14105518;1.21334;1.2134;1.21337;3;T;True;1
1621222651000;14105519;1.21334;1.2134;1.21337;0;T;True;1
1621222652000;14105520;1.21334;1.2134;1.21337;0;T;True;1
1621222653000;14105521;1.21334;1.2134;1.21337;0;T;True;1
1621222654000;14105522;1.21334;1.2134;1.21337;0;T;True;1
1621222655000;14105523;1.21334;1.2134;1.21337;0;T;True;1
1621222656000;14105525;1.21334;1.2134;1.21337;1;T;True;1
1621222657000;14105526;1.21334;1.2134;1.21337;0;T;True;1
1621222658000;14105527;1.21334;1.2134;1.21337;0;T;True;1
1621222659000;14105531;1.21336;1.21342;1.21339;3;T;True;1
1621222660000;14105532;1.21336;1.21342;1.21339;0;T;True;1
1621222661000;14105533;1.21336;1.21342;1.21339;0;T;True;1
1621222662000;14105534;1.21336;1.21342;1.21339;0;T;True;1
1621222663000;14105535;1.21336;1.21342;1.21339;0;T;True;1
1621222664000;14105536;1.21336;1.21342;1.21339;0;T;True;1
1621222665000;14105537;1.21336;1.21342;1.21339;0;T;True;1
1621222666000;14105538;1.21336;1.21342;1.21339;0;T;True;1
1621222667000;14105539;1.21336;1.21342;1.21339;0;T;True;1
1621222668000;14105540;1.21336;1.21342;1.21339;0;T;True;1
1621222669000;14105541;1.21336;1.21342;1.21339;0;T;True;1
1621222670000;14105542;1.21336;1.21342;1.21339;0;T;True;1
1621222671000;14105545;1.21337;1.21343;1.2134;2;T;True;1
1621222672000;14105546;1.21337;1.21343;1.2134;0;T;True;1
1621222673000;14105548;1.21337;1.21343;1.2134;1;T;True;1
1621222674000;14105551;1.21338;1.21344;1.21341;2;T;True;1
1621222675000;14105552;1.21338;1.21344;1.21341;0;T;True;1
1621222676000;14105553;1.21338;1.21344;1.21341;0;T;True;1
1621222677000;14105554;1.21338;1.21344;1.21341;0;T;True;1
1621222678000;14105556;1.21338;1.21344;1.21341;1;T;True;1
1621222679000;14105557;1.21338;1.21344;1.21341;0;T;True;1
1621222680000;14105558;1.21338;1.21344;1.21341;0;T;True;1
1621222681000;14105559;1.21338;1.21344;1.21341;0;T;True;1
1621222682000;14105560;1.21338;1.21344;1.21341;0;T;True;1
1621222683000;14105561;1.21338;1.21344;1.21341;0;T;True;1
1621222684000;14105562;1.21338;1.21344;1.21341;0;T;True;1
1621222685000;14105563;1.21338;1.21344;1.21341;0;T;True;1
1621222686000;14105564;1.21338;1.21344;1.21341;0;T;True;1
1621222687000;14105565;1.21338;1.21344;1.21341;0;T;True;1
1621222688000;14105566;1.21338;1.21344;1.21341;0;T;True;1
1621222689000;14105567;1.21338;1.21344;1.21341;0;T;True;1
1621222690000;14105568;1.21338;1.21344;1.21341;0;T;True;1
1621222691000;14105569;1.21338;1.21344;1.21341;0;T;True;1
1621222692000;14105570;1.21338;1.21344;1.21341;0;T;True;1
1621222693000;14105571;1.21338;1.21344;1.21341;0;T;True;1
1621222694000;14105572;1.21338;1.21344;1.21341;0;T;True;1
1621222695000;14105573;1.21338;1.21344;1.21341;0;T;True;1
1621222696000;14105574;1.21338;1.21344;1.21341;0;T;True;1
1621222697000;14105575;1.21338;1.21344;1.21341;0;T;True;1
1621222698000;14105576;1.21338;1.21344;1.21341;0;T;True;1
1621222699000;14105577;1.21338;1.21344;1.21341;0;T;True;1
1621222700000;14105578;1.21338;1.21344;1.21341;0;T;True;1
1621222701000;14105581;1.21338;1.21344;1.21341;2;T;True;1
1621222702000;14105582;1.21338;1.21344;1.21341;0;T;True;1
1621222703000;14105583;1.21338;1.21344;1.21341;0;T;True;1
1621222704000;14105584;1.21338;1.21344;1.21341;0;T;True;1
1621222705000;14105585;1.21338;1.21344;1.21341;0;T;True;1
1621222706000;14105586;1.21338;1.21344;1.21341;0;T;True;1
1621222707000;14105587;1.21338;1.21344;1.21341;0;T;True;1
1621222708000;14105588;1.21338;1.21344;1.21341;0;T;True;1
1621222709000;14105593;1.21338;1.21344;1.21341;4;T;True;1
1621222710000;14105594;1.21338;1.21344;1.21341;0;T;True;1
1621222711000;14105595;1.21338;1.21344;1.21341;0;T;True;1
1621222712000;14105596;1.21338;1.21344;1.21341;0;T;True;1
1621222713000;14105598;1.21338;1.21344;1.21341;1;T;True;1
1621222714000;14105602;1.21338;1.21344;1.21341;3;T;True;1
1621222715000;14105603;1.21338;1.21344;1.21341;0;T;True;1
1621222716000;14105604;1.21338;1.21344;1.21341;0;T;True;1
1621222717000;14105605;1.21338;1.21344;1.21341;0;T;True;1
1621222718000;14105606;1.21338;1.21344;1.21341;0;T;True;1
1621222719000;14105607;1.21338;1.21344;1.21341;0;T;True;1
1621222720000;14105609;1.21337;1.21343;1.2134;1;T;True;1
1621222721000;14105610;1.21337;1.21343;1.2134;0;T;True;1
1621222722000;14105611;1.21337;1.21343;1.2134;0;T;True;1
1621222723000;14105612;1.21337;1.21343;1.2134;0;T;True;1
1621222724000;14105613;1.21337;1.21343;1.2134;0;T;True;1
1621222725000;14105614;1.21337;1.21343;1.2134;0;T;True;1
1621222726000;14105615;1.21337;1.21343;1.2134;0;T;True;1
1621222727000;14105616;1.21337;1.21343;1.2134;0;T;True;1
1621222728000;14105620;1.21338;1.21344;1.21341;3;T;True;1
1621222729000;14105626;1.21338;1.21344;1.21341;5;T;True;1
1621222730000;14105631;1.21339;1.21345;1.21342;4;T;True;1
1621222731000;14105632;1.21339;1.21345;1.21342;0;T;True;1
1621222732000;14105633;1.21339;1.21345;1.21342;0;T;True;1
1621222733000;14105634;1.21339;1.21345;1.21342;0;T;True;1
1621222734000;14105636;1.21338;1.21344;1.21341;1;T;True;1
1621222735000;14105639;1.21338;1.21344;1.21341;2;T;True;1
1621222736000;14105640;1.21338;1.21344;1.21341;0;T;True;1
1621222737000;14105641;1.21338;1.21344;1.21341;0;T;True;1
1621222738000;14105642;1.21338;1.21344;1.21341;0;T;True;1
1621222739000;14105644;1.2134;1.21346;1.21343;1;T;True;1
1621222740000;14105645;1.2134;1.21346;1.21343;0;T;True;1
1621222741000;14105648;1.21338;1.21344;1.21341;2;T;True;1
1621222742000;14105649;1.21338;1.21344;1.21341;0;T;True;1
1621222743000;14105650;1.21338;1.21344;1.21341;0;T;True;1
1621222744000;14105651;1.21338;1.21344;1.21341;0;T;True;1
1621222745000;14105652;1.21338;1.21344;1.21341;0;T;True;1
1621222746000;14105654;1.21338;1.21344;1.21341;1;T;True;1
1621222747000;14105655;1.21338;1.21344;1.21341;0;T;True;1
1621222748000;14105656;1.21338;1.21344;1.21341;0;T;True;1
1621222749000;14105661;1.21338;1.21344;1.21341;4;T;True;1
1621222750000;14105662;1.21338;1.21344;1.21341;0;T;True;1
1621222751000;14105663;1.21338;1.21344;1.21341;0;T;True;1
1621222752000;14105664;1.21338;1.21344;1.21341;0;T;True;1
1621222753000;14105665;1.21338;1.21344;1.21341;0;T;True;1
1621222754000;14105666;1.21338;1.21344;1.21341;0;T;True;1
1621222755000;14105667;1.21338;1.21344;1.21341;0;T;True;1
1621222756000;14105668;1.21338;1.21344;1.21341;0;T;True;1
1621222757000;14105669;1.21338;1.21344;1.21341;0;T;True;1
1621222758000;14105670;1.21338;1.21344;1.21341;0;T;True;1
1621222759000;14105671;1.21338;1.21344;1.21341;0;T;True;1
1621222760000;14105672;1.21338;1.21344;1.21341;0;T;True;1
1621222761000;14105673;1.21338;1.21344;1.21341;0;T;True;1
1621222762000;14105674;1.21338;1.21344;1.21341;0;T;True;1
1621222763000;14105675;1.21338;1.21344;1.21341;0;T;True;1
1621222764000;14105676;1.21338;1.21344;1.21341;0;T;True;1
1621222765000;14105677;1.21338;1.21344;1.21341;0;T;True;1
1621222766000;14105678;1.21338;1.21344;1.21341;0;T;True;1
1621222767000;14105679;1.21338;1.21344;1.21341;0;T;True;1
1621222768000;14105680;1.21338;1.21344;1.21341;0;T;True;1
1621222769000;14105681;1.21338;1.21344;1.21341;0;T;True;1
1621222770000;14105682;1.21338;1.21344;1.21341;0;T;True;1
1621222771000;14105683;1.21338;1.21344;1.21341;0;T;True;1
1621222772000;14105684;1.21338;1.21344;1.21341;0;T;True;1
1621222773000;14105685;1.21338;1.21344;1.21341;0;T;True;1
1621222774000;14105686;1.21338;1.21344;1.21341;0;T;True;1
1621222775000;14105687;1.21338;1.21344;1.21341;0;T;True;1
1621222776000;14105688;1.21338;1.21344;1.21341;0;T;True;1
1621222777000;14105689;1.21338;1.21344;1.21341;0;T;True;1
1621222778000;14105690;1.21338;1.21344;1.21341;0;T;True;1
1621222779000;14105691;1.21338;1.21344;1.21341;0;T;True;1
1621222780000;14105692;1.21338;1.21344;1.21341;0;T;True;1
1621222781000;14105693;1.21338;1.21344;1.21341;0;T;True;1
1621222782000;14105694;1.21338;1.21344;1.21341;0;T;True;1
1621222783000;14105695;1.21338;1.21344;1.21341;0;T;True;1
1621222784000;14105697;1.21338;1.21344;1.21341;1;T;True;1
1621222785000;14105699;1.21338;1.21344;1.21341;1;T;True;1
1621222786000;14105700;1.21338;1.21344;1.21341;0;T;True;1
1621222787000;14105702;1.21338;1.21344;1.21341;1;T;True;1
1621222788000;14105703;1.21338;1.21344;1.21341;0;T;True;1
1621222789000;14105704;1.21338;1.21344;1.21341;0;T;True;1
1621222790000;14105705;1.21338;1.21344;1.21341;0;T;True;1
1621222791000;14105706;1.21338;1.21344;1.21341;0;T;True;1
1621222792000;14105707;1.21338;1.21344;1.21341;0;T;True;1
1621222793000;14105708;1.21338;1.21344;1.21341;0;T;True;1
1621222794000;14105709;1.21338;1.21344;1.21341;0;T;True;1
1621222795000;14105710;1.21338;1.21344;1.21341;0;T;True;1
1621222796000;14105712;1.21338;1.21344;1.21341;1;T;True;1
1621222797000;14105713;1.21338;1.21344;1.21341;0;T;True;1
1621222798000;14105714;1.21338;1.21344;1.21341;0;T;True;1
1621222799000;14105715;1.21338;1.21344;1.21341;0;T;True;1
1621222800000;14105718;1.21338;1.21344;1.21341;2;T;True;1
1621222801000;14105719;1.21338;1.21344;1.21341;0;T;True;1
1621222802000;14105720;1.21338;1.21344;1.21341;0;T;True;1
1621222803000;14105721;1.21338;1.21344;1.21341;0;T;True;1
1621222804000;14105722;1.21338;1.21344;1.21341;0;T;True;1
1621222805000;14105723;1.21338;1.21344;1.21341;0;T;True;1
1621222806000;14105724;1.21338;1.21344;1.21341;0;T;True;1
1621222807000;14105725;1.21338;1.21344;1.21341;0;T;True;1
1621222808000;14105726;1.21338;1.21344;1.21341;0;T;True;1
1621222809000;14105727;1.21338;1.21344;1.21341;0;T;True;1
1621222810000;14105728;1.21338;1.21344;1.21341;0;T;True;1
1621222811000;14105729;1.21338;1.21344;1.21341;0;T;True;1
1621222812000;14105730;1.21338;1.21344;1.21341;0;T;True;1
1621222813000;14105731;1.21338;1.21344;1.21341;0;T;True;1
1621222814000;14105736;1.21338;1.21344;1.21341;4;T;True;1
1621222815000;14105738;1.21337;1.21343;1.2134;1;T;True;1
1621222816000;14105740;1.21338;1.21344;1.21341;1;T;True;1
1621222817000;14105741;1.21338;1.21344;1.21341;0;T;True;1
1621222818000;14105744;1.21337;1.21343;1.2134;2;T;True;1
1621222819000;14105745;1.21337;1.21343;1.2134;0;T;True;1
1621222820000;14105746;1.21337;1.21343;1.2134;0;T;True;1
1621222821000;14105747;1.21337;1.21343;1.2134;0;T;True;1
1621222822000;14105748;1.21337;1.21343;1.2134;0;T;True;1
1621222823000;14105749;1.21337;1.21343;1.2134;0;T;True;1
1621222824000;14105750;1.21337;1.21343;1.2134;0;T;True;1
1621222825000;14105751;1.21337;1.21343;1.2134;0;T;True;1
1621222826000;14105752;1.21337;1.21343;1.2134;0;T;True;1
1621222827000;14105753;1.21337;1.21343;1.2134;0;T;True;1
1621222828000;14105754;1.21337;1.21343;1.2134;0;T;True;1
1621222829000;14105755;1.21337;1.21343;1.2134;0;T;True;1
1621222830000;14105756;1.21337;1.21343;1.2134;0;T;True;1
1621222831000;14105757;1.21337;1.21343;1.2134;0;T;True;1
1621222832000;14105758;1.21337;1.21343;1.2134;0;T;True;1
1621222833000;14105759;1.21337;1.21343;1.2134;0;T;True;1
1621222834000;14105760;1.21337;1.21343;1.2134;0;T;True;1
1621222835000;14105761;1.21337;1.21343;1.2134;0;T;True;1
1621222836000;14105762;1.21337;1.21343;1.2134;0;T;True;1
1621222837000;14105763;1.21337;1.21343;1.2134;0;T;True;1
1621222838000;14105764;1.21337;1.21343;1.2134;0;T;True;1
1621222839000;14105765;1.21337;1.21343;1.2134;0;T;True;1
1621222840000;14105766;1.21337;1.21343;1.2134;0;T;True;1
1621222841000;14105767;1.21337;1.21343;1.2134;0;T;True;1
1621222842000;14105768;1.21337;1.21343;1.2134;0;T;True;1
1621222843000;14105769;1.21337;1.21343;1.2134;0;T;True;1
1621222844000;14105770;1.21337;1.21343;1.2134;0;T;True;1
1621222845000;14105772;1.21338;1.21344;1.21341;1;T;True;1
1621222846000;14105773;1.21338;1.21344;1.21341;0;T;True;1
1621222847000;14105774;1.21338;1.21344;1.21341;0;T;True;1
1621222848000;14105775;1.21338;1.21344;1.21341;0;T;True;1
1621222849000;14105776;1.21338;1.21344;1.21341;0;T;True;1
1621222850000;14105778;1.21337;1.21343;1.2134;1;T;True;1
1621222851000;14105779;1.21337;1.21343;1.2134;0;T;True;1
1621222852000;14105780;1.21337;1.21343;1.2134;0;T;True;1
1621222853000;14105781;1.21337;1.21343;1.2134;0;T;True;1
1621222854000;14105787;1.21335;1.21341;1.21338;5;T;True;1
1621222855000;14105788;1.21335;1.21341;1.21338;0;T;True;1
1621222856000;14105790;1.21334;1.2134;1.21337;1;T;True;1
1621222857000;14105791;1.21334;1.2134;1.21337;0;T;True;1
1621222858000;14105792;1.21334;1.2134;1.21337;0;T;True;1
1621222859000;14105793;1.21334;1.2134;1.21337;0;T;True;1
1621222860000;14105795;1.21334;1.2134;1.21337;1;T;True;1
1621222861000;14105796;1.21334;1.2134;1.21337;0;T;True;1
1621222862000;14105798;1.21336;1.21342;1.21339;1;T;True;1
1621222863000;14105799;1.21336;1.21342;1.21339;0;T;True;1
1621222864000;14105802;1.21336;1.21342;1.21339;2;T;True;1
1621222865000;14105804;1.21334;1.2134;1.21337;1;T;True;1
1621222866000;14105805;1.21334;1.2134;1.21337;0;T;True;1
1621222867000;14105806;1.21334;1.2134;1.21337;0;T;True;1
1621222868000;14105807;1.21334;1.2134;1.21337;0;T;True;1
1621222869000;14105810;1.21334;1.2134;1.21337;2;T;True;1
1621222870000;14105811;1.21334;1.2134;1.21337;0;T;True;1
1621222871000;14105812;1.21334;1.2134;1.21337;0;T;True;1
1621222872000;14105813;1.21334;1.2134;1.21337;0;T;True;1
1621222873000;14105814;1.21334;1.2134;1.21337;0;T;True;1
1621222874000;14105815;1.21334;1.2134;1.21337;0;T;True;1
1621222875000;14105817;1.21336;1.21342;1.21339;1;T;True;1
1621222876000;14105818;1.21336;1.21342;1.21339;0;T;True;1
1621222877000;14105819;1.21336;1.21342;1.21339;0;T;True;1
1621222878000;14105820;1.21336;1.21342;1.21339;0;T;True;1
1621222879000;14105821;1.21336;1.21342;1.21339;0;T;True;1
1621222880000;14105822;1.21336;1.21342;1.21339;0;T;True;1
1621222881000;14105823;1.21336;1.21342;1.21339;0;T;True;1
1621222882000;14105824;1.21336;1.21342;1.21339;0;T;True;1
1621222883000;14105825;1.21336;1.21342;1.21339;0;T;True;1
1621222884000;14105826;1.21336;1.21342;1.21339;0;T;True;1
1621222885000;14105828;1.21336;1.21342;1.21339;1;T;True;1
1621222886000;14105829;1.21336;1.21342;1.21339;0;T;True;1
1621222887000;14105830;1.21336;1.21342;1.21339;0;T;True;1
1621222888000;14105831;1.21336;1.21342;1.21339;0;T;True;1
1621222889000;14105832;1.21336;1.21342;1.21339;0;T;True;1
1621222890000;14105833;1.21336;1.21342;1.21339;0;T;True;1
1621222891000;14105834;1.21336;1.21342;1.21339;0;T;True;1
1621222892000;14105835;1.21336;1.21342;1.21339;0;T;True;1
1621222893000;14105836;1.21336;1.21342;1.21339;0;T;True;1
1621222894000;14105837;1.21336;1.21342;1.21339;0;T;True;1
1621222895000;14105838;1.21336;1.21342;1.21339;0;T;True;1
1621222896000;14105839;1.21336;1.21342;1.21339;0;T;True;1
1621222897000;14105840;1.21336;1.21342;1.21339;0;T;True;1
1621222898000;14105841;1.21336;1.21342;1.21339;0;T;True;1
1621222899000;14105843;1.21336;1.21342;1.21339;1;T;True;1
1621222900000;14105844;1.21336;1.21342;1.21339;0;T;True;1
1621222901000;14105845;1.21336;1.21342;1.21339;0;T;True;1
1621222902000;14105846;1.21336;1.21342;1.21339;0;T;True;1
1621222903000;14105848;1.21337;1.21343;1.2134;1;T;True;1
1621222904000;14105849;1.21337;1.21343;1.2134;0;T;True;1
1621222905000;14105850;1.21337;1.21343;1.2134;0;T;True;1
1621222906000;14105856;1.2134;1.21346;1.21343;5;T;True;1
1621222907000;14105858;1.2134;1.21346;1.21343;1;T;True;1
1621222908000;14105863;1.21341;1.21347;1.21344;4;T;True;1
1621222909000;14105865;1.21341;1.21347;1.21344;1;T;True;1
1621222910000;14105866;1.21341;1.21347;1.21344;0;T;True;1
1621222911000;14105867;1.21341;1.21347;1.21344;0;T;True;1
1621222912000;14105868;1.21341;1.21347;1.21344;0;T;True;1
1621222913000;14105869;1.21341;1.21347;1.21344;0;T;True;1
1621222914000;14105870;1.21341;1.21347;1.21344;0;T;True;1
1621222915000;14105874;1.21342;1.21348;1.21345;3;T;True;1
1621222916000;14105877;1.21342;1.21348;1.21345;2;T;True;1
1621222917000;14105878;1.21342;1.21348;1.21345;0;T;True;1
1621222918000;14105879;1.21342;1.21348;1.21345;0;T;True;1
1621222919000;14105880;1.21342;1.21348;1.21345;0;T;True;1
1621222920000;14105881;1.21342;1.21348;1.21345;0;T;True;1
1621222921000;14105882;1.21342;1.21348;1.21345;0;T;True;1
1621222922000;14105883;1.21342;1.21348;1.21345;0;T;True;1
1621222923000;14105884;1.21342;1.21348;1.21345;0;T;True;1
1621222924000;14105885;1.21342;1.21348;1.21345;0;T;True;1
1621222925000;14105888;1.21342;1.21348;1.21345;2;T;True;1
1621222926000;14105890;1.21342;1.21348;1.21345;1;T;True;1
1621222927000;14105891;1.21342;1.21348;1.21345;0;T;True;1
1621222928000;14105894;1.21342;1.21348;1.21345;2;T;True;1
1621222929000;14105895;1.21342;1.21348;1.21345;0;T;True;1
1621222930000;14105896;1.21342;1.21348;1.21345;0;T;True;1
1621222931000;14105897;1.21342;1.21348;1.21345;0;T;True;1
1621222932000;14105898;1.21342;1.21348;1.21345;0;T;True;1
1621222933000;14105899;1.21342;1.21348;1.21345;0;T;True;1
1621222934000;14105901;1.21343;1.21349;1.21346;1;T;True;1
1621222935000;14105902;1.21343;1.21349;1.21346;0;T;True;1
1621222936000;14105903;1.21343;1.21349;1.21346;0;T;True;1
1621222937000;14105904;1.21343;1.21349;1.21346;0;T;True;1
1621222938000;14105905;1.21343;1.21349;1.21346;0;T;True;1
1621222939000;14105906;1.21343;1.21349;1.21346;0;T;True;1
1621222940000;14105907;1.21343;1.21349;1.21346;0;T;True;1
1621222941000;14105908;1.21343;1.21349;1.21346;0;T;True;1
1621222942000;14105909;1.21343;1.21349;1.21346;0;T;True;1
1621222943000;14105910;1.21343;1.21349;1.21346;0;T;True;1
1621222944000;14105911;1.21343;1.21349;1.21346;0;T;True;1
1621222945000;14105912;1.21343;1.21349;1.21346;0;T;True;1
1621222946000;14105913;1.21343;1.21349;1.21346;0;T;True;1
1621222947000;14105914;1.21343;1.21349;1.21346;0;T;True;1
1621222948000;14105915;1.21343;1.21349;1.21346;0;T;True;1
1621222949000;14105916;1.21343;1.21349;1.21346;0;T;True;1
1621222950000;14105917;1.21343;1.21349;1.21346;0;T;True;1
1621222951000;14105918;1.21343;1.21349;1.21346;0;T;True;1
1621222952000;14105919;1.21343;1.21349;1.21346;0;T;True;1
1621222953000;14105920;1.21343;1.21349;1.21346;0;T;True;1
1621222954000;14105921;1.21343;1.21349;1.21346;0;T;True;1
1621222955000;14105922;1.21343;1.21349;1.21346;0;T;True;1
1621222956000;14105923;1.21343;1.21349;1.21346;0;T;True;1
1621222957000;14105924;1.21343;1.21349;1.21346;0;T;True;1
1621222958000;14105925;1.21343;1.21349;1.21346;0;T;True;1
1621222959000;14105926;1.21343;1.21349;1.21346;0;T;True;1
1621222960000;14105927;1.21343;1.21349;1.21346;0;T;True;1
1621222961000;14105928;1.21343;1.21349;1.21346;0;T;True;1
1621222962000;14105929;1.21343;1.21349;1.21346;0;T;True;1
1621222963000;14105930;1.21343;1.21349;1.21346;0;T;True;1
1621222964000;14105931;1.21343;1.21349;1.21346;0;T;True;1
1621222965000;14105932;1.21343;1.21349;1.21346;0;T;True;1
1621222966000;14105933;1.21343;1.21349;1.21346;0;T;True;1
1621222967000;14105934;1.21343;1.21349;1.21346;0;T;True;1
1621222968000;14105935;1.21343;1.21349;1.21346;0;T;True;1
1621222969000;14105936;1.21343;1.21349;1.21346;0;T;True;1
1621222970000;14105937;1.21343;1.21349;1.21346;0;T;True;1
1621222971000;14105938;1.21343;1.21349;1.21346;0;T;True;1
1621222972000;14105939;1.21343;1.21349;1.21346;0;T;True;1
1621222973000;14105940;1.21343;1.21349;1.21346;0;T;True;1
1621222974000;14105941;1.21343;1.21349;1.21346;0;T;True;1
1621222975000;14105943;1.21342;1.21348;1.21345;1;T;True;1
1621222976000;14105944;1.21342;1.21348;1.21345;0;T;True;1
1621222977000;14105945;1.21342;1.21348;1.21345;0;T;True;1
1621222978000;14105946;1.21342;1.21348;1.21345;0;T;True;1
1621222979000;14105948;1.21343;1.21349;1.21346;1;T;True;1
1621222980000;14105949;1.21343;1.21349;1.21346;0;T;True;1
1621222981000;14105950;1.21343;1.21349;1.21346;0;T;True;1
1621222982000;14105951;1.21343;1.21349;1.21346;0;T;True;1
1621222983000;14105952;1.21343;1.21349;1.21346;0;T;True;1
1621222984000;14105953;1.21343;1.21349;1.21346;0;T;True;1
1621222985000;14105954;1.21343;1.21349;1.21346;0;T;True;1
1621222986000;14105955;1.21343;1.21349;1.21346;0;T;True;1
1621222987000;14105956;1.21343;1.21349;1.21346;0;T;True;1
1621222988000;14105957;1.21343;1.21349;1.21346;0;T;True;1
1621222989000;14105958;1.21343;1.21349;1.21346;0;T;True;1
1621222990000;14105959;1.21343;1.21349;1.21346;0;T;True;1
1621222991000;14105960;1.21343;1.21349;1.21346;0;T;True;1
1621222992000;14105961;1.21343;1.21349;1.21346;0;T;True;1
1621222993000;14105962;1.21343;1.21349;1.21346;0;T;True;1
1621222994000;14105963;1.21343;1.21349;1.21346;0;T;True;1
1621222995000;14105964;1.21343;1.21349;1.21346;0;T;True;1
1621222996000;14105965;1.21343;1.21349;1.21346;0;T;True;1
1621222997000;14105966;1.21343;1.21349;1.21346;0;T;True;1
1621222998000;14105967;1.21343;1.21349;1.21346;0;T;True;1
1621222999000;14105968;1.21343;1.21349;1.21346;0;T;True;1
1621223000000;14105969;1.21343;1.21349;1.21346;0;T;True;1
1621223001000;14105970;1.21343;1.21349;1.21346;0;T;True;1
1621223002000;14105971;1.21343;1.21349;1.21346;0;T;True;1
1621223003000;14105974;1.21343;1.21349;1.21346;2;T;True;1
1621223004000;14105981;1.21344;1.2135;1.21347;6;T;True;1
1621223005000;14105982;1.21344;1.2135;1.21347;0;T;True;1
1621223006000;14105983;1.21344;1.2135;1.21347;0;T;True;1
1621223007000;14105984;1.21344;1.2135;1.21347;0;T;True;1
1621223008000;14105985;1.21344;1.2135;1.21347;0;T;True;1
1621223009000;14105986;1.21344;1.2135;1.21347;0;T;True;1
1621223010000;14105988;1.21344;1.2135;1.21347;1;T;True;1
1621223011000;14105992;1.21342;1.21348;1.21345;3;T;True;1
1621223012000;14105993;1.21342;1.21348;1.21345;0;T;True;1
1621223013000;14105994;1.21342;1.21348;1.21345;0;T;True;1
1621223014000;14105995;1.21342;1.21348;1.21345;0;T;True;1
1621223015000;14105996;1.21342;1.21348;1.21345;0;T;True;1
1621223016000;14105997;1.21342;1.21348;1.21345;0;T;True;1
1621223017000;14105998;1.21342;1.21348;1.21345;0;T;True;1
1621223018000;14105999;1.21342;1.21348;1.21345;0;T;True;1
1621223019000;14106000;1.21342;1.21348;1.21345;0;T;True;1
1621223020000;14106001;1.21342;1.21348;1.21345;0;T;True;1
1621223021000;14106002;1.21342;1.21348;1.21345;0;T;True;1
1621223022000;14106003;1.21342;1.21348;1.21345;0;T;True;1
1621223023000;14106004;1.21342;1.21348;1.21345;0;T;True;1
1621223024000;14106005;1.21342;1.21348;1.21345;0;T;True;1
1621223025000;14106006;1.21342;1.21348;1.21345;0;T;True;1
1621223026000;14106007;1.21342;1.21348;1.21345;0;T;True;1
1621223027000;14106008;1.21342;1.21348;1.21345;0;T;True;1
1621223028000;14106009;1.21342;1.21348;1.21345;0;T;True;1
1621223029000;14106011;1.21342;1.21348;1.21345;1;T;True;1
1621223030000;14106012;1.21342;1.21348;1.21345;0;T;True;1
1621223031000;14106014;1.21342;1.21348;1.21345;1;T;True;1
1621223032000;14106017;1.21341;1.21347;1.21344;2;T;True;1
1621223033000;14106023;1.21341;1.21347;1.21344;5;T;True;1
1621223034000;14106024;1.21341;1.21347;1.21344;0;T;True;1
1621223035000;14106025;1.21341;1.21347;1.21344;0;T;True;1
1621223036000;14106026;1.21341;1.21347;1.21344;0;T;True;1
1621223037000;14106028;1.21342;1.21348;1.21345;1;T;True;1
1621223038000;14106029;1.21342;1.21348;1.21345;0;T;True;1
1621223039000;14106030;1.21342;1.21348;1.21345;0;T;True;1
1621223040000;14106031;1.21342;1.21348;1.21345;0;T;True;1
1621223041000;14106032;1.21342;1.21348;1.21345;0;T;True;1
1621223042000;14106033;1.21342;1.21348;1.21345;0;T;True;1
1621223043000;14106034;1.21342;1.21348;1.21345;0;T;True;1
1621223044000;14106035;1.21342;1.21348;1.21345;0;T;True;1
1621223045000;14106036;1.21342;1.21348;1.21345;0;T;True;1
1621223046000;14106037;1.21342;1.21348;1.21345;0;T;True;1
1621223047000;14106038;1.21342;1.21348;1.21345;0;T;True;1
1621223048000;14106039;1.21342;1.21348;1.21345;0;T;True;1
1621223049000;14106040;1.21342;1.21348;1.21345;0;T;True;1
1621223050000;14106041;1.21342;1.21348;1.21345;0;T;True;1
1621223051000;14106042;1.21342;1.21348;1.21345;0;T;True;1
1621223052000;14106044;1.21341;1.21347;1.21344;1;T;True;1
1621223053000;14106046;1.21342;1.21348;1.21345;1;T;True;1
1621223054000;14106048;1.21342;1.21348;1.21345;1;T;True;1
1621223055000;14106049;1.21342;1.21348;1.21345;0;T;True;1
1621223056000;14106050;1.21342;1.21348;1.21345;0;T;True;1
1621223057000;14106051;1.21342;1.21348;1.21345;0;T;True;1
1621223058000;14106052;1.21342;1.21348;1.21345;0;T;True;1
1621223059000;14106053;1.21342;1.21348;1.21345;0;T;True;1
1621223060000;14106054;1.21342;1.21348;1.21345;0;T;True;1
1621223061000;14106055;1.21342;1.21348;1.21345;0;T;True;1
1621223062000;14106056;1.21342;1.21348;1.21345;0;T;True;1
1621223063000;14106057;1.21342;1.21348;1.21345;0;T;True;1
1621223064000;14106058;1.21342;1.21348;1.21345;0;T;True;1
1621223065000;14106059;1.21342;1.21348;1.21345;0;T;True;1
1621223066000;14106060;1.21342;1.21348;1.21345;0;T;True;1
1621223067000;14106061;1.21342;1.21348;1.21345;0;T;True;1
1621223068000;14106062;1.21342;1.21348;1.21345;0;T;True;1
1621223069000;14106063;1.21342;1.21348;1.21345;0;T;True;1
1621223070000;14106064;1.21342;1.21348;1.21345;0;T;True;1
1621223071000;14106066;1.21341;1.21347;1.21344;1;T;True;1
1621223072000;14106067;1.21341;1.21347;1.21344;0;T;True;1
1621223073000;14106068;1.21341;1.21347;1.21344;0;T;True;1
1621223074000;14106069;1.21341;1.21347;1.21344;0;T;True;1
1621223075000;14106070;1.21341;1.21347;1.21344;0;T;True;1
1621223076000;14106071;1.21341;1.21347;1.21344;0;T;True;1
1621223077000;14106072;1.21341;1.21347;1.21344;0;T;True;1
1621223078000;14106073;1.21341;1.21347;1.21344;0;T;True;1
1621223079000;14106075;1.21341;1.21347;1.21344;1;T;True;1
1621223080000;14106076;1.21341;1.21347;1.21344;0;T;True;1
1621223081000;14106077;1.21341;1.21347;1.21344;0;T;True;1
1621223082000;14106078;1.21341;1.21347;1.21344;0;T;True;1
1621223083000;14106080;1.21342;1.21348;1.21345;1;T;True;1
1621223084000;14106081;1.21342;1.21348;1.21345;0;T;True;1
1621223085000;14106082;1.21342;1.21348;1.21345;0;T;True;1
1621223086000;14106083;1.21342;1.21348;1.21345;0;T;True;1
1621223087000;14106084;1.21342;1.21348;1.21345;0;T;True;1
1621223088000;14106085;1.21342;1.21348;1.21345;0;T;True;1
1621223089000;14106086;1.21342;1.21348;1.21345;0;T;True;1
1621223090000;14106087;1.21342;1.21348;1.21345;0;T;True;1
1621223091000;14106088;1.21342;1.21348;1.21345;0;T;True;1
1621223092000;14106089;1.21342;1.21348;1.21345;0;T;True;1
1621223093000;14106091;1.21342;1.21348;1.21345;1;T;True;1
1621223094000;14106092;1.21342;1.21348;1.21345;0;T;True;1
1621223095000;14106093;1.21342;1.21348;1.21345;0;T;True;1
1621223096000;14106094;1.21342;1.21348;1.21345;0;T;True;1
1621223097000;14106095;1.21342;1.21348;1.21345;0;T;True;1
1621223098000;14106097;1.21342;1.21348;1.21345;1;T;True;1
1621223099000;14106099;1.21343;1.21349;1.21346;1;T;True;1
1621223100000;14106100;1.21343;1.21349;1.21346;0;T;True;1
1621223101000;14106102;1.21343;1.21349;1.21346;1;T;True;1
1621223102000;14106104;1.21343;1.21349;1.21346;1;T;True;1
1621223103000;14106106;1.21342;1.21348;1.21345;1;T;True;1
1621223104000;14106107;1.21342;1.21348;1.21345;0;T;True;1
1621223105000;14106110;1.21342;1.21348;1.21345;2;T;True;1
1621223106000;14106111;1.21342;1.21348;1.21345;0;T;True;1
1621223107000;14106112;1.21342;1.21348;1.21345;0;T;True;1
1621223108000;14106114;1.21342;1.21348;1.21345;1;T;True;1
1621223109000;14106115;1.21342;1.21348;1.21345;0;T;True;1
1621223110000;14106116;1.21342;1.21348;1.21345;0;T;True;1
1621223111000;14106119;1.2134;1.21346;1.21343;2;T;True;1
1621223112000;14106120;1.2134;1.21346;1.21343;0;T;True;1
1621223113000;14106122;1.21341;1.21347;1.21344;1;T;True;1
1621223114000;14106123;1.21341;1.21347;1.21344;0;T;True;1
1621223115000;14106124;1.21341;1.21347;1.21344;0;T;True;1
1621223116000;14106125;1.21341;1.21347;1.21344;0;T;True;1
1621223117000;14106126;1.21341;1.21347;1.21344;0;T;True;1
1621223118000;14106127;1.21341;1.21347;1.21344;0;T;True;1
1621223119000;14106128;1.21341;1.21347;1.21344;0;T;True;1
1621223120000;14106129;1.21341;1.21347;1.21344;0;T;True;1
1621223121000;14106130;1.21341;1.21347;1.21344;0;T;True;1
1621223122000;14106131;1.21341;1.21347;1.21344;0;T;True;1
1621223123000;14106132;1.21341;1.21347;1.21344;0;T;True;1
1621223124000;14106133;1.21341;1.21347;1.21344;0;T;True;1
1621223125000;14106134;1.21341;1.21347;1.21344;0;T;True;1
1621223126000;14106135;1.21341;1.21347;1.21344;0;T;True;1
1621223127000;14106136;1.21341;1.21347;1.21344;0;T;True;1
1621223128000;14106137;1.21341;1.21347;1.21344;0;T;True;1
1621223129000;14106138;1.21341;1.21347;1.21344;0;T;True;1
1621223130000;14106139;1.21341;1.21347;1.21344;0;T;True;1
1621223131000;14106140;1.21341;1.21347;1.21344;0;T;True;1
1621223132000;14106141;1.21341;1.21347;1.21344;0;T;True;1
1621223133000;14106142;1.21341;1.21347;1.21344;0;T;True;1
1621223134000;14106143;1.21341;1.21347;1.21344;0;T;True;1
1621223135000;14106147;1.21342;1.21348;1.21345;3;T;True;1
1621223136000;14106148;1.21342;1.21348;1.21345;0;T;True;1
1621223137000;14106151;1.21342;1.21348;1.21345;2;T;True;1
1621223138000;14106153;1.21342;1.21348;1.21345;1;T;True;1
1621223139000;14106155;1.21343;1.21349;1.21346;1;T;True;1
1621223140000;14106156;1.21343;1.21349;1.21346;0;T;True;1
1621223141000;14106157;1.21343;1.21349;1.21346;0;T;True;1
1621223142000;14106158;1.21343;1.21349;1.21346;0;T;True;1
1621223143000;14106161;1.21342;1.21348;1.21345;2;T;True;1
1621223144000;14106162;1.21342;1.21348;1.21345;0;T;True;1
1621223145000;14106163;1.21342;1.21348;1.21345;0;T;True;1
1621223146000;14106164;1.21342;1.21348;1.21345;0;T;True;1
1621223147000;14106165;1.21342;1.21348;1.21345;0;T;True;1
1621223148000;14106168;1.21342;1.21348;1.21345;2;T;True;1
1621223149000;14106169;1.21342;1.21348;1.21345;0;T;True;1
1621223150000;14106170;1.21342;1.21348;1.21345;0;T;True;1
1621223151000;14106171;1.21342;1.21348;1.21345;0;T;True;1
1621223152000;14106174;1.2134;1.21346;1.21343;2;T;True;1
1621223153000;14106175;1.2134;1.21346;1.21343;0;T;True;1
1621223154000;14106176;1.2134;1.21346;1.21343;0;T;True;1
1621223155000;14106177;1.2134;1.21346;1.21343;0;T;True;1
1621223156000;14106178;1.2134;1.21346;1.21343;0;T;True;1
1621223157000;14106181;1.2134;1.21346;1.21343;2;T;True;1
1621223158000;14106184;1.2134;1.21346;1.21343;2;T;True;1
1621223159000;14106186;1.2134;1.21346;1.21343;1;T;True;1
1621223160000;14106192;1.2134;1.21346;1.21343;5;T;True;1
1621223161000;14106193;1.2134;1.21346;1.21343;0;T;True;1
1621223162000;14106194;1.2134;1.21346;1.21343;0;T;True;1
1621223163000;14106195;1.2134;1.21346;1.21343;0;T;True;1
1621223164000;14106198;1.2134;1.21346;1.21343;2;T;True;1
1621223165000;14106204;1.21338;1.21344;1.21341;5;T;True;1
1621223166000;14106205;1.21338;1.21344;1.21341;0;T;True;1
1621223167000;14106206;1.21338;1.21344;1.21341;0;T;True;1
1621223168000;14106208;1.21338;1.21344;1.21341;1;T;True;1
1621223169000;14106209;1.21338;1.21344;1.21341;0;T;True;1
1621223170000;14106211;1.21338;1.21344;1.21341;1;T;True;1
1621223171000;14106212;1.21338;1.21344;1.21341;0;T;True;1
1621223172000;14106213;1.21338;1.21344;1.21341;0;T;True;1
1621223173000;14106214;1.21338;1.21344;1.21341;0;T;True;1
1621223174000;14106215;1.21338;1.21344;1.21341;0;T;True;1
1621223175000;14106216;1.21338;1.21344;1.21341;0;T;True;1
1621223176000;14106217;1.21338;1.21344;1.21341;0;T;True;1
1621223177000;14106218;1.21338;1.21344;1.21341;0;T;True;1
1621223178000;14106219;1.21338;1.21344;1.21341;0;T;True;1
1621223179000;14106220;1.21338;1.21344;1.21341;0;T;True;1
1621223180000;14106221;1.21338;1.21344;1.21341;0;T;True;1
1621223181000;14106223;1.21338;1.21344;1.21341;1;T;True;1
1621223182000;14106224;1.21338;1.21344;1.21341;0;T;True;1
1621223183000;14106225;1.21338;1.21344;1.21341;0;T;True;1
1621223184000;14106226;1.21338;1.21344;1.21341;0;T;True;1
1621223185000;14106227;1.21338;1.21344;1.21341;0;T;True;1
1621223186000;14106228;1.21338;1.21344;1.21341;0;T;True;1
1621223187000;14106230;1.21338;1.21344;1.21341;1;T;True;1
1621223188000;14106231;1.21338;1.21344;1.21341;0;T;True;1
1621223189000;14106234;1.21338;1.21344;1.21341;2;T;True;1
1621223190000;14106235;1.21338;1.21344;1.21341;0;T;True;1
1621223191000;14106238;1.21336;1.21342;1.21339;2;T;True;1
1621223192000;14106239;1.21336;1.21342;1.21339;0;T;True;1
1621223193000;14106245;1.21333;1.21339;1.21336;5;T;True;1
1621223194000;14106248;1.21332;1.21338;1.21335;2;T;True;1
1621223195000;14106249;1.21332;1.21338;1.21335;0;T;True;1
1621223196000;14106255;1.21334;1.2134;1.21337;5;T;True;1
1621223197000;14106262;1.21334;1.2134;1.21337;6;T;True;1
1621223198000;14106265;1.21334;1.2134;1.21337;2;T;True;1
1621223199000;14106268;1.21334;1.2134;1.21337;2;T;True;1
1621223200000;14106269;1.21334;1.2134;1.21337;0;T;True;1
1621223201000;14106273;1.21334;1.2134;1.21337;3;T;True;1
1621223202000;14106275;1.21335;1.21341;1.21338;1;T;True;1
1621223203000;14106280;1.21336;1.21342;1.21339;4;T;True;1
1621223204000;14106281;1.21336;1.21342;1.21339;0;T;True;1
1621223205000;14106282;1.21336;1.21342;1.21339;0;T;True;1
1621223206000;14106283;1.21336;1.21342;1.21339;0;T;True;1
1621223207000;14106286;1.21334;1.2134;1.21337;2;T;True;1
1621223208000;14106287;1.21334;1.2134;1.21337;0;T;True;1
1621223209000;14106288;1.21334;1.2134;1.21337;0;T;True;1
1621223210000;14106291;1.21335;1.21341;1.21338;2;T;True;1
1621223211000;14106292;1.21335;1.21341;1.21338;0;T;True;1
1621223212000;14106293;1.21335;1.21341;1.21338;0;T;True;1
1621223213000;14106294;1.21335;1.21341;1.21338;0;T;True;1
1621223214000;14106295;1.21335;1.21341;1.21338;0;T;True;1
1621223215000;14106296;1.21335;1.21341;1.21338;0;T;True;1
1621223216000;14106297;1.21335;1.21341;1.21338;0;T;True;1
1621223217000;14106298;1.21335;1.21341;1.21338;0;T;True;1
1621223218000;14106301;1.21333;1.21339;1.21336;2;T;True;1
1621223219000;14106304;1.21332;1.21338;1.21335;2;T;True;1
1621223220000;14106306;1.21332;1.21338;1.21335;1;T;True;1
1621223221000;14106307;1.21332;1.21338;1.21335;0;T;True;1
1621223222000;14106308;1.21332;1.21338;1.21335;0;T;True;1
1621223223000;14106309;1.21332;1.21338;1.21335;0;T;True;1
1621223224000;14106310;1.21332;1.21338;1.21335;0;T;True;1
1621223225000;14106314;1.21332;1.21338;1.21335;3;T;True;1
1621223226000;14106315;1.21332;1.21338;1.21335;0;T;True;1
1621223227000;14106316;1.21332;1.21338;1.21335;0;T;True;1
1621223228000;14106317;1.21332;1.21338;1.21335;0;T;True;1
1621223229000;14106318;1.21332;1.21338;1.21335;0;T;True;1
1621223230000;14106319;1.21332;1.21338;1.21335;0;T;True;1
1621223231000;14106324;1.21332;1.21338;1.21335;4;T;True;1
1621223232000;14106325;1.21332;1.21338;1.21335;0;T;True;1
1621223233000;14106326;1.21332;1.21338;1.21335;0;T;True;1
1621223234000;14106327;1.21332;1.21338;1.21335;0;T;True;1
1621223235000;14106328;1.21332;1.21338;1.21335;0;T;True;1
1621223236000;14106329;1.21332;1.21338;1.21335;0;T;True;1
1621223237000;14106330;1.21332;1.21338;1.21335;0;T;True;1
1621223238000;14106332;1.21332;1.21338;1.21335;1;T;True;1
1621223239000;14106336;1.21334;1.2134;1.21337;3;T;True;1
1621223240000;14106339;1.21334;1.2134;1.21337;2;T;True;1
1621223241000;14106340;1.21334;1.2134;1.21337;0;T;True;1
1621223242000;14106342;1.21334;1.2134;1.21337;1;T;True;1
1621223243000;14106344;1.21333;1.21339;1.21336;1;T;True;1
1621223244000;14106345;1.21333;1.21339;1.21336;0;T;True;1
1621223245000;14106346;1.21333;1.21339;1.21336;0;T;True;1
1621223246000;14106347;1.21333;1.21339;1.21336;0;T;True;1
1621223247000;14106348;1.21333;1.21339;1.21336;0;T;True;1
1621223248000;14106349;1.21333;1.21339;1.21336;0;T;True;1
1621223249000;14106350;1.21333;1.21339;1.21336;0;T;True;1
1621223250000;14106351;1.21333;1.21339;1.21336;0;T;True;1
1621223251000;14106352;1.21333;1.21339;1.21336;0;T;True;1
1621223252000;14106353;1.21333;1.21339;1.21336;0;T;True;1
1621223253000;14106356;1.21333;1.21339;1.21336;2;T;True;1
1621223254000;14106357;1.21333;1.21339;1.21336;0;T;True;1
1621223255000;14106358;1.21333;1.21339;1.21336;0;T;True;1
1621223256000;14106359;1.21333;1.21339;1.21336;0;T;True;1
1621223257000;14106360;1.21333;1.21339;1.21336;0;T;True;1
1621223258000;14106361;1.21333;1.21339;1.21336;0;T;True;1
1621223259000;14106362;1.21333;1.21339;1.21336;0;T;True;1
1621223260000;14106364;1.21332;1.21338;1.21335;1;T;True;1
1621223261000;14106370;1.21329;1.21335;1.21332;5;T;True;1
1621223262000;14106371;1.21329;1.21335;1.21332;0;T;True;1
1621223263000;14106373;1.21329;1.21335;1.21332;1;T;True;1
1621223264000;14106374;1.21329;1.21335;1.21332;0;T;True;1
1621223265000;14106375;1.21329;1.21335;1.21332;0;T;True;1
1621223266000;14106376;1.21329;1.21335;1.21332;0;T;True;1
1621223267000;14106377;1.21329;1.21335;1.21332;0;T;True;1
1621223268000;14106378;1.21329;1.21335;1.21332;0;T;True;1
1621223269000;14106386;1.21332;1.21338;1.21335;7;T;True;1
1621223270000;14106387;1.21332;1.21338;1.21335;0;T;True;1
1621223271000;14106388;1.21332;1.21338;1.21335;0;T;True;1
1621223272000;14106389;1.21332;1.21338;1.21335;0;T;True;1
1621223273000;14106390;1.21332;1.21338;1.21335;0;T;True;1
1621223274000;14106391;1.21332;1.21338;1.21335;0;T;True;1
1621223275000;14106392;1.21332;1.21338;1.21335;0;T;True;1
1621223276000;14106393;1.21332;1.21338;1.21335;0;T;True;1
1621223277000;14106394;1.21332;1.21338;1.21335;0;T;True;1
1621223278000;14106395;1.21332;1.21338;1.21335;0;T;True;1
1621223279000;14106396;1.21332;1.21338;1.21335;0;T;True;1
1621223280000;14106397;1.21332;1.21338;1.21335;0;T;True;1
1621223281000;14106398;1.21332;1.21338;1.21335;0;T;True;1
1621223282000;14106399;1.21332;1.21338;1.21335;0;T;True;1
1621223283000;14106400;1.21332;1.21338;1.21335;0;T;True;1
1621223284000;14106401;1.21332;1.21338;1.21335;0;T;True;1
1621223285000;14106402;1.21332;1.21338;1.21335;0;T;True;1
1621223286000;14106403;1.21332;1.21338;1.21335;0;T;True;1
1621223287000;14106404;1.21332;1.21338;1.21335;0;T;True;1
1621223288000;14106405;1.21332;1.21338;1.21335;0;T;True;1
1621223289000;14106408;1.21331;1.21337;1.21334;2;T;True;1
1621223290000;14106410;1.21331;1.21337;1.21334;1;T;True;1
1621223291000;14106412;1.21331;1.21337;1.21334;1;T;True;1
1621223292000;14106413;1.21331;1.21337;1.21334;0;T;True;1
1621223293000;14106414;1.21331;1.21337;1.21334;0;T;True;1
1621223294000;14106415;1.21331;1.21337;1.21334;0;T;True;1
1621223295000;14106416;1.21331;1.21337;1.21334;0;T;True;1
1621223296000;14106417;1.21331;1.21337;1.21334;0;T;True;1
1621223297000;14106419;1.21331;1.21337;1.21334;1;T;True;1
1621223298000;14106420;1.21331;1.21337;1.21334;0;T;True;1
1621223299000;14106421;1.21331;1.21337;1.21334;0;T;True;1
1621223300000;14106422;1.21331;1.21337;1.21334;0;T;True;1
1621223301000;14106423;1.21331;1.21337;1.21334;0;T;True;1
1621223302000;14106424;1.21331;1.21337;1.21334;0;T;True;1
1621223303000;14106426;1.21332;1.21338;1.21335;1;T;True;1
1621223304000;14106430;1.21334;1.2134;1.21337;3;T;True;1
1621223305000;14106433;1.21334;1.2134;1.21337;2;T;True;1
1621223306000;14106437;1.21336;1.21342;1.21339;3;T;True;1
1621223307000;14106443;1.21338;1.21344;1.21341;5;T;True;1
1621223308000;14106444;1.21338;1.21344;1.21341;0;T;True;1
1621223309000;14106445;1.21338;1.21344;1.21341;0;T;True;1
1621223310000;14106446;1.21338;1.21344;1.21341;0;T;True;1
1621223311000;14106447;1.21338;1.21344;1.21341;0;T;True;1
1621223312000;14106448;1.21338;1.21344;1.21341;0;T;True;1
1621223313000;14106449;1.21338;1.21344;1.21341;0;T;True;1
1621223314000;14106450;1.21338;1.21344;1.21341;0;T;True;1
1621223315000;14106451;1.21338;1.21344;1.21341;0;T;True;1
1621223316000;14106452;1.21338;1.21344;1.21341;0;T;True;1
1621223317000;14106453;1.21338;1.21344;1.21341;0;T;True;1
1621223318000;14106454;1.21338;1.21344;1.21341;0;T;True;1
1621223319000;14106455;1.21338;1.21344;1.21341;0;T;True;1
1621223320000;14106456;1.21338;1.21344;1.21341;0;T;True;1
1621223321000;14106459;1.21338;1.21344;1.21341;2;T;True;1
1621223322000;14106460;1.21338;1.21344;1.21341;0;T;True;1
1621223323000;14106462;1.21338;1.21344;1.21341;1;T;True;1
1621223324000;14106463;1.21338;1.21344;1.21341;0;T;True;1
1621223325000;14106464;1.21338;1.21344;1.21341;0;T;True;1
1621223326000;14106465;1.21338;1.21344;1.21341;0;T;True;1
1621223327000;14106470;1.21337;1.21343;1.2134;4;T;True;1
1621223328000;14106473;1.21336;1.21342;1.21339;2;T;True;1
1621223329000;14106474;1.21336;1.21342;1.21339;0;T;True;1
1621223330000;14106475;1.21336;1.21342;1.21339;0;T;True;1
1621223331000;14106476;1.21336;1.21342;1.21339;0;T;True;1
1621223332000;14106477;1.21336;1.21342;1.21339;0;T;True;1
1621223333000;14106480;1.21336;1.21342;1.21339;2;T;True;1
1621223334000;14106482;1.21336;1.21342;1.21339;1;T;True;1
1621223335000;14106483;1.21336;1.21342;1.21339;0;T;True;1
1621223336000;14106487;1.21336;1.21342;1.21339;3;T;True;1
1621223337000;14106488;1.21336;1.21342;1.21339;0;T;True;1
1621223338000;14106489;1.21336;1.21342;1.21339;0;T;True;1
1621223339000;14106490;1.21336;1.21342;1.21339;0;T;True;1
1621223340000;14106491;1.21336;1.21342;1.21339;0;T;True;1
1621223341000;14106492;1.21336;1.21342;1.21339;0;T;True;1
1621223342000;14106493;1.21336;1.21342;1.21339;0;T;True;1
1621223343000;14106494;1.21336;1.21342;1.21339;0;T;True;1
1621223344000;14106495;1.21336;1.21342;1.21339;0;T;True;1
1621223345000;14106498;1.21336;1.21342;1.21339;2;T;True;1
1621223346000;14106499;1.21336;1.21342;1.21339;0;T;True;1
1621223347000;14106500;1.21336;1.21342;1.21339;0;T;True;1
1621223348000;14106501;1.21336;1.21342;1.21339;0;T;True;1
1621223349000;14106502;1.21336;1.21342;1.21339;0;T;True;1
1621223350000;14106503;1.21336;1.21342;1.21339;0;T;True;1
1621223351000;14106504;1.21336;1.21342;1.21339;0;T;True;1
1621223352000;14106505;1.21336;1.21342;1.21339;0;T;True;1
1621223353000;14106510;1.21338;1.21344;1.21341;4;T;True;1
1621223354000;14106514;1.21336;1.21342;1.21339;3;T;True;1
1621223355000;14106517;1.21334;1.2134;1.21337;2;T;True;1
1621223356000;14106518;1.21334;1.2134;1.21337;0;T;True;1
1621223357000;14106519;1.21334;1.2134;1.21337;0;T;True;1
1621223358000;14106520;1.21334;1.2134;1.21337;0;T;True;1
1621223359000;14106522;1.21334;1.2134;1.21337;1;T;True;1
1621223360000;14106523;1.21334;1.2134;1.21337;0;T;True;1
1621223361000;14106524;1.21334;1.2134;1.21337;0;T;True;1
1621223362000;14106526;1.21334;1.2134;1.21337;1;T;True;1
1621223363000;14106532;1.21332;1.21338;1.21335;5;T;True;1
1621223364000;14106533;1.21332;1.21338;1.21335;0;T;True;1
1621223365000;14106534;1.21332;1.21338;1.21335;0;T;True;1
1621223366000;14106535;1.21332;1.21338;1.21335;0;T;True;1
1621223367000;14106536;1.21332;1.21338;1.21335;0;T;True;1
1621223368000;14106537;1.21332;1.21338;1.21335;0;T;True;1
1621223369000;14106538;1.21332;1.21338;1.21335;0;T;True;1
1621223370000;14106539;1.21332;1.21338;1.21335;0;T;True;1
1621223371000;14106540;1.21332;1.21338;1.21335;0;T;True;1
1621223372000;14106541;1.21332;1.21338;1.21335;0;T;True;1
1621223373000;14106542;1.21332;1.21338;1.21335;0;T;True;1
1621223374000;14106550;1.2133;1.21336;1.21333;7;T;True;1
1621223375000;14106551;1.2133;1.21336;1.21333;0;T;True;1
1621223376000;14106552;1.2133;1.21336;1.21333;0;T;True;1
1621223377000;14106553;1.2133;1.21336;1.21333;0;T;True;1
1621223378000;14106554;1.2133;1.21336;1.21333;0;T;True;1
1621223379000;14106555;1.2133;1.21336;1.21333;0;T;True;1
1621223380000;14106556;1.2133;1.21336;1.21333;0;T;True;1
1621223381000;14106557;1.2133;1.21336;1.21333;0;T;True;1
1621223382000;14106558;1.2133;1.21336;1.21333;0;T;True;1
1621223383000;14106561;1.21331;1.21337;1.21334;2;T;True;1
1621223384000;14106563;1.21331;1.21337;1.21334;1;T;True;1
1621223385000;14106564;1.21331;1.21337;1.21334;0;T;True;1
1621223386000;14106565;1.21331;1.21337;1.21334;0;T;True;1
1621223387000;14106566;1.21331;1.21337;1.21334;0;T;True;1
1621223388000;14106567;1.21331;1.21337;1.21334;0;T;True;1
1621223389000;14106568;1.21331;1.21337;1.21334;0;T;True;1
1621223390000;14106569;1.21331;1.21337;1.21334;0;T;True;1
1621223391000;14106570;1.21331;1.21337;1.21334;0;T;True;1
1621223392000;14106571;1.21331;1.21337;1.21334;0;T;True;1
1621223393000;14106572;1.21331;1.21337;1.21334;0;T;True;1
1621223394000;14106573;1.21331;1.21337;1.21334;0;T;True;1
1621223395000;14106574;1.21331;1.21337;1.21334;0;T;True;1
1621223396000;14106575;1.21331;1.21337;1.21334;0;T;True;1
1621223397000;14106576;1.21331;1.21337;1.21334;0;T;True;1
1621223398000;14106577;1.21331;1.21337;1.21334;0;T;True;1
1621223399000;14106578;1.21331;1.21337;1.21334;0;T;True;1
1621223400000;14106579;1.21331;1.21337;1.21334;0;T;True;1
1621223401000;14106581;1.21331;1.21337;1.21334;1;T;True;1
1621223402000;14106582;1.21331;1.21337;1.21334;0;T;True;1
1621223403000;14106583;1.21331;1.21337;1.21334;0;T;True;1
1621223404000;14106584;1.21331;1.21337;1.21334;0;T;True;1
1621223405000;14106585;1.21331;1.21337;1.21334;0;T;True;1
1621223406000;14106586;1.21331;1.21337;1.21334;0;T;True;1
1621223407000;14106587;1.21331;1.21337;1.21334;0;T;True;1
1621223408000;14106588;1.21331;1.21337;1.21334;0;T;True;1
1621223409000;14106589;1.21331;1.21337;1.21334;0;T;True;1
1621223410000;14106590;1.21331;1.21337;1.21334;0;T;True;1
1621223411000;14106592;1.21331;1.21337;1.21334;1;T;True;1
1621223412000;14106593;1.21331;1.21337;1.21334;0;T;True;1
1621223413000;14106594;1.21331;1.21337;1.21334;0;T;True;1
1621223414000;14106595;1.21331;1.21337;1.21334;0;T;True;1
1621223415000;14106596;1.21331;1.21337;1.21334;0;T;True;1
1621223416000;14106597;1.21331;1.21337;1.21334;0;T;True;1
1621223417000;14106598;1.21331;1.21337;1.21334;0;T;True;1
1621223418000;14106599;1.21331;1.21337;1.21334;0;T;True;1
1621223419000;14106600;1.21331;1.21337;1.21334;0;T;True;1
1621223420000;14106601;1.21331;1.21337;1.21334;0;T;True;1
1621223421000;14106605;1.2133;1.21336;1.21333;3;T;True;1
1621223422000;14106608;1.21329;1.21335;1.21332;2;T;True;1
1621223423000;14106610;1.21329;1.21335;1.21332;1;T;True;1
1621223424000;14106611;1.21329;1.21335;1.21332;0;T;True;1
1621223425000;14106613;1.21328;1.21334;1.21331;1;T;True;1
1621223426000;14106614;1.21328;1.21334;1.21331;0;T;True;1
1621223427000;14106616;1.21328;1.21334;1.21331;1;T;True;1
1621223428000;14106621;1.2133;1.21336;1.21333;4;T;True;1
1621223429000;14106623;1.21329;1.21335;1.21332;1;T;True;1
1621223430000;14106628;1.21329;1.21335;1.21332;4;T;True;1
1621223431000;14106631;1.21329;1.21335;1.21332;2;T;True;1
1621223432000;14106634;1.21331;1.21337;1.21334;2;T;True;1
1621223433000;14106635;1.21331;1.21337;1.21334;0;T;True;1
1621223434000;14106636;1.21331;1.21337;1.21334;0;T;True;1
1621223435000;14106637;1.21331;1.21337;1.21334;0;T;True;1
1621223436000;14106641;1.2133;1.21336;1.21333;3;T;True;1
1621223437000;14106644;1.21331;1.21337;1.21334;2;T;True;1
1621223438000;14106645;1.21331;1.21337;1.21334;0;T;True;1
1621223439000;14106646;1.21331;1.21337;1.21334;0;T;True;1
1621223440000;14106647;1.21331;1.21337;1.21334;0;T;True;1
1621223441000;14106648;1.21331;1.21337;1.21334;0;T;True;1
1621223442000;14106649;1.21331;1.21337;1.21334;0;T;True;1
1621223443000;14106651;1.21331;1.21337;1.21334;1;T;True;1
1621223444000;14106652;1.21331;1.21337;1.21334;0;T;True;1
1621223445000;14106654;1.21331;1.21337;1.21334;1;T;True;1
1621223446000;14106655;1.21331;1.21337;1.21334;0;T;True;1
1621223447000;14106656;1.21331;1.21337;1.21334;0;T;True;1
1621223448000;14106657;1.21331;1.21337;1.21334;0;T;True;1
1621223449000;14106658;1.21331;1.21337;1.21334;0;T;True;1
1621223450000;14106659;1.21331;1.21337;1.21334;0;T;True;1
1621223451000;14106660;1.21331;1.21337;1.21334;0;T;True;1
1621223452000;14106661;1.21331;1.21337;1.21334;0;T;True;1
1621223453000;14106662;1.21331;1.21337;1.21334;0;T;True;1
1621223454000;14106663;1.21331;1.21337;1.21334;0;T;True;1
1621223455000;14106664;1.21331;1.21337;1.21334;0;T;True;1
1621223456000;14106665;1.21331;1.21337;1.21334;0;T;True;1
1621223457000;14106666;1.21331;1.21337;1.21334;0;T;True;1
1621223458000;14106681;1.21325;1.21331;1.21328;14;T;True;1
1621223459000;14106683;1.21326;1.21332;1.21329;1;T;True;1
1621223460000;14106686;1.21326;1.21332;1.21329;2;T;True;1
1621223461000;14106687;1.21326;1.21332;1.21329;0;T;True;1
1621223462000;14106688;1.21326;1.21332;1.21329;0;T;True;1
1621223463000;14106689;1.21326;1.21332;1.21329;0;T;True;1
1621223464000;14106697;1.21326;1.21332;1.21329;7;T;True;1
1621223465000;14106699;1.21326;1.21332;1.21329;1;T;True;1
1621223466000;14106700;1.21326;1.21332;1.21329;0;T;True;1
1621223467000;14106706;1.2133;1.21336;1.21333;5;T;True;1
1621223468000;14106708;1.21329;1.21335;1.21332;1;T;True;1
1621223469000;14106709;1.21329;1.21335;1.21332;0;T;True;1
1621223470000;14106710;1.21329;1.21335;1.21332;0;T;True;1
1621223471000;14106711;1.21329;1.21335;1.21332;0;T;True;1
1621223472000;14106712;1.21329;1.21335;1.21332;0;T;True;1
1621223473000;14106713;1.21329;1.21335;1.21332;0;T;True;1
1621223474000;14106714;1.21329;1.21335;1.21332;0;T;True;1
1621223475000;14106719;1.21328;1.21334;1.21331;4;T;True;1
1621223476000;14106722;1.21327;1.21333;1.2133;2;T;True;1
1621223477000;14106724;1.21327;1.21333;1.2133;1;T;True;1
1621223478000;14106725;1.21327;1.21333;1.2133;0;T;True;1
1621223479000;14106726;1.21327;1.21333;1.2133;0;T;True;1
1621223480000;14106727;1.21327;1.21333;1.2133;0;T;True;1
1621223481000;14106728;1.21327;1.21333;1.2133;0;T;True;1
1621223482000;14106729;1.21327;1.21333;1.2133;0;T;True;1
1621223483000;14106730;1.21327;1.21333;1.2133;0;T;True;1
1621223484000;14106731;1.21327;1.21333;1.2133;0;T;True;1
1621223485000;14106732;1.21327;1.21333;1.2133;0;T;True;1
1621223486000;14106733;1.21327;1.21333;1.2133;0;T;True;1
1621223487000;14106734;1.21327;1.21333;1.2133;0;T;True;1
1621223488000;14106735;1.21327;1.21333;1.2133;0;T;True;1
1621223489000;14106736;1.21327;1.21333;1.2133;0;T;True;1
1621223490000;14106750;1.21327;1.21333;1.2133;13;T;True;1
1621223491000;14106754;1.21327;1.21333;1.2133;3;T;True;1
1621223492000;14106755;1.21327;1.21333;1.2133;0;T;True;1
1621223493000;14106756;1.21327;1.21333;1.2133;0;T;True;1
1621223494000;14106757;1.21327;1.21333;1.2133;0;T;True;1
1621223495000;14106759;1.21327;1.21333;1.2133;1;T;True;1
1621223496000;14106760;1.21327;1.21333;1.2133;0;T;True;1
1621223497000;14106761;1.21327;1.21333;1.2133;0;T;True;1
1621223498000;14106764;1.21328;1.21334;1.21331;2;T;True;1
1621223499000;14106767;1.21327;1.21333;1.2133;2;T;True;1
1621223500000;14106768;1.21327;1.21333;1.2133;0;T;True;1
1621223501000;14106769;1.21327;1.21333;1.2133;0;T;True;1
1621223502000;14106770;1.21327;1.21333;1.2133;0;T;True;1
1621223503000;14106771;1.21327;1.21333;1.2133;0;T;True;1
1621223504000;14106772;1.21327;1.21333;1.2133;0;T;True;1
1621223505000;14106773;1.21327;1.21333;1.2133;0;T;True;1
1621223506000;14106785;1.21327;1.21333;1.2133;11;T;True;1
1621223507000;14106788;1.21327;1.21333;1.2133;2;T;True;1
1621223508000;14106789;1.21327;1.21333;1.2133;0;T;True;1
1621223509000;14106790;1.21327;1.21333;1.2133;0;T;True;1
1621223510000;14106791;1.21327;1.21333;1.2133;0;T;True;1
1621223511000;14106792;1.21327;1.21333;1.2133;0;T;True;1
1621223512000;14106793;1.21327;1.21333;1.2133;0;T;True;1
1621223513000;14106794;1.21327;1.21333;1.2133;0;T;True;1
1621223514000;14106796;1.21327;1.21333;1.2133;1;T;True;1
1621223515000;14106798;1.21327;1.21333;1.2133;1;T;True;1
1621223516000;14106800;1.21328;1.21334;1.21331;1;T;True;1
1621223517000;14106801;1.21328;1.21334;1.21331;0;T;True;1
1621223518000;14106802;1.21328;1.21334;1.21331;0;T;True;1
1621223519000;14106803;1.21328;1.21334;1.21331;0;T;True;1
1621223520000;14106804;1.21328;1.21334;1.21331;0;T;True;1
1621223521000;14106805;1.21328;1.21334;1.21331;0;T;True;1
1621223522000;14106806;1.21328;1.21334;1.21331;0;T;True;1
1621223523000;14106808;1.21327;1.21333;1.2133;1;T;True;1
1621223524000;14106818;1.21322;1.21328;1.21325;9;T;True;1
1621223525000;14106819;1.21322;1.21328;1.21325;0;T;True;1
1621223526000;14106820;1.21322;1.21328;1.21325;0;T;True;1
1621223527000;14106824;1.21322;1.21328;1.21325;3;T;True;1
1621223528000;14106833;1.21324;1.2133;1.21327;8;T;True;1
1621223529000;14106834;1.21324;1.2133;1.21327;0;T;True;1
1621223530000;14106835;1.21324;1.2133;1.21327;0;T;True;1
1621223531000;14106836;1.21324;1.2133;1.21327;0;T;True;1
1621223532000;14106838;1.21324;1.2133;1.21327;1;T;True;1
1621223533000;14106839;1.21324;1.2133;1.21327;0;T;True;1
1621223534000;14106844;1.21324;1.2133;1.21327;4;T;True;1
1621223535000;14106846;1.21324;1.2133;1.21327;1;T;True;1
1621223536000;14106852;1.21322;1.21328;1.21325;5;T;True;1
1621223537000;14106853;1.21322;1.21328;1.21325;0;T;True;1
1621223538000;14106855;1.21322;1.21328;1.21325;1;T;True;1
1621223539000;14106856;1.21322;1.21328;1.21325;0;T;True;1
1621223540000;14106857;1.21322;1.21328;1.21325;0;T;True;1
1621223541000;14106858;1.21322;1.21328;1.21325;0;T;True;1
1621223542000;14106859;1.21322;1.21328;1.21325;0;T;True;1
1621223543000;14106860;1.21322;1.21328;1.21325;0;T;True;1
1621223544000;14106861;1.21322;1.21328;1.21325;0;T;True;1
1621223545000;14106862;1.21322;1.21328;1.21325;0;T;True;1
1621223546000;14106863;1.21322;1.21328;1.21325;0;T;True;1
1621223547000;14106864;1.21322;1.21328;1.21325;0;T;True;1
1621223548000;14106865;1.21322;1.21328;1.21325;0;T;True;1
1621223549000;14106866;1.21322;1.21328;1.21325;0;T;True;1
1621223550000;14106867;1.21322;1.21328;1.21325;0;T;True;1
1621223551000;14106868;1.21322;1.21328;1.21325;0;T;True;1
1621223552000;14106869;1.21322;1.21328;1.21325;0;T;True;1
1621223553000;14106870;1.21322;1.21328;1.21325;0;T;True;1
1621223554000;14106871;1.21322;1.21328;1.21325;0;T;True;1
1621223555000;14106872;1.21322;1.21328;1.21325;0;T;True;1
1621223556000;14106873;1.21322;1.21328;1.21325;0;T;True;1
1621223557000;14106874;1.21322;1.21328;1.21325;0;T;True;1
1621223558000;14106875;1.21322;1.21328;1.21325;0;T;True;1
1621223559000;14106876;1.21322;1.21328;1.21325;0;T;True;1
1621223560000;14106877;1.21322;1.21328;1.21325;0;T;True;1
1621223561000;14106880;1.21322;1.21328;1.21325;2;T;True;1
1621223562000;14106883;1.21322;1.21328;1.21325;2;T;True;1
1621223563000;14106886;1.21322;1.21328;1.21325;2;T;True;1
1621223564000;14106891;1.21318;1.21324;1.21321;4;T;True;1
1621223565000;14106897;1.21318;1.21324;1.21321;5;T;True;1
1621223566000;14106899;1.21318;1.21324;1.21321;1;T;True;1
1621223567000;14106900;1.21318;1.21324;1.21321;0;T;True;1
1621223568000;14106901;1.21318;1.21324;1.21321;0;T;True;1
1621223569000;14106902;1.21318;1.21324;1.21321;0;T;True;1
1621223570000;14106904;1.21319;1.21325;1.21322;1;T;True;1
1621223571000;14106905;1.21319;1.21325;1.21322;0;T;True;1
1621223572000;14106910;1.21322;1.21328;1.21325;4;T;True;1
1621223573000;14106913;1.21322;1.21328;1.21325;2;T;True;1
1621223574000;14106914;1.21322;1.21328;1.21325;0;T;True;1
1621223575000;14106915;1.21322;1.21328;1.21325;0;T;True;1
1621223576000;14106917;1.21322;1.21328;1.21325;1;T;True;1
1621223577000;14106918;1.21322;1.21328;1.21325;0;T;True;1
1621223578000;14106919;1.21322;1.21328;1.21325;0;T;True;1
1621223579000;14106920;1.21322;1.21328;1.21325;0;T;True;1
1621223580000;14106921;1.21322;1.21328;1.21325;0;T;True;1
1621223581000;14106922;1.21322;1.21328;1.21325;0;T;True;1
1621223582000;14106925;1.21322;1.21328;1.21325;2;T;True;1
1621223583000;14106926;1.21322;1.21328;1.21325;0;T;True;1
1621223584000;14106927;1.21322;1.21328;1.21325;0;T;True;1
1621223585000;14106928;1.21322;1.21328;1.21325;0;T;True;1
1621223586000;14106929;1.21322;1.21328;1.21325;0;T;True;1
1621223587000;14106931;1.21322;1.21328;1.21325;1;T;True;1
1621223588000;14106932;1.21322;1.21328;1.21325;0;T;True;1
1621223589000;14106933;1.21322;1.21328;1.21325;0;T;True;1
1621223590000;14106934;1.21322;1.21328;1.21325;0;T;True;1
1621223591000;14106935;1.21322;1.21328;1.21325;0;T;True;1
1621223592000;14106936;1.21322;1.21328;1.21325;0;T;True;1
1621223593000;14106937;1.21322;1.21328;1.21325;0;T;True;1
1621223594000;14106938;1.21322;1.21328;1.21325;0;T;True;1
1621223595000;14106939;1.21322;1.21328;1.21325;0;T;True;1
1621223596000;14106940;1.21322;1.21328;1.21325;0;T;True;1
1621223597000;14106942;1.21322;1.21328;1.21325;1;T;True;1
1621223598000;14106943;1.21322;1.21328;1.21325;0;T;True;1
1621223599000;14106944;1.21322;1.21328;1.21325;0;T;True;1
1621223600000;14106945;1.21322;1.21328;1.21325;0;T;True;1
1621223601000;14106946;1.21322;1.21328;1.21325;0;T;True;1
1621223602000;14106947;1.21322;1.21328;1.21325;0;T;True;1
1621223603000;14106948;1.21322;1.21328;1.21325;0;T;True;1
1621223604000;14106950;1.21322;1.21328;1.21325;1;T;True;1
1621223605000;14106953;1.21322;1.21328;1.21325;2;T;True;1
1621223606000;14106955;1.21321;1.21327;1.21324;1;T;True;1
1621223607000;14106957;1.21321;1.21327;1.21324;1;T;True;1
1621223608000;14106961;1.21321;1.21327;1.21324;3;T;True;1
1621223609000;14106964;1.2132;1.21326;1.21323;2;T;True;1
1621223610000;14106966;1.2132;1.21326;1.21323;1;T;True;1
1621223611000;14106971;1.2132;1.21326;1.21323;4;T;True;1
1621223612000;14106973;1.2132;1.21326;1.21323;1;T;True;1
1621223613000;14106974;1.2132;1.21326;1.21323;0;T;True;1
1621223614000;14106975;1.2132;1.21326;1.21323;0;T;True;1
1621223615000;14106976;1.2132;1.21326;1.21323;0;T;True;1
1621223616000;14106977;1.2132;1.21326;1.21323;0;T;True;1
1621223617000;14106980;1.2132;1.21326;1.21323;2;T;True;1
1621223618000;14106983;1.2132;1.21326;1.21323;2;T;True;1
1621223619000;14106989;1.21318;1.21324;1.21321;5;T;True;1
1621223620000;14106996;1.21318;1.21324;1.21321;6;T;True;1
1621223621000;14106998;1.21318;1.21324;1.21321;1;T;True;1
1621223622000;14107004;1.21317;1.21323;1.2132;5;T;True;1
1621223623000;14107008;1.21317;1.21323;1.2132;3;T;True;1
1621223624000;14107010;1.21317;1.21323;1.2132;1;T;True;1
1621223625000;14107011;1.21317;1.21323;1.2132;0;T;True;1
1621223626000;14107016;1.21317;1.21323;1.2132;4;T;True;1
1621223627000;14107017;1.21317;1.21323;1.2132;0;T;True;1
1621223628000;14107023;1.21315;1.21321;1.21318;5;T;True;1
1621223629000;14107025;1.21315;1.21321;1.21318;1;T;True;1
1621223630000;14107026;1.21315;1.21321;1.21318;0;T;True;1
1621223631000;14107027;1.21315;1.21321;1.21318;0;T;True;1
1621223632000;14107031;1.21316;1.21322;1.21319;3;T;True;1
1621223633000;14107034;1.21316;1.21322;1.21319;2;T;True;1
1621223634000;14107039;1.21315;1.21321;1.21318;4;T;True;1
1621223635000;14107041;1.21315;1.21321;1.21318;1;T;True;1
1621223636000;14107042;1.21315;1.21321;1.21318;0;T;True;1
1621223637000;14107043;1.21315;1.21321;1.21318;0;T;True;1
1621223638000;14107044;1.21315;1.21321;1.21318;0;T;True;1
1621223639000;14107047;1.21316;1.21322;1.21319;2;T;True;1
1621223640000;14107048;1.21316;1.21322;1.21319;0;T;True;1
1621223641000;14107049;1.21316;1.21322;1.21319;0;T;True;1
1621223642000;14107050;1.21316;1.21322;1.21319;0;T;True;1
1621223643000;14107052;1.21316;1.21322;1.21319;1;T;True;1
1621223644000;14107057;1.21316;1.21322;1.21319;4;T;True;1
1621223645000;14107058;1.21316;1.21322;1.21319;0;T;True;1
1621223646000;14107060;1.21316;1.21322;1.21319;1;T;True;1
1621223647000;14107061;1.21316;1.21322;1.21319;0;T;True;1
1621223648000;14107062;1.21316;1.21322;1.21319;0;T;True;1
1621223649000;14107064;1.21316;1.21322;1.21319;1;T;True;1
1621223650000;14107070;1.21317;1.21323;1.2132;5;T;True;1
1621223651000;14107073;1.21316;1.21322;1.21319;2;T;True;1
1621223652000;14107074;1.21316;1.21322;1.21319;0;T;True;1
1621223653000;14107085;1.21319;1.21325;1.21322;10;T;True;1
1621223654000;14107094;1.21321;1.21327;1.21324;8;T;True;1
1621223655000;14107098;1.21321;1.21327;1.21324;3;T;True;1
1621223656000;14107101;1.21321;1.21327;1.21324;2;T;True;1
1621223657000;14107108;1.21321;1.21327;1.21324;6;T;True;1
1621223658000;14107111;1.21321;1.21327;1.21324;2;T;True;1
1621223659000;14107113;1.21321;1.21327;1.21324;1;T;True;1
1621223660000;14107114;1.21321;1.21327;1.21324;0;T;True;1
1621223661000;14107115;1.21321;1.21327;1.21324;0;T;True;1
1621223662000;14107116;1.21321;1.21327;1.21324;0;T;True;1
1621223663000;14107117;1.21321;1.21327;1.21324;0;T;True;1
1621223664000;14107118;1.21321;1.21327;1.21324;0;T;True;1
1621223665000;14107120;1.21321;1.21327;1.21324;1;T;True;1
1621223666000;14107121;1.21321;1.21327;1.21324;0;T;True;1
1621223667000;14107122;1.21321;1.21327;1.21324;0;T;True;1
1621223668000;14107123;1.21321;1.21327;1.21324;0;T;True;1
1621223669000;14107124;1.21321;1.21327;1.21324;0;T;True;1
1621223670000;14107125;1.21321;1.21327;1.21324;0;T;True;1
1621223671000;14107129;1.2132;1.21326;1.21323;3;T;True;1
1621223672000;14107130;1.2132;1.21326;1.21323;0;T;True;1
1621223673000;14107131;1.2132;1.21326;1.21323;0;T;True;1
1621223674000;14107132;1.2132;1.21326;1.21323;0;T;True;1
1621223675000;14107133;1.2132;1.21326;1.21323;0;T;True;1
1621223676000;14107134;1.2132;1.21326;1.21323;0;T;True;1
1621223677000;14107138;1.21321;1.21327;1.21324;3;T;True;1
1621223678000;14107140;1.21321;1.21327;1.21324;1;T;True;1
1621223679000;14107141;1.21321;1.21327;1.21324;0;T;True;1
1621223680000;14107143;1.21321;1.21327;1.21324;1;T;True;1
1621223681000;14107144;1.21321;1.21327;1.21324;0;T;True;1
1621223682000;14107146;1.21322;1.21328;1.21325;1;T;True;1
1621223683000;14107147;1.21322;1.21328;1.21325;0;T;True;1
1621223684000;14107148;1.21322;1.21328;1.21325;0;T;True;1
1621223685000;14107149;1.21322;1.21328;1.21325;0;T;True;1
1621223686000;14107150;1.21322;1.21328;1.21325;0;T;True;1
1621223687000;14107152;1.21322;1.21328;1.21325;1;T;True;1
1621223688000;14107153;1.21322;1.21328;1.21325;0;T;True;1
1621223689000;14107156;1.21321;1.21327;1.21324;2;T;True;1
1621223690000;14107157;1.21321;1.21327;1.21324;0;T;True;1
1621223691000;14107158;1.21321;1.21327;1.21324;0;T;True;1
1621223692000;14107159;1.21321;1.21327;1.21324;0;T;True;1
1621223693000;14107160;1.21321;1.21327;1.21324;0;T;True;1
1621223694000;14107161;1.21321;1.21327;1.21324;0;T;True;1
1621223695000;14107162;1.21321;1.21327;1.21324;0;T;True;1
1621223696000;14107163;1.21321;1.21327;1.21324;0;T;True;1
1621223697000;14107164;1.21321;1.21327;1.21324;0;T;True;1
1621223698000;14107165;1.21321;1.21327;1.21324;0;T;True;1
1621223699000;14107166;1.21321;1.21327;1.21324;0;T;True;1
1621223700000;14107168;1.21322;1.21328;1.21325;1;T;True;1
1621223701000;14107170;1.21321;1.21327;1.21324;1;T;True;1
1621223702000;14107171;1.21321;1.21327;1.21324;0;T;True;1
1621223703000;14107173;1.21322;1.21328;1.21325;1;T;True;1
1621223704000;14107174;1.21322;1.21328;1.21325;0;T;True;1
1621223705000;14107175;1.21322;1.21328;1.21325;0;T;True;1
1621223706000;14107176;1.21322;1.21328;1.21325;0;T;True;1
1621223707000;14107177;1.21322;1.21328;1.21325;0;T;True;1
1621223708000;14107178;1.21322;1.21328;1.21325;0;T;True;1
1621223709000;14107179;1.21322;1.21328;1.21325;0;T;True;1
1621223710000;14107180;1.21322;1.21328;1.21325;0;T;True;1
1621223711000;14107181;1.21322;1.21328;1.21325;0;T;True;1
1621223712000;14107182;1.21322;1.21328;1.21325;0;T;True;1
1621223713000;14107183;1.21322;1.21328;1.21325;0;T;True;1
1621223714000;14107184;1.21322;1.21328;1.21325;0;T;True;1
1621223715000;14107185;1.21322;1.21328;1.21325;0;T;True;1
1621223716000;14107186;1.21322;1.21328;1.21325;0;T;True;1
1621223717000;14107187;1.21322;1.21328;1.21325;0;T;True;1
1621223718000;14107188;1.21322;1.21328;1.21325;0;T;True;1
1621223719000;14107193;1.21322;1.21328;1.21325;4;T;True;1
1621223720000;14107196;1.21322;1.21328;1.21325;2;T;True;1
1621223721000;14107197;1.21322;1.21328;1.21325;0;T;True;1
1621223722000;14107199;1.21322;1.21328;1.21325;1;T;True;1
1621223723000;14107200;1.21322;1.21328;1.21325;0;T;True;1
1621223724000;14107201;1.21322;1.21328;1.21325;0;T;True;1
1621223725000;14107202;1.21322;1.21328;1.21325;0;T;True;1
1621223726000;14107203;1.21322;1.21328;1.21325;0;T;True;1
1621223727000;14107204;1.21322;1.21328;1.21325;0;T;True;1
1621223728000;14107205;1.21322;1.21328;1.21325;0;T;True;1
1621223729000;14107206;1.21322;1.21328;1.21325;0;T;True;1
1621223730000;14107207;1.21322;1.21328;1.21325;0;T;True;1
1621223731000;14107208;1.21322;1.21328;1.21325;0;T;True;1
1621223732000;14107209;1.21322;1.21328;1.21325;0;T;True;1
1621223733000;14107210;1.21322;1.21328;1.21325;0;T;True;1
1621223734000;14107211;1.21322;1.21328;1.21325;0;T;True;1
1621223735000;14107212;1.21322;1.21328;1.21325;0;T;True;1
1621223736000;14107213;1.21322;1.21328;1.21325;0;T;True;1
1621223737000;14107214;1.21322;1.21328;1.21325;0;T;True;1
1621223738000;14107215;1.21322;1.21328;1.21325;0;T;True;1
1621223739000;14107216;1.21322;1.21328;1.21325;0;T;True;1
1621223740000;14107217;1.21322;1.21328;1.21325;0;T;True;1
1621223741000;14107218;1.21322;1.21328;1.21325;0;T;True;1
1621223742000;14107232;1.21314;1.2132;1.21317;13;T;True;1
1621223743000;14107236;1.21314;1.2132;1.21317;3;T;True;1
1621223744000;14107237;1.21314;1.2132;1.21317;0;T;True;1
1621223745000;14107238;1.21314;1.2132;1.21317;0;T;True;1
1621223746000;14107239;1.21314;1.2132;1.21317;0;T;True;1
1621223747000;14107244;1.21314;1.2132;1.21317;4;T;True;1
1621223748000;14107245;1.21314;1.2132;1.21317;0;T;True;1
1621223749000;14107246;1.21314;1.2132;1.21317;0;T;True;1
1621223750000;14107247;1.21314;1.2132;1.21317;0;T;True;1
1621223751000;14107248;1.21314;1.2132;1.21317;0;T;True;1
1621223752000;14107255;1.21313;1.21319;1.21316;6;T;True;1
1621223753000;14107257;1.21313;1.21319;1.21316;1;T;True;1
1621223754000;14107260;1.21312;1.21318;1.21315;2;T;True;1
1621223755000;14107262;1.21312;1.21318;1.21315;1;T;True;1
1621223756000;14107263;1.21312;1.21318;1.21315;0;T;True;1
1621223757000;14107265;1.21312;1.21318;1.21315;1;T;True;1
1621223758000;14107266;1.21312;1.21318;1.21315;0;T;True;1
1621223759000;14107267;1.21312;1.21318;1.21315;0;T;True;1
1621223760000;14107268;1.21312;1.21318;1.21315;0;T;True;1
1621223761000;14107277;1.21314;1.2132;1.21317;8;T;True;1
1621223762000;14107282;1.21316;1.21322;1.21319;4;T;True;1
1621223763000;14107283;1.21316;1.21322;1.21319;0;T;True;1
1621223764000;14107284;1.21316;1.21322;1.21319;0;T;True;1
1621223765000;14107285;1.21316;1.21322;1.21319;0;T;True;1
1621223766000;14107286;1.21316;1.21322;1.21319;0;T;True;1
1621223767000;14107287;1.21316;1.21322;1.21319;0;T;True;1
1621223768000;14107288;1.21316;1.21322;1.21319;0;T;True;1
1621223769000;14107289;1.21316;1.21322;1.21319;0;T;True;1
1621223770000;14107290;1.21316;1.21322;1.21319;0;T;True;1
1621223771000;14107291;1.21316;1.21322;1.21319;0;T;True;1
1621223772000;14107292;1.21316;1.21322;1.21319;0;T;True;1
1621223773000;14107293;1.21316;1.21322;1.21319;0;T;True;1
1621223774000;14107294;1.21316;1.21322;1.21319;0;T;True;1
1621223775000;14107295;1.21316;1.21322;1.21319;0;T;True;1
1621223776000;14107296;1.21316;1.21322;1.21319;0;T;True;1
1621223777000;14107305;1.21321;1.21327;1.21324;8;T;True;1
1621223778000;14107306;1.21321;1.21327;1.21324;0;T;True;1
1621223779000;14107309;1.2132;1.21326;1.21323;2;T;True;1
1621223780000;14107315;1.21316;1.21322;1.21319;5;T;True;1
1621223781000;14107323;1.21317;1.21323;1.2132;7;T;True;1
1621223782000;14107324;1.21317;1.21323;1.2132;0;T;True;1
1621223783000;14107325;1.21317;1.21323;1.2132;0;T;True;1
1621223784000;14107326;1.21317;1.21323;1.2132;0;T;True;1
1621223785000;14107327;1.21317;1.21323;1.2132;0;T;True;1
1621223786000;14107328;1.21317;1.21323;1.2132;0;T;True;1
1621223787000;14107329;1.21317;1.21323;1.2132;0;T;True;1
1621223788000;14107330;1.21317;1.21323;1.2132;0;T;True;1
1621223789000;14107331;1.21317;1.21323;1.2132;0;T;True;1
1621223790000;14107332;1.21317;1.21323;1.2132;0;T;True;1
