ts;n;bid;ask;value;volume;phase;round;active_id
1621218462000;14097647;1.21303;1.21309;1.21306;0;T;True;1
1621218463000;14097648;1.21303;1.21309;1.21306;0;T;True;1
1621218464000;14097650;1.21303;1.21309;1.21306;1;T;True;1
1621218465000;14097654;1.21303;1.21309;1.21306;3;T;True;1
1621218466000;14097655;1.21303;1.21309;1.21306;0;T;True;1
1621218467000;14097656;1.21303;1.21309;1.21306;0;T;True;1
1621218468000;14097657;1.21303;1.21309;1.21306;0;T;True;1
1621218469000;14097658;1.21303;1.21309;1.21306;0;T;True;1
1621218470000;14097659;1.21303;1.21309;1.21306;0;T;True;1
1621218471000;14097660;1.21303;1.21309;1.21306;0;T;True;1
1621218472000;14097661;1.21303;1.21309;1.21306;0;T;True;1
1621218473000;14097662;1.21303;1.21309;1.21306;0;T;True;1
1621218474000;14097667;1.21302;1.21308;1.21305;4;T;True;1
1621218475000;14097668;1.21302;1.21308;1.21305;0;T;True;1
1621218476000;14097669;1.21302;1.21308;1.21305;0;T;True;1
1621218477000;14097670;1.21302;1.21308;1.21305;0;T;True;1
1621218478000;14097671;1.21302;1.21308;1.21305;0;T;True;1
1621218479000;14097672;1.21302;1.21308;1.21305;0;T;True;1
1621218480000;14097673;1.21302;1.21308;1.21305;0;T;True;1
1621218481000;14097674;1.21302;1.21308;1.21305;0;T;True;1
1621218482000;14097680;1.21304;1.2131;1.21307;5;T;True;1
1621218483000;14097681;1.21304;1.2131;1.21307;0;T;True;1
1621218484000;14097687;1.21304;1.2131;1.21307;5;T;True;1
1621218485000;14097688;1.21304;1.2131;1.21307;0;T;True;1
1621218486000;14097689;1.21304;1.2131;1.21307;0;T;True;1
1621218487000;14097690;1.21304;1.2131;1.21307;0;T;True;1
1621218488000;14097691;1.21304;1.2131;1.21307;0;T;True;1
1621218489000;14097692;1.21304;1.2131;1.21307;0;T;True;1
1621218490000;14097696;1.21304;1.2131;1.21307;3;T;True;1
1621218491000;14097697;1.21304;1.2131;1.21307;0;T;True;1
1621218492000;14097701;1.21304;1.2131;1.21307;3;T;True;1
1621218493000;14097703;1.21304;1.2131;1.21307;1;T;True;1
1621218494000;14097704;1.21304;1.2131;1.21307;0;T;True;1
1621218495000;14097707;1.21303;1.21309;1.21306;2;T;True;1
1621218496000;14097708;1.21303;1.21309;1.21306;0;T;True;1
1621218497000;14097710;1.21302;1.21308;1.21305;1;T;True;1
1621218498000;14097711;1.21302;1.21308;1.21305;0;T;True;1
1621218499000;14097713;1.21302;1.21308;1.21305;1;T;True;1
1621218500000;14097714;1.21302;1.21308;1.21305;0;T;True;1
1621218501000;14097715;1.21302;1.21308;1.21305;0;T;True;1
1621218502000;14097716;1.21302;1.21308;1.21305;0;T;True;1
1621218503000;14097717;1.21302;1.21308;1.21305;0;T;True;1
1621218504000;14097720;1.21302;1.21308;1.21305;2;T;True;1
1621218505000;14097721;1.21302;1.21308;1.21305;0;T;True;1
1621218506000;14097725;1.21301;1.21307;1.21304;3;T;True;1
1621218507000;14097728;1.213;1.21306;1.21303;2;T;True;1
1621218508000;14097729;1.213;1.21306;1.21303;0;T;True;1
1621218509000;14097730;1.213;1.21306;1.21303;0;T;True;1
1621218510000;14097731;1.213;1.21306;1.21303;0;T;True;1
1621218511000;14097733;1.21299;1.21305;1.21302;1;T;True;1
1621218512000;14097734;1.21299;1.21305;1.21302;0;T;True;1
1621218513000;14097736;1.21299;1.21305;1.21302;1;T;True;1
1621218514000;14097737;1.21299;1.21305;1.21302;0;T;True;1
1621218515000;14097738;1.21299;1.21305;1.21302;0;T;True;1
1621218516000;14097739;1.21299;1.21305;1.21302;0;T;True;1
1621218517000;14097740;1.21299;1.21305;1.21302;0;T;True;1
1621218518000;14097741;1.21299;1.21305;1.21302;0;T;True;1
1621218519000;14097742;1.21299;1.21305;1.21302;0;T;True;1
1621218520000;14097743;1.21299;1.21305;1.21302;0;T;True;1
1621218521000;14097744;1.21299;1.21305;1.21302;0;T;True;1
1621218522000;14097745;1.21299;1.21305;1.21302;0;T;True;1
1621218523000;14097746;1.21299;1.21305;1.21302;0;T;True;1
1621218524000;14097747;1.21299;1.21305;1.21302;0;T;True;1
1621218525000;14097748;1.21299;1.21305;1.21302;0;T;True;1
1621218526000;14097749;1.21299;1.21305;1.21302;0;T;True;1
1621218527000;14097750;1.21299;1.21305;1.21302;0;T;True;1
1621218528000;14097751;1.21299;1.21305;1.21302;0;T;True;1
1621218529000;14097752;1.21299;1.21305;1.21302;0;T;True;1
1621218530000;14097754;1.213;1.21306;1.21303;1;T;True;1
1621218531000;14097756;1.21299;1.21305;1.21302;1;T;True;1
1621218532000;14097758;1.213;1.21306;1.21303;1;T;True;1
1621218533000;14097762;1.21299;1.21305;1.21302;3;T;True;1
1621218534000;14097764;1.213;1.21306;1.21303;1;T;True;1
1621218535000;14097765;1.213;1.21306;1.21303;0;T;True;1
1621218536000;14097766;1.213;1.21306;1.21303;0;T;True;1
1621218537000;14097767;1.213;1.21306;1.21303;0;T;True;1
1621218538000;14097768;1.213;1.21306;1.21303;0;T;True;1
1621218539000;14097769;1.213;1.21306;1.21303;0;T;True;1
1621218540000;14097770;1.213;1.21306;1.21303;0;T;True;1
1621218541000;14097771;1.213;1.21306;1.21303;0;T;True;1
1621218542000;14097773;1.213;1.21306;1.21303;1;T;True;1
1621218543000;14097775;1.213;1.21306;1.21303;1;T;True;1
1621218544000;14097776;1.213;1.21306;1.21303;0;T;True;1
1621218545000;14097777;1.213;1.21306;1.21303;0;T;True;1
1621218546000;14097778;1.213;1.21306;1.21303;0;T;True;1
1621218547000;14097779;1.213;1.21306;1.21303;0;T;True;1
1621218548000;14097780;1.213;1.21306;1.21303;0;T;True;1
1621218549000;14097781;1.213;1.21306;1.21303;0;T;True;1
1621218550000;14097782;1.213;1.21306;1.21303;0;T;True;1
1621218551000;14097783;1.213;1.21306;1.21303;0;T;True;1
1621218552000;14097785;1.213;1.21306;1.21303;1;T;True;1
1621218553000;14097786;1.213;1.21306;1.21303;0;T;True;1
1621218554000;14097787;1.213;1.21306;1.21303;0;T;True;1
1621218555000;14097789;1.21301;1.21307;1.21304;1;T;True;1
1621218556000;14097790;1.21301;1.21307;1.21304;0;T;True;1
1621218557000;14097791;1.21301;1.21307;1.21304;0;T;True;1
1621218558000;14097792;1.21301;1.21307;1.21304;0;T;True;1
1621218559000;14097793;1.21301;1.21307;1.21304;0;T;True;1
1621218560000;14097794;1.21301;1.21307;1.21304;0;T;True;1
1621218561000;14097795;1.21301;1.21307;1.21304;0;T;True;1
1621218562000;14097796;1.21301;1.21307;1.21304;0;T;True;1
1621218563000;14097797;1.21301;1.21307;1.21304;0;T;True;1
1621218564000;14097798;1.21301;1.21307;1.21304;0;T;True;1
1621218565000;14097800;1.21301;1.21307;1.21304;1;T;True;1
1621218566000;14097801;1.21301;1.21307;1.21304;0;T;True;1
1621218567000;14097802;1.21301;1.21307;1.21304;0;T;True;1
1621218568000;14097803;1.21301;1.21307;1.21304;0;T;True;1
1621218569000;14097804;1.21301;1.21307;1.21304;0;T;True;1
1621218570000;14097805;1.21301;1.21307;1.21304;0;T;True;1
1621218571000;14097810;1.21302;1.21308;1.21305;4;T;True;1
1621218572000;14097815;1.213;1.21306;1.21303;4;T;True;1
1621218573000;14097816;1.213;1.21306;1.21303;0;T;True;1
1621218574000;14097819;1.21299;1.21305;1.21302;2;T;True;1
1621218575000;14097821;1.21298;1.21304;1.21301;1;T;True;1
1621218576000;14097822;1.21298;1.21304;1.21301;0;T;True;1
1621218577000;14097823;1.21298;1.21304;1.21301;0;T;True;1
1621218578000;14097824;1.21298;1.21304;1.21301;0;T;True;1
1621218579000;14097825;1.21298;1.21304;1.21301;0;T;True;1
1621218580000;14097826;1.21298;1.21304;1.21301;0;T;True;1
1621218581000;14097827;1.21298;1.21304;1.21301;0;T;True;1
1621218582000;14097828;1.21298;1.21304;1.21301;0;T;True;1
1621218583000;14097829;1.21298;1.21304;1.21301;0;T;True;1
1621218584000;14097830;1.21298;1.21304;1.21301;0;T;True;1
1621218585000;14097831;1.21298;1.21304;1.21301;0;T;True;1
1621218586000;14097833;1.21298;1.21304;1.21301;1;T;True;1
1621218587000;14097837;1.21298;1.21304;1.21301;3;T;True;1
1621218588000;14097842;1.21298;1.21304;1.21301;4;T;True;1
1621218589000;14097845;1.21298;1.21304;1.21301;2;T;True;1
1621218590000;14097846;1.21298;1.21304;1.21301;0;T;True;1
1621218591000;14097847;1.21298;1.21304;1.21301;0;T;True;1
1621218592000;14097848;1.21298;1.21304;1.21301;0;T;True;1
1621218593000;14097856;1.21295;1.21301;1.21298;7;T;True;1
1621218594000;14097864;1.21294;1.213;1.21297;7;T;True;1
1621218595000;14097868;1.21296;1.21302;1.21299;3;T;True;1
1621218596000;14097871;1.21296;1.21302;1.21299;2;T;True;1
1621218597000;14097873;1.21295;1.21301;1.21298;1;T;True;1
1621218598000;14097876;1.21295;1.21301;1.21298;2;T;True;1
1621218599000;14097877;1.21295;1.21301;1.21298;0;T;True;1
1621218600000;14097881;1.21294;1.213;1.21297;3;T;True;1
1621218601000;14097890;1.21294;1.213;1.21297;8;T;True;1
1621218602000;14097893;1.21294;1.213;1.21297;2;T;True;1
1621218603000;14097897;1.21294;1.213;1.21297;3;T;True;1
1621218604000;14097902;1.21294;1.213;1.21297;4;T;True;1
1621218605000;14097911;1.21294;1.213;1.21297;8;T;True;1
1621218606000;14097913;1.21295;1.21301;1.21298;1;T;True;1
1621218607000;14097916;1.21294;1.213;1.21297;2;T;True;1
1621218608000;14097918;1.21295;1.21301;1.21298;1;T;True;1
1621218609000;14097919;1.21295;1.21301;1.21298;0;T;True;1
1621218610000;14097920;1.21295;1.21301;1.21298;0;T;True;1
1621218611000;14097923;1.21294;1.213;1.21297;2;T;True;1
1621218612000;14097926;1.21294;1.213;1.21297;2;T;True;1
1621218613000;14097929;1.21294;1.213;1.21297;2;T;True;1
1621218614000;14097930;1.21294;1.213;1.21297;0;T;True;1
1621218615000;14097931;1.21294;1.213;1.21297;0;T;True;1
1621218616000;14097932;1.21294;1.213;1.21297;0;T;True;1
1621218617000;14097935;1.21294;1.213;1.21297;2;T;True;1
1621218618000;14097941;1.21294;1.213;1.21297;5;T;True;1
1621218619000;14097942;1.21294;1.213;1.21297;0;T;True;1
1621218620000;14097943;1.21294;1.213;1.21297;0;T;True;1
1621218621000;14097944;1.21294;1.213;1.21297;0;T;True;1
1621218622000;14097945;1.21294;1.213;1.21297;0;T;True;1
1621218623000;14097946;1.21294;1.213;1.21297;0;T;True;1
1621218624000;14097949;1.21294;1.213;1.21297;2;T;True;1
1621218625000;14097952;1.21294;1.213;1.21297;2;T;True;1
1621218626000;14097955;1.21296;1.21302;1.21299;2;T;True;1
1621218627000;14097957;1.21297;1.21303;1.213;1;T;True;1
1621218628000;14097962;1.21298;1.21304;1.21301;4;T;True;1
1621218629000;14097963;1.21298;1.21304;1.21301;0;T;True;1
1621218630000;14097964;1.21298;1.21304;1.21301;0;T;True;1
1621218631000;14097968;1.21295;1.21301;1.21298;3;T;True;1
1621218632000;14097969;1.21295;1.21301;1.21298;0;T;True;1
1621218633000;14097971;1.21295;1.21301;1.21298;1;T;True;1
1621218634000;14097972;1.21295;1.21301;1.21298;0;T;True;1
1621218635000;14097979;1.21295;1.21301;1.21298;6;T;True;1
1621218636000;14097981;1.21295;1.21301;1.21298;1;T;True;1
1621218637000;14097983;1.21295;1.21301;1.21298;1;T;True;1
1621218638000;14097988;1.21295;1.21301;1.21298;4;T;True;1
1621218639000;14097991;1.21295;1.21301;1.21298;2;T;True;1
1621218640000;14097994;1.21295;1.21301;1.21298;2;T;True;1
1621218641000;14097995;1.21295;1.21301;1.21298;0;T;True;1
1621218642000;14097999;1.21295;1.21301;1.21298;3;T;True;1
1621218643000;14098002;1.21295;1.21301;1.21298;2;T;True;1
1621218644000;14098005;1.21295;1.21301;1.21298;2;T;True;1
1621218645000;14098006;1.21295;1.21301;1.21298;0;T;True;1
1621218646000;14098007;1.21295;1.21301;1.21298;0;T;True;1
1621218647000;14098008;1.21295;1.21301;1.21298;0;T;True;1
1621218648000;14098009;1.21295;1.21301;1.21298;0;T;True;1
1621218649000;14098011;1.21295;1.21301;1.21298;1;T;True;1
1621218650000;14098012;1.21295;1.21301;1.21298;0;T;True;1
1621218651000;14098015;1.21294;1.213;1.21297;2;T;True;1
1621218652000;14098019;1.21294;1.213;1.21297;3;T;True;1
1621218653000;14098026;1.21294;1.213;1.21297;6;T;True;1
1621218654000;14098029;1.21294;1.213;1.21297;2;T;True;1
1621218655000;14098030;1.21294;1.213;1.21297;0;T;True;1
1621218656000;14098031;1.21294;1.213;1.21297;0;T;True;1
1621218657000;14098035;1.21294;1.213;1.21297;3;T;True;1
1621218658000;14098037;1.21294;1.213;1.21297;1;T;True;1
1621218659000;14098040;1.21294;1.213;1.21297;2;T;True;1
1621218660000;14098042;1.21294;1.213;1.21297;1;T;True;1
1621218661000;14098043;1.21294;1.213;1.21297;0;T;True;1
1621218662000;14098044;1.21294;1.213;1.21297;0;T;True;1
1621218663000;14098046;1.21294;1.213;1.21297;1;T;True;1
1621218664000;14098048;1.21294;1.213;1.21297;1;T;True;1
1621218665000;14098049;1.21294;1.213;1.21297;0;T;True;1
1621218666000;14098050;1.21294;1.213;1.21297;0;T;True;1
1621218667000;14098051;1.21294;1.213;1.21297;0;T;True;1
1621218668000;14098052;1.21294;1.213;1.21297;0;T;True;1
1621218669000;14098058;1.21294;1.213;1.21297;5;T;True;1
1621218670000;14098060;1.21294;1.213;1.21297;1;T;True;1
1621218671000;14098062;1.21294;1.213;1.21297;1;T;True;1
1621218672000;14098063;1.21294;1.213;1.21297;0;T;True;1
1621218673000;14098067;1.21294;1.213;1.21297;3;T;True;1
1621218674000;14098069;1.21294;1.213;1.21297;1;T;True;1
1621218675000;14098070;1.21294;1.213;1.21297;0;T;True;1
1621218676000;14098071;1.21294;1.213;1.21297;0;T;True;1
1621218677000;14098073;1.21294;1.213;1.21297;1;T;True;1
1621218678000;14098074;1.21294;1.213;1.21297;0;T;True;1
1621218679000;14098078;1.21294;1.213;1.21297;3;T;True;1
1621218680000;14098080;1.21294;1.213;1.21297;1;T;True;1
1621218681000;14098085;1.21294;1.213;1.21297;4;T;True;1
1621218682000;14098088;1.21294;1.213;1.21297;2;T;True;1
1621218683000;14098090;1.21294;1.213;1.21297;1;T;True;1
1621218684000;14098092;1.21294;1.213;1.21297;1;T;True;1
1621218685000;14098098;1.21294;1.213;1.21297;5;T;True;1
1621218686000;14098101;1.21294;1.213;1.21297;2;T;True;1
1621218687000;14098106;1.21294;1.213;1.21297;4;T;True;1
1621218688000;14098108;1.21294;1.213;1.21297;1;T;True;1
1621218689000;14098109;1.21294;1.213;1.21297;0;T;True;1
1621218690000;14098110;1.21294;1.213;1.21297;0;T;True;1
1621218691000;14098116;1.21294;1.213;1.21297;5;T;True;1
1621218692000;14098123;1.21294;1.213;1.21297;6;T;True;1
1621218693000;14098128;1.21294;1.213;1.21297;4;T;True;1
1621218694000;14098133;1.21294;1.213;1.21297;4;T;True;1
1621218695000;14098134;1.21294;1.213;1.21297;0;T;True;1
1621218696000;14098136;1.21294;1.213;1.21297;1;T;True;1
1621218697000;14098138;1.21294;1.213;1.21297;1;T;True;1
1621218698000;14098141;1.21294;1.213;1.21297;2;T;True;1
1621218699000;14098142;1.21294;1.213;1.21297;0;T;True;1
1621218700000;14098147;1.2129;1.21296;1.21293;4;T;True;1
1621218701000;14098155;1.2129;1.21296;1.21293;7;T;True;1
1621218702000;14098159;1.2129;1.21296;1.21293;3;T;True;1
1621218703000;14098160;1.2129;1.21296;1.21293;0;T;True;1
1621218704000;14098161;1.2129;1.21296;1.21293;0;T;True;1
1621218705000;14098166;1.21288;1.21294;1.21291;4;T;True;1
1621218706000;14098167;1.21288;1.21294;1.21291;0;T;True;1
1621218707000;14098169;1.21289;1.21295;1.21292;1;T;True;1
1621218708000;14098170;1.21289;1.21295;1.21292;0;T;True;1
1621218709000;14098172;1.2129;1.21296;1.21293;1;T;True;1
1621218710000;14098173;1.2129;1.21296;1.21293;0;T;True;1
1621218711000;14098174;1.2129;1.21296;1.21293;0;T;True;1
1621218712000;14098175;1.2129;1.21296;1.21293;0;T;True;1
1621218713000;14098177;1.21289;1.21295;1.21292;1;T;True;1
1621218714000;14098179;1.2129;1.21296;1.21293;1;T;True;1
1621218715000;14098181;1.21289;1.21295;1.21292;1;T;True;1
1621218716000;14098183;1.2129;1.21296;1.21293;1;T;True;1
1621218717000;14098184;1.2129;1.21296;1.21293;0;T;True;1
1621218718000;14098187;1.2129;1.21296;1.21293;2;T;True;1
1621218719000;14098188;1.2129;1.21296;1.21293;0;T;True;1
1621218720000;14098189;1.2129;1.21296;1.21293;0;T;True;1
1621218721000;14098190;1.2129;1.21296;1.21293;0;T;True;1
1621218722000;14098191;1.2129;1.21296;1.21293;0;T;True;1
1621218723000;14098192;1.2129;1.21296;1.21293;0;T;True;1
1621218724000;14098193;1.2129;1.21296;1.21293;0;T;True;1
1621218725000;14098199;1.2129;1.21296;1.21293;5;T;True;1
1621218726000;14098200;1.2129;1.21296;1.21293;0;T;True;1
1621218727000;14098202;1.2129;1.21296;1.21293;1;T;True;1
1621218728000;14098204;1.2129;1.21296;1.21293;1;T;True;1
1621218729000;14098206;1.2129;1.21296;1.21293;1;T;True;1
1621218730000;14098208;1.2129;1.21296;1.21293;1;T;True;1
1621218731000;14098210;1.2129;1.21296;1.21293;1;T;True;1
1621218732000;14098211;1.2129;1.21296;1.21293;0;T;True;1
1621218733000;14098212;1.2129;1.21296;1.21293;0;T;True;1
1621218734000;14098213;1.2129;1.21296;1.21293;0;T;True;1
1621218735000;14098214;1.2129;1.21296;1.21293;0;T;True;1
1621218736000;14098215;1.2129;1.21296;1.21293;0;T;True;1
1621218737000;14098216;1.2129;1.21296;1.21293;0;T;True;1
1621218738000;14098217;1.2129;1.21296;1.21293;0;T;True;1
1621218739000;14098218;1.2129;1.21296;1.21293;0;T;True;1
1621218740000;14098219;1.2129;1.21296;1.21293;0;T;True;1
1621218741000;14098220;1.2129;1.21296;1.21293;0;T;True;1
1621218742000;14098221;1.2129;1.21296;1.21293;0;T;True;1
1621218743000;14098222;1.2129;1.21296;1.21293;0;T;True;1
1621218744000;14098223;1.2129;1.21296;1.21293;0;T;True;1
1621218745000;14098224;1.2129;1.21296;1.21293;0;T;True;1
1621218746000;14098225;1.2129;1.21296;1.21293;0;T;True;1
1621218747000;14098232;1.21293;1.21299;1.21296;6;T;True;1
1621218748000;14098234;1.21293;1.21299;1.21296;1;T;True;1
1621218749000;14098235;1.21293;1.21299;1.21296;0;T;True;1
1621218750000;14098237;1.21292;1.21298;1.21295;1;T;True;1
1621218751000;14098240;1.21292;1.21298;1.21295;2;T;True;1
1621218752000;14098242;1.21292;1.21298;1.21295;1;T;True;1
1621218753000;14098247;1.21292;1.21298;1.21295;4;T;True;1
1621218754000;14098250;1.21292;1.21298;1.21295;2;T;True;1
1621218755000;14098252;1.21292;1.21298;1.21295;1;T;True;1
1621218756000;14098253;1.21292;1.21298;1.21295;0;T;True;1
1621218757000;14098254;1.21292;1.21298;1.21295;0;T;True;1
1621218758000;14098255;1.21292;1.21298;1.21295;0;T;True;1
1621218759000;14098256;1.21292;1.21298;1.21295;0;T;True;1
1621218760000;14098258;1.21292;1.21298;1.21295;1;T;True;1
1621218761000;14098259;1.21292;1.21298;1.21295;0;T;True;1
1621218762000;14098262;1.21292;1.21298;1.21295;2;T;True;1
1621218763000;14098264;1.21292;1.21298;1.21295;1;T;True;1
1621218764000;14098268;1.21292;1.21298;1.21295;3;T;True;1
1621218765000;14098270;1.21293;1.21299;1.21296;1;T;True;1
1621218766000;14098280;1.21294;1.213;1.21297;9;T;True;1
1621218767000;14098283;1.21294;1.213;1.21297;2;T;True;1
1621218768000;14098284;1.21294;1.213;1.21297;0;T;True;1
1621218769000;14098291;1.21298;1.21304;1.21301;6;T;True;1
1621218770000;14098293;1.21298;1.21304;1.21301;1;T;True;1
1621218771000;14098294;1.21298;1.21304;1.21301;0;T;True;1
1621218772000;14098296;1.21298;1.21304;1.21301;1;T;True;1
1621218773000;14098298;1.21298;1.21304;1.21301;1;T;True;1
1621218774000;14098302;1.21298;1.21304;1.21301;3;T;True;1
1621218775000;14098315;1.21304;1.2131;1.21307;12;T;True;1
1621218776000;14098321;1.21303;1.21309;1.21306;5;T;True;1
1621218777000;14098325;1.21304;1.2131;1.21307;3;T;True;1
1621218778000;14098335;1.21304;1.2131;1.21307;9;T;True;1
1621218779000;14098338;1.21304;1.2131;1.21307;2;T;True;1
1621218780000;14098342;1.21304;1.2131;1.21307;3;T;True;1
1621218781000;14098346;1.21304;1.2131;1.21307;3;T;True;1
1621218782000;14098355;1.21306;1.21312;1.21309;8;T;True;1
1621218783000;14098359;1.21306;1.21312;1.21309;3;T;True;1
1621218784000;14098360;1.21306;1.21312;1.21309;0;T;True;1
1621218785000;14098362;1.21306;1.21312;1.21309;1;T;True;1
1621218786000;14098372;1.21306;1.21312;1.21309;9;T;True;1
1621218787000;14098373;1.21306;1.21312;1.21309;0;T;True;1
1621218788000;14098380;1.21303;1.21309;1.21306;6;T;True;1
1621218789000;14098390;1.21304;1.2131;1.21307;9;T;True;1
1621218790000;14098394;1.21303;1.21309;1.21306;3;T;True;1
1621218791000;14098402;1.21298;1.21304;1.21301;7;T;True;1
1621218792000;14098415;1.21296;1.21302;1.21299;12;T;True;1
1621218793000;14098416;1.21296;1.21302;1.21299;0;T;True;1
1621218794000;14098420;1.21298;1.21304;1.21301;3;T;True;1
1621218795000;14098425;1.21298;1.21304;1.21301;4;T;True;1
1621218796000;14098427;1.21298;1.21304;1.21301;1;T;True;1
1621218797000;14098433;1.21296;1.21302;1.21299;5;T;True;1
1621218798000;14098434;1.21296;1.21302;1.21299;0;T;True;1
1621218799000;14098435;1.21296;1.21302;1.21299;0;T;True;1
1621218800000;14098436;1.21296;1.21302;1.21299;0;T;True;1
1621218801000;14098440;1.21297;1.21303;1.213;3;T;True;1
1621218802000;14098444;1.21297;1.21303;1.213;3;T;True;1
1621218803000;14098446;1.21297;1.21303;1.213;1;T;True;1
1621218804000;14098447;1.21297;1.21303;1.213;0;T;True;1
1621218805000;14098448;1.21297;1.21303;1.213;0;T;True;1
1621218806000;14098449;1.21297;1.21303;1.213;0;T;True;1
1621218807000;14098451;1.21297;1.21303;1.213;1;T;True;1
1621218808000;14098452;1.21297;1.21303;1.213;0;T;True;1
1621218809000;14098455;1.21297;1.21303;1.213;2;T;True;1
1621218810000;14098456;1.21297;1.21303;1.213;0;T;True;1
1621218811000;14098459;1.21297;1.21303;1.213;2;T;True;1
1621218812000;14098460;1.21297;1.21303;1.213;0;T;True;1
1621218813000;14098461;1.21297;1.21303;1.213;0;T;True;1
1621218814000;14098462;1.21297;1.21303;1.213;0;T;True;1
1621218815000;14098463;1.21297;1.21303;1.213;0;T;True;1
1621218816000;14098464;1.21297;1.21303;1.213;0;T;True;1
1621218817000;14098467;1.21298;1.21304;1.21301;2;T;True;1
1621218818000;14098468;1.21298;1.21304;1.21301;0;T;True;1
1621218819000;14098469;1.21298;1.21304;1.21301;0;T;True;1
1621218820000;14098478;1.21302;1.21308;1.21305;8;T;True;1
1621218821000;14098479;1.21302;1.21308;1.21305;0;T;True;1
1621218822000;14098480;1.21302;1.21308;1.21305;0;T;True;1
1621218823000;14098486;1.21302;1.21308;1.21305;5;T;True;1
1621218824000;14098492;1.21304;1.2131;1.21307;5;T;True;1
1621218825000;14098493;1.21304;1.2131;1.21307;0;T;True;1
1621218826000;14098496;1.21304;1.2131;1.21307;2;T;True;1
1621218827000;14098497;1.21304;1.2131;1.21307;0;T;True;1
1621218828000;14098498;1.21304;1.2131;1.21307;0;T;True;1
1621218829000;14098502;1.21303;1.21309;1.21306;3;T;True;1
1621218830000;14098506;1.21302;1.21308;1.21305;3;T;True;1
1621218831000;14098507;1.21302;1.21308;1.21305;0;T;True;1
1621218832000;14098508;1.21302;1.21308;1.21305;0;T;True;1
1621218833000;14098510;1.21302;1.21308;1.21305;1;T;True;1
1621218834000;14098516;1.21304;1.2131;1.21307;5;T;True;1
1621218835000;14098517;1.21304;1.2131;1.21307;0;T;True;1
1621218836000;14098518;1.21304;1.2131;1.21307;0;T;True;1
1621218837000;14098519;1.21304;1.2131;1.21307;0;T;True;1
1621218838000;14098523;1.21301;1.21307;1.21304;3;T;True;1
1621218839000;14098524;1.21301;1.21307;1.21304;0;T;True;1
1621218840000;14098525;1.21301;1.21307;1.21304;0;T;True;1
1621218841000;14098527;1.21301;1.21307;1.21304;1;T;True;1
1621218842000;14098535;1.21304;1.2131;1.21307;7;T;True;1
1621218843000;14098537;1.21304;1.2131;1.21307;1;T;True;1
1621218844000;14098538;1.21304;1.2131;1.21307;0;T;True;1
1621218845000;14098539;1.21304;1.2131;1.21307;0;T;True;1
1621218846000;14098547;1.21307;1.21313;1.2131;7;T;True;1
1621218847000;14098554;1.21309;1.21315;1.21312;6;T;True;1
1621218848000;14098559;1.21308;1.21314;1.21311;4;T;True;1
1621218849000;14098564;1.21307;1.21313;1.2131;4;T;True;1
1621218850000;14098566;1.21307;1.21313;1.2131;1;T;True;1
1621218851000;14098568;1.21306;1.21312;1.21309;1;T;True;1
1621218852000;14098569;1.21306;1.21312;1.21309;0;T;True;1
1621218853000;14098573;1.21306;1.21312;1.21309;3;T;True;1
1621218854000;14098577;1.21308;1.21314;1.21311;3;T;True;1
1621218855000;14098581;1.21308;1.21314;1.21311;3;T;True;1
1621218856000;14098586;1.2131;1.21316;1.21313;4;T;True;1
1621218857000;14098596;1.21303;1.21309;1.21306;9;T;True;1
1621218858000;14098597;1.21303;1.21309;1.21306;0;T;True;1
1621218859000;14098599;1.21304;1.2131;1.21307;1;T;True;1
1621218860000;14098600;1.21304;1.2131;1.21307;0;T;True;1
1621218861000;14098601;1.21304;1.2131;1.21307;0;T;True;1
1621218862000;14098602;1.21304;1.2131;1.21307;0;T;True;1
1621218863000;14098603;1.21304;1.2131;1.21307;0;T;True;1
1621218864000;14098605;1.21303;1.21309;1.21306;1;T;True;1
1621218865000;14098606;1.21303;1.21309;1.21306;0;T;True;1
1621218866000;14098608;1.21304;1.2131;1.21307;1;T;True;1
1621218867000;14098609;1.21304;1.2131;1.21307;0;T;True;1
1621218868000;14098613;1.21306;1.21312;1.21309;3;T;True;1
1621218869000;14098616;1.21306;1.21312;1.21309;2;T;True;1
1621218870000;14098624;1.21306;1.21312;1.21309;7;T;True;1
1621218871000;14098627;1.21306;1.21312;1.21309;2;T;True;1
1621218872000;14098629;1.21306;1.21312;1.21309;1;T;True;1
1621218873000;14098630;1.21306;1.21312;1.21309;0;T;True;1
1621218874000;14098631;1.21306;1.21312;1.21309;0;T;True;1
1621218875000;14098633;1.21306;1.21312;1.21309;1;T;True;1
1621218876000;14098634;1.21306;1.21312;1.21309;0;T;True;1
1621218877000;14098635;1.21306;1.21312;1.21309;0;T;True;1
1621218878000;14098639;1.21306;1.21312;1.21309;3;T;True;1
1621218879000;14098643;1.21306;1.21312;1.21309;3;T;True;1
1621218880000;14098646;1.21306;1.21312;1.21309;2;T;True;1
1621218881000;14098651;1.21309;1.21315;1.21312;4;T;True;1
1621218882000;14098652;1.21309;1.21315;1.21312;0;T;True;1
1621218883000;14098653;1.21309;1.21315;1.21312;0;T;True;1
1621218884000;14098659;1.21308;1.21314;1.21311;5;T;True;1
1621218885000;14098660;1.21308;1.21314;1.21311;0;T;True;1
1621218886000;14098662;1.21308;1.21314;1.21311;1;T;True;1
1621218887000;14098665;1.21308;1.21314;1.21311;2;T;True;1
1621218888000;14098666;1.21308;1.21314;1.21311;0;T;True;1
1621218889000;14098667;1.21308;1.21314;1.21311;0;T;True;1
1621218890000;14098669;1.21307;1.21313;1.2131;1;T;True;1
1621218891000;14098674;1.21307;1.21313;1.2131;4;T;True;1
1621218892000;14098676;1.21307;1.21313;1.2131;1;T;True;1
1621218893000;14098679;1.21308;1.21314;1.21311;2;T;True;1
1621218894000;14098680;1.21308;1.21314;1.21311;0;T;True;1
1621218895000;14098681;1.21308;1.21314;1.21311;0;T;True;1
1621218896000;14098682;1.21308;1.21314;1.21311;0;T;True;1
1621218897000;14098683;1.21308;1.21314;1.21311;0;T;True;1
1621218898000;14098685;1.21308;1.21314;1.21311;1;T;True;1
1621218899000;14098686;1.21308;1.21314;1.21311;0;T;True;1
1621218900000;14098687;1.21308;1.21314;1.21311;0;T;True;1
1621218901000;14098690;1.21308;1.21314;1.21311;2;T;True;1
1621218902000;14098691;1.21308;1.21314;1.21311;0;T;True;1
1621218903000;14098693;1.21308;1.21314;1.21311;1;T;True;1
1621218904000;14098694;1.21308;1.21314;1.21311;0;T;True;1
1621218905000;14098701;1.21302;1.21308;1.21305;6;T;True;1
1621218906000;14098707;1.21302;1.21308;1.21305;5;T;True;1
1621218907000;14098709;1.21302;1.21308;1.21305;1;T;True;1
1621218908000;14098711;1.21302;1.21308;1.21305;1;T;True;1
1621218909000;14098712;1.21302;1.21308;1.21305;0;T;True;1
1621218910000;14098713;1.21302;1.21308;1.21305;0;T;True;1
1621218911000;14098716;1.21303;1.21309;1.21306;2;T;True;1
1621218912000;14098718;1.21304;1.2131;1.21307;1;T;True;1
1621218913000;14098719;1.21304;1.2131;1.21307;0;T;True;1
1621218914000;14098721;1.21304;1.2131;1.21307;1;T;True;1
1621218915000;14098722;1.21304;1.2131;1.21307;0;T;True;1
1621218916000;14098723;1.21304;1.2131;1.21307;0;T;True;1
1621218917000;14098724;1.21304;1.2131;1.21307;0;T;True;1
1621218918000;14098729;1.21303;1.21309;1.21306;4;T;True;1
1621218919000;14098730;1.21303;1.21309;1.21306;0;T;True;1
1621218920000;14098731;1.21303;1.21309;1.21306;0;T;True;1
1621218921000;14098732;1.21303;1.21309;1.21306;0;T;True;1
1621218922000;14098733;1.21303;1.21309;1.21306;0;T;True;1
1621218923000;14098735;1.21304;1.2131;1.21307;1;T;True;1
1621218924000;14098738;1.21304;1.2131;1.21307;2;T;True;1
1621218925000;14098741;1.21304;1.2131;1.21307;2;T;True;1
1621218926000;14098742;1.21304;1.2131;1.21307;0;T;True;1
1621218927000;14098745;1.21305;1.21311;1.21308;2;T;True;1
1621218928000;14098746;1.21305;1.21311;1.21308;0;T;True;1
1621218929000;14098747;1.21305;1.21311;1.21308;0;T;True;1
1621218930000;14098748;1.21305;1.21311;1.21308;0;T;True;1
1621218931000;14098753;1.21306;1.21312;1.21309;4;T;True;1
1621218932000;14098755;1.21306;1.21312;1.21309;1;T;True;1
1621218933000;14098757;1.21306;1.21312;1.21309;1;T;True;1
1621218934000;14098758;1.21306;1.21312;1.21309;0;T;True;1
1621218935000;14098759;1.21306;1.21312;1.21309;0;T;True;1
1621218936000;14098760;1.21306;1.21312;1.21309;0;T;True;1
1621218937000;14098761;1.21306;1.21312;1.21309;0;T;True;1
1621218938000;14098763;1.21306;1.21312;1.21309;1;T;True;1
1621218939000;14098764;1.21306;1.21312;1.21309;0;T;True;1
1621218940000;14098765;1.21306;1.21312;1.21309;0;T;True;1
1621218941000;14098766;1.21306;1.21312;1.21309;0;T;True;1
1621218942000;14098767;1.21306;1.21312;1.21309;0;T;True;1
1621218943000;14098768;1.21306;1.21312;1.21309;0;T;True;1
1621218944000;14098769;1.21306;1.21312;1.21309;0;T;True;1
1621218945000;14098770;1.21306;1.21312;1.21309;0;T;True;1
1621218946000;14098771;1.21306;1.21312;1.21309;0;T;True;1
1621218947000;14098772;1.21306;1.21312;1.21309;0;T;True;1
1621218948000;14098774;1.21306;1.21312;1.21309;1;T;True;1
1621218949000;14098775;1.21306;1.21312;1.21309;0;T;True;1
1621218950000;14098778;1.21306;1.21312;1.21309;2;T;True;1
1621218951000;14098780;1.21306;1.21312;1.21309;1;T;True;1
1621218952000;14098783;1.21306;1.21312;1.21309;2;T;True;1
1621218953000;14098784;1.21306;1.21312;1.21309;0;T;True;1
1621218954000;14098785;1.21306;1.21312;1.21309;0;T;True;1
1621218955000;14098786;1.21306;1.21312;1.21309;0;T;True;1
1621218956000;14098789;1.21306;1.21312;1.21309;2;T;True;1
1621218957000;14098791;1.21306;1.21312;1.21309;1;T;True;1
1621218958000;14098792;1.21306;1.21312;1.21309;0;T;True;1
1621218959000;14098793;1.21306;1.21312;1.21309;0;T;True;1
1621218960000;14098794;1.21306;1.21312;1.21309;0;T;True;1
1621218961000;14098795;1.21306;1.21312;1.21309;0;T;True;1
1621218962000;14098797;1.21306;1.21312;1.21309;1;T;True;1
1621218963000;14098800;1.21306;1.21312;1.21309;2;T;True;1
1621218964000;14098801;1.21306;1.21312;1.21309;0;T;True;1
1621218965000;14098804;1.21306;1.21312;1.21309;2;T;True;1
1621218966000;14098806;1.21306;1.21312;1.21309;1;T;True;1
1621218967000;14098808;1.21306;1.21312;1.21309;1;T;True;1
1621218968000;14098811;1.21305;1.21311;1.21308;2;T;True;1
1621218969000;14098813;1.21306;1.21312;1.21309;1;T;True;1
1621218970000;14098814;1.21306;1.21312;1.21309;0;T;True;1
1621218971000;14098815;1.21306;1.21312;1.21309;0;T;True;1
1621218972000;14098817;1.21306;1.21312;1.21309;1;T;True;1
1621218973000;14098818;1.21306;1.21312;1.21309;0;T;True;1
1621218974000;14098819;1.21306;1.21312;1.21309;0;T;True;1
1621218975000;14098820;1.21306;1.21312;1.21309;0;T;True;1
1621218976000;14098823;1.21308;1.21314;1.21311;2;T;True;1
1621218977000;14098827;1.21308;1.21314;1.21311;3;T;True;1
1621218978000;14098829;1.2131;1.21316;1.21313;1;T;True;1
1621218979000;14098830;1.2131;1.21316;1.21313;0;T;True;1
1621218980000;14098831;1.2131;1.21316;1.21313;0;T;True;1
1621218981000;14098832;1.2131;1.21316;1.21313;0;T;True;1
1621218982000;14098833;1.2131;1.21316;1.21313;0;T;True;1
1621218983000;14098834;1.2131;1.21316;1.21313;0;T;True;1
1621218984000;14098835;1.2131;1.21316;1.21313;0;T;True;1
1621218985000;14098837;1.21309;1.21315;1.21312;1;T;True;1
1621218986000;14098838;1.21309;1.21315;1.21312;0;T;True;1
1621218987000;14098839;1.21309;1.21315;1.21312;0;T;True;1
1621218988000;14098840;1.21309;1.21315;1.21312;0;T;True;1
1621218989000;14098847;1.21306;1.21312;1.21309;6;T;True;1
1621218990000;14098849;1.21308;1.21314;1.21311;1;T;True;1
1621218991000;14098850;1.21308;1.21314;1.21311;0;T;True;1
1621218992000;14098851;1.21308;1.21314;1.21311;0;T;True;1
1621218993000;14098852;1.21308;1.21314;1.21311;0;T;True;1
1621218994000;14098853;1.21308;1.21314;1.21311;0;T;True;1
1621218995000;14098854;1.21308;1.21314;1.21311;0;T;True;1
1621218996000;14098855;1.21308;1.21314;1.21311;0;T;True;1
1621218997000;14098856;1.21308;1.21314;1.21311;0;T;True;1
1621218998000;14098857;1.21308;1.21314;1.21311;0;T;True;1
1621218999000;14098858;1.21308;1.21314;1.21311;0;T;True;1
1621219000000;14098859;1.21308;1.21314;1.21311;0;T;True;1
1621219001000;14098860;1.21308;1.21314;1.21311;0;T;True;1
1621219002000;14098861;1.21308;1.21314;1.21311;0;T;True;1
1621219003000;14098862;1.21308;1.21314;1.21311;0;T;True;1
1621219004000;14098863;1.21308;1.21314;1.21311;0;T;True;1
1621219005000;14098864;1.21308;1.21314;1.21311;0;T;True;1
1621219006000;14098865;1.21308;1.21314;1.21311;0;T;True;1
1621219007000;14098867;1.21308;1.21314;1.21311;1;T;True;1
1621219008000;14098873;1.21309;1.21315;1.21312;5;T;True;1
1621219009000;14098875;1.2131;1.21316;1.21313;1;T;True;1
1621219010000;14098876;1.2131;1.21316;1.21313;0;T;True;1
1621219011000;14098877;1.2131;1.21316;1.21313;0;T;True;1
1621219012000;14098878;1.2131;1.21316;1.21313;0;T;True;1
1621219013000;14098879;1.2131;1.21316;1.21313;0;T;True;1
1621219014000;14098882;1.2131;1.21316;1.21313;2;T;True;1
1621219015000;14098884;1.2131;1.21316;1.21313;1;T;True;1
1621219016000;14098890;1.21313;1.21319;1.21316;5;T;True;1
1621219017000;14098894;1.21314;1.2132;1.21317;3;T;True;1
1621219018000;14098897;1.21314;1.2132;1.21317;2;T;True;1
1621219019000;14098903;1.21314;1.2132;1.21317;5;T;True;1
1621219020000;14098905;1.21315;1.21321;1.21318;1;T;True;1
1621219021000;14098907;1.21315;1.21321;1.21318;1;T;True;1
1621219022000;14098909;1.21314;1.2132;1.21317;1;T;True;1
1621219023000;14098910;1.21314;1.2132;1.21317;0;T;True;1
1621219024000;14098911;1.21314;1.2132;1.21317;0;T;True;1
1621219025000;14098913;1.21314;1.2132;1.21317;1;T;True;1
1621219026000;14098914;1.21314;1.2132;1.21317;0;T;True;1
1621219027000;14098915;1.21314;1.2132;1.21317;0;T;True;1
1621219028000;14098918;1.21314;1.2132;1.21317;2;T;True;1
1621219029000;14098919;1.21314;1.2132;1.21317;0;T;True;1
1621219030000;14098920;1.21314;1.2132;1.21317;0;T;True;1
1621219031000;14098921;1.21314;1.2132;1.21317;0;T;True;1
1621219032000;14098924;1.21316;1.21322;1.21319;2;T;True;1
1621219033000;14098925;1.21316;1.21322;1.21319;0;T;True;1
1621219034000;14098927;1.21316;1.21322;1.21319;1;T;True;1
1621219035000;14098930;1.21314;1.2132;1.21317;2;T;True;1
1621219036000;14098931;1.21314;1.2132;1.21317;0;T;True;1
1621219037000;14098932;1.21314;1.2132;1.21317;0;T;True;1
1621219038000;14098933;1.21314;1.2132;1.21317;0;T;True;1
1621219039000;14098934;1.21314;1.2132;1.21317;0;T;True;1
1621219040000;14098942;1.21318;1.21324;1.21321;7;T;True;1
1621219041000;14098944;1.21318;1.21324;1.21321;1;T;True;1
1621219042000;14098951;1.21319;1.21325;1.21322;6;T;True;1
1621219043000;14098955;1.2132;1.21326;1.21323;3;T;True;1
1621219044000;14098958;1.2132;1.21326;1.21323;2;T;True;1
1621219045000;14098960;1.2132;1.21326;1.21323;1;T;True;1
1621219046000;14098972;1.21324;1.2133;1.21327;11;T;True;1
1621219047000;14098975;1.21324;1.2133;1.21327;2;T;True;1
1621219048000;14098976;1.21324;1.2133;1.21327;0;T;True;1
1621219049000;14098977;1.21324;1.2133;1.21327;0;T;True;1
1621219050000;14098980;1.21324;1.2133;1.21327;2;T;True;1
1621219051000;14098982;1.21324;1.2133;1.21327;1;T;True;1
1621219052000;14098983;1.21324;1.2133;1.21327;0;T;True;1
1621219053000;14098984;1.21324;1.2133;1.21327;0;T;True;1
1621219054000;14098986;1.21324;1.2133;1.21327;1;T;True;1
1621219055000;14098987;1.21324;1.2133;1.21327;0;T;True;1
1621219056000;14098988;1.21324;1.2133;1.21327;0;T;True;1
1621219057000;14098989;1.21324;1.2133;1.21327;0;T;True;1
1621219058000;14098990;1.21324;1.2133;1.21327;0;T;True;1
1621219059000;14098991;1.21324;1.2133;1.21327;0;T;True;1
1621219060000;14098993;1.21324;1.2133;1.21327;1;T;True;1
1621219061000;14098994;1.21324;1.2133;1.21327;0;T;True;1
1621219062000;14098995;1.21324;1.2133;1.21327;0;T;True;1
1621219063000;14098997;1.21324;1.2133;1.21327;1;T;True;1
1621219064000;14098998;1.21324;1.2133;1.21327;0;T;True;1
1621219065000;14098999;1.21324;1.2133;1.21327;0;T;True;1
1621219066000;14099009;1.21328;1.21334;1.21331;9;T;True;1
1621219067000;14099010;1.21328;1.21334;1.21331;0;T;True;1
1621219068000;14099013;1.21329;1.21335;1.21332;2;T;True;1
1621219069000;14099020;1.2133;1.21336;1.21333;6;T;True;1
1621219070000;14099021;1.2133;1.21336;1.21333;0;T;True;1
1621219071000;14099026;1.21333;1.21339;1.21336;4;T;True;1
1621219072000;14099034;1.21332;1.21338;1.21335;7;T;True;1
1621219073000;14099037;1.21332;1.21338;1.21335;2;T;True;1
1621219074000;14099039;1.21332;1.21338;1.21335;1;T;True;1
1621219075000;14099046;1.21331;1.21337;1.21334;6;T;True;1
1621219076000;14099048;1.2133;1.21336;1.21333;1;T;True;1
1621219077000;14099053;1.21331;1.21337;1.21334;4;T;True;1
1621219078000;14099054;1.21331;1.21337;1.21334;0;T;True;1
1621219079000;14099057;1.21332;1.21338;1.21335;2;T;True;1
1621219080000;14099058;1.21332;1.21338;1.21335;0;T;True;1
1621219081000;14099059;1.21332;1.21338;1.21335;0;T;True;1
1621219082000;14099060;1.21332;1.21338;1.21335;0;T;True;1
1621219083000;14099063;1.21332;1.21338;1.21335;2;T;True;1
1621219084000;14099066;1.21332;1.21338;1.21335;2;T;True;1
1621219085000;14099072;1.2133;1.21336;1.21333;5;T;True;1
1621219086000;14099073;1.2133;1.21336;1.21333;0;T;True;1
1621219087000;14099074;1.2133;1.21336;1.21333;0;T;True;1
1621219088000;14099077;1.2133;1.21336;1.21333;2;T;True;1
1621219089000;14099078;1.2133;1.21336;1.21333;0;T;True;1
1621219090000;14099079;1.2133;1.21336;1.21333;0;T;True;1
1621219091000;14099081;1.2133;1.21336;1.21333;1;T;True;1
1621219092000;14099086;1.2133;1.21336;1.21333;4;T;True;1
1621219093000;14099087;1.2133;1.21336;1.21333;0;T;True;1
1621219094000;14099089;1.2133;1.21336;1.21333;1;T;True;1
1621219095000;14099091;1.2133;1.21336;1.21333;1;T;True;1
1621219096000;14099092;1.2133;1.21336;1.21333;0;T;True;1
1621219097000;14099094;1.21329;1.21335;1.21332;1;T;True;1
1621219098000;14099095;1.21329;1.21335;1.21332;0;T;True;1
1621219099000;14099096;1.21329;1.21335;1.21332;0;T;True;1
1621219100000;14099100;1.2133;1.21336;1.21333;3;T;True;1
1621219101000;14099101;1.2133;1.21336;1.21333;0;T;True;1
1621219102000;14099102;1.2133;1.21336;1.21333;0;T;True;1
1621219103000;14099103;1.2133;1.21336;1.21333;0;T;True;1
1621219104000;14099104;1.2133;1.21336;1.21333;0;T;True;1
1621219105000;14099105;1.2133;1.21336;1.21333;0;T;True;1
1621219106000;14099110;1.21331;1.21337;1.21334;4;T;True;1
1621219107000;14099111;1.21331;1.21337;1.21334;0;T;True;1
1621219108000;14099112;1.21331;1.21337;1.21334;0;T;True;1
1621219109000;14099116;1.2133;1.21336;1.21333;3;T;True;1
1621219110000;14099117;1.2133;1.21336;1.21333;0;T;True;1
1621219111000;14099118;1.2133;1.21336;1.21333;0;T;True;1
1621219112000;14099119;1.2133;1.21336;1.21333;0;T;True;1
1621219113000;14099120;1.2133;1.21336;1.21333;0;T;True;1
1621219114000;14099121;1.2133;1.21336;1.21333;0;T;True;1
1621219115000;14099122;1.2133;1.21336;1.21333;0;T;True;1
1621219116000;14099123;1.2133;1.21336;1.21333;0;T;True;1
1621219117000;14099124;1.2133;1.21336;1.21333;0;T;True;1
1621219118000;14099125;1.2133;1.21336;1.21333;0;T;True;1
1621219119000;14099126;1.2133;1.21336;1.21333;0;T;True;1
1621219120000;14099127;1.2133;1.21336;1.21333;0;T;True;1
1621219121000;14099128;1.2133;1.21336;1.21333;0;T;True;1
1621219122000;14099129;1.2133;1.21336;1.21333;0;T;True;1
1621219123000;14099130;1.2133;1.21336;1.21333;0;T;True;1
1621219124000;14099132;1.21329;1.21335;1.21332;1;T;True;1
1621219125000;14099133;1.21329;1.21335;1.21332;0;T;True;1
1621219126000;14099135;1.21328;1.21334;1.21331;1;T;True;1
1621219127000;14099137;1.21326;1.21332;1.21329;1;T;True;1
1621219128000;14099138;1.21326;1.21332;1.21329;0;T;True;1
1621219129000;14099139;1.21326;1.21332;1.21329;0;T;True;1
1621219130000;14099142;1.21326;1.21332;1.21329;2;T;True;1
1621219131000;14099145;1.21326;1.21332;1.21329;2;T;True;1
1621219132000;14099146;1.21326;1.21332;1.21329;0;T;True;1
1621219133000;14099147;1.21326;1.21332;1.21329;0;T;True;1
1621219134000;14099149;1.21326;1.21332;1.21329;1;T;True;1
1621219135000;14099150;1.21326;1.21332;1.21329;0;T;True;1
1621219136000;14099151;1.21326;1.21332;1.21329;0;T;True;1
1621219137000;14099152;1.21326;1.21332;1.21329;0;T;True;1
1621219138000;14099153;1.21326;1.21332;1.21329;0;T;True;1
1621219139000;14099154;1.21326;1.21332;1.21329;0;T;True;1
1621219140000;14099155;1.21326;1.21332;1.21329;0;T;True;1
1621219141000;14099156;1.21326;1.21332;1.21329;0;T;True;1
1621219142000;14099167;1.21326;1.21332;1.21329;10;T;True;1
1621219143000;14099169;1.21326;1.21332;1.21329;1;T;True;1
1621219144000;14099174;1.21326;1.21332;1.21329;4;T;True;1
1621219145000;14099176;1.21326;1.21332;1.21329;1;T;True;1
1621219146000;14099177;1.21326;1.21332;1.21329;0;T;True;1
1621219147000;14099178;1.21326;1.21332;1.21329;0;T;True;1
1621219148000;14099180;1.21326;1.21332;1.21329;1;T;True;1
1621219149000;14099183;1.21326;1.21332;1.21329;2;T;True;1
1621219150000;14099184;1.21326;1.21332;1.21329;0;T;True;1
1621219151000;14099185;1.21326;1.21332;1.21329;0;T;True;1
1621219152000;14099191;1.21325;1.21331;1.21328;5;T;True;1
1621219153000;14099192;1.21325;1.21331;1.21328;0;T;True;1
1621219154000;14099195;1.21324;1.2133;1.21327;2;T;True;1
1621219155000;14099196;1.21324;1.2133;1.21327;0;T;True;1
1621219156000;14099199;1.21324;1.2133;1.21327;2;T;True;1
1621219157000;14099200;1.21324;1.2133;1.21327;0;T;True;1
1621219158000;14099201;1.21324;1.2133;1.21327;0;T;True;1
1621219159000;14099202;1.21324;1.2133;1.21327;0;T;True;1
1621219160000;14099203;1.21324;1.2133;1.21327;0;T;True;1
1621219161000;14099206;1.21324;1.2133;1.21327;2;T;True;1
1621219162000;14099207;1.21324;1.2133;1.21327;0;T;True;1
1621219163000;14099210;1.21324;1.2133;1.21327;2;T;True;1
1621219164000;14099211;1.21324;1.2133;1.21327;0;T;True;1
1621219165000;14099213;1.21324;1.2133;1.21327;1;T;True;1
1621219166000;14099214;1.21324;1.2133;1.21327;0;T;True;1
1621219167000;14099216;1.21324;1.2133;1.21327;1;T;True;1
1621219168000;14099220;1.21326;1.21332;1.21329;3;T;True;1
1621219169000;14099221;1.21326;1.21332;1.21329;0;T;True;1
1621219170000;14099222;1.21326;1.21332;1.21329;0;T;True;1
1621219171000;14099223;1.21326;1.21332;1.21329;0;T;True;1
1621219172000;14099227;1.21326;1.21332;1.21329;3;T;True;1
1621219173000;14099229;1.21326;1.21332;1.21329;1;T;True;1
1621219174000;14099230;1.21326;1.21332;1.21329;0;T;True;1
1621219175000;14099232;1.21326;1.21332;1.21329;1;T;True;1
1621219176000;14099233;1.21326;1.21332;1.21329;0;T;True;1
1621219177000;14099234;1.21326;1.21332;1.21329;0;T;True;1
1621219178000;14099235;1.21326;1.21332;1.21329;0;T;True;1
1621219179000;14099236;1.21326;1.21332;1.21329;0;T;True;1
1621219180000;14099237;1.21326;1.21332;1.21329;0;T;True;1
1621219181000;14099241;1.21326;1.21332;1.21329;3;T;True;1
1621219182000;14099242;1.21326;1.21332;1.21329;0;T;True;1
1621219183000;14099244;1.21326;1.21332;1.21329;1;T;True;1
1621219184000;14099246;1.21326;1.21332;1.21329;1;T;True;1
1621219185000;14099247;1.21326;1.21332;1.21329;0;T;True;1
1621219186000;14099254;1.21326;1.21332;1.21329;6;T;True;1
1621219187000;14099257;1.21325;1.21331;1.21328;2;T;True;1
1621219188000;14099258;1.21325;1.21331;1.21328;0;T;True;1
1621219189000;14099259;1.21325;1.21331;1.21328;0;T;True;1
1621219190000;14099260;1.21325;1.21331;1.21328;0;T;True;1
1621219191000;14099261;1.21325;1.21331;1.21328;0;T;True;1
1621219192000;14099262;1.21325;1.21331;1.21328;0;T;True;1
1621219193000;14099264;1.21325;1.21331;1.21328;1;T;True;1
1621219194000;14099276;1.21321;1.21327;1.21324;11;T;True;1
1621219195000;14099277;1.21321;1.21327;1.21324;0;T;True;1
1621219196000;14099281;1.2132;1.21326;1.21323;3;T;True;1
1621219197000;14099284;1.2132;1.21326;1.21323;2;T;True;1
1621219198000;14099286;1.2132;1.21326;1.21323;1;T;True;1
1621219199000;14099287;1.2132;1.21326;1.21323;0;T;True;1
1621219200000;14099288;1.2132;1.21326;1.21323;0;T;True;1
1621219201000;14099289;1.2132;1.21326;1.21323;0;T;True;1
1621219202000;14099292;1.2132;1.21326;1.21323;2;T;True;1
1621219203000;14099293;1.2132;1.21326;1.21323;0;T;True;1
1621219204000;14099294;1.2132;1.21326;1.21323;0;T;True;1
1621219205000;14099295;1.2132;1.21326;1.21323;0;T;True;1
1621219206000;14099302;1.21322;1.21328;1.21325;6;T;True;1
1621219207000;14099306;1.21323;1.21329;1.21326;3;T;True;1
1621219208000;14099307;1.21323;1.21329;1.21326;0;T;True;1
1621219209000;14099308;1.21323;1.21329;1.21326;0;T;True;1
1621219210000;14099310;1.21324;1.2133;1.21327;1;T;True;1
1621219211000;14099311;1.21324;1.2133;1.21327;0;T;True;1
1621219212000;14099312;1.21324;1.2133;1.21327;0;T;True;1
1621219213000;14099313;1.21324;1.2133;1.21327;0;T;True;1
1621219214000;14099314;1.21324;1.2133;1.21327;0;T;True;1
1621219215000;14099315;1.21324;1.2133;1.21327;0;T;True;1
1621219216000;14099316;1.21324;1.2133;1.21327;0;T;True;1
1621219217000;14099317;1.21324;1.2133;1.21327;0;T;True;1
1621219218000;14099319;1.21323;1.21329;1.21326;1;T;True;1
1621219219000;14099322;1.21322;1.21328;1.21325;2;T;True;1
1621219220000;14099324;1.21322;1.21328;1.21325;1;T;True;1
1621219221000;14099326;1.21321;1.21327;1.21324;1;T;True;1
1621219222000;14099329;1.21322;1.21328;1.21325;2;T;True;1
1621219223000;14099331;1.21323;1.21329;1.21326;1;T;True;1
1621219224000;14099333;1.21323;1.21329;1.21326;1;T;True;1
1621219225000;14099336;1.21323;1.21329;1.21326;2;T;True;1
1621219226000;14099338;1.21323;1.21329;1.21326;1;T;True;1
1621219227000;14099339;1.21323;1.21329;1.21326;0;T;True;1
1621219228000;14099340;1.21323;1.21329;1.21326;0;T;True;1
1621219229000;14099344;1.21324;1.2133;1.21327;3;T;True;1
1621219230000;14099345;1.21324;1.2133;1.21327;0;T;True;1
1621219231000;14099346;1.21324;1.2133;1.21327;0;T;True;1
1621219232000;14099348;1.21324;1.2133;1.21327;1;T;True;1
1621219233000;14099349;1.21324;1.2133;1.21327;0;T;True;1
1621219234000;14099350;1.21324;1.2133;1.21327;0;T;True;1
1621219235000;14099354;1.21324;1.2133;1.21327;3;T;True;1
1621219236000;14099355;1.21324;1.2133;1.21327;0;T;True;1
1621219237000;14099356;1.21324;1.2133;1.21327;0;T;True;1
1621219238000;14099357;1.21324;1.2133;1.21327;0;T;True;1
1621219239000;14099358;1.21324;1.2133;1.21327;0;T;True;1
1621219240000;14099359;1.21324;1.2133;1.21327;0;T;True;1
1621219241000;14099360;1.21324;1.2133;1.21327;0;T;True;1
1621219242000;14099361;1.21324;1.2133;1.21327;0;T;True;1
1621219243000;14099363;1.21324;1.2133;1.21327;1;T;True;1
1621219244000;14099364;1.21324;1.2133;1.21327;0;T;True;1
1621219245000;14099365;1.21324;1.2133;1.21327;0;T;True;1
1621219246000;14099371;1.21321;1.21327;1.21324;5;T;True;1
1621219247000;14099372;1.21321;1.21327;1.21324;0;T;True;1
1621219248000;14099375;1.21322;1.21328;1.21325;2;T;True;1
1621219249000;14099376;1.21322;1.21328;1.21325;0;T;True;1
1621219250000;14099377;1.21322;1.21328;1.21325;0;T;True;1
1621219251000;14099379;1.21323;1.21329;1.21326;1;T;True;1
1621219252000;14099381;1.21322;1.21328;1.21325;1;T;True;1
1621219253000;14099382;1.21322;1.21328;1.21325;0;T;True;1
1621219254000;14099385;1.21322;1.21328;1.21325;2;T;True;1
1621219255000;14099387;1.21323;1.21329;1.21326;1;T;True;1
1621219256000;14099389;1.21322;1.21328;1.21325;1;T;True;1
1621219257000;14099390;1.21322;1.21328;1.21325;0;T;True;1
1621219258000;14099395;1.21322;1.21328;1.21325;4;T;True;1
1621219259000;14099397;1.21323;1.21329;1.21326;1;T;True;1
1621219260000;14099398;1.21323;1.21329;1.21326;0;T;True;1
1621219261000;14099402;1.21322;1.21328;1.21325;3;T;True;1
1621219262000;14099403;1.21322;1.21328;1.21325;0;T;True;1
1621219263000;14099406;1.21324;1.2133;1.21327;2;T;True;1
1621219264000;14099410;1.21324;1.2133;1.21327;3;T;True;1
1621219265000;14099411;1.21324;1.2133;1.21327;0;T;True;1
1621219266000;14099412;1.21324;1.2133;1.21327;0;T;True;1
1621219267000;14099413;1.21324;1.2133;1.21327;0;T;True;1
1621219268000;14099414;1.21324;1.2133;1.21327;0;T;True;1
1621219269000;14099415;1.21324;1.2133;1.21327;0;T;True;1
1621219270000;14099416;1.21324;1.2133;1.21327;0;T;True;1
1621219271000;14099418;1.21324;1.2133;1.21327;1;T;True;1
1621219272000;14099420;1.21324;1.2133;1.21327;1;T;True;1
1621219273000;14099421;1.21324;1.2133;1.21327;0;T;True;1
1621219274000;14099425;1.21324;1.2133;1.21327;3;T;True;1
1621219275000;14099427;1.21324;1.2133;1.21327;1;T;True;1
1621219276000;14099428;1.21324;1.2133;1.21327;0;T;True;1
1621219277000;14099429;1.21324;1.2133;1.21327;0;T;True;1
1621219278000;14099430;1.21324;1.2133;1.21327;0;T;True;1
1621219279000;14099431;1.21324;1.2133;1.21327;0;T;True;1
1621219280000;14099432;1.21324;1.2133;1.21327;0;T;True;1
1621219281000;14099433;1.21324;1.2133;1.21327;0;T;True;1
1621219282000;14099434;1.21324;1.2133;1.21327;0;T;True;1
1621219283000;14099436;1.21324;1.2133;1.21327;1;T;True;1
1621219284000;14099437;1.21324;1.2133;1.21327;0;T;True;1
1621219285000;14099438;1.21324;1.2133;1.21327;0;T;True;1
1621219286000;14099439;1.21324;1.2133;1.21327;0;T;True;1
1621219287000;14099440;1.21324;1.2133;1.21327;0;T;True;1
1621219288000;14099441;1.21324;1.2133;1.21327;0;T;True;1
1621219289000;14099443;1.21324;1.2133;1.21327;1;T;True;1
1621219290000;14099447;1.21324;1.2133;1.21327;3;T;True;1
1621219291000;14099448;1.21324;1.2133;1.21327;0;T;True;1
1621219292000;14099449;1.21324;1.2133;1.21327;0;T;True;1
1621219293000;14099450;1.21324;1.2133;1.21327;0;T;True;1
1621219294000;14099451;1.21324;1.2133;1.21327;0;T;True;1
1621219295000;14099452;1.21324;1.2133;1.21327;0;T;True;1
1621219296000;14099453;1.21324;1.2133;1.21327;0;T;True;1
1621219297000;14099454;1.21324;1.2133;1.21327;0;T;True;1
1621219298000;14099455;1.21324;1.2133;1.21327;0;T;True;1
1621219299000;14099456;1.21324;1.2133;1.21327;0;T;True;1
1621219300000;14099457;1.21324;1.2133;1.21327;0;T;True;1
1621219301000;14099458;1.21324;1.2133;1.21327;0;T;True;1
1621219302000;14099461;1.21324;1.2133;1.21327;2;T;True;1
1621219303000;14099464;1.21322;1.21328;1.21325;2;T;True;1
1621219304000;14099466;1.21322;1.21328;1.21325;1;T;True;1
1621219305000;14099468;1.21322;1.21328;1.21325;1;T;True;1
1621219306000;14099473;1.21324;1.2133;1.21327;4;T;True;1
1621219307000;14099474;1.21324;1.2133;1.21327;0;T;True;1
1621219308000;14099475;1.21324;1.2133;1.21327;0;T;True;1
1621219309000;14099476;1.21324;1.2133;1.21327;0;T;True;1
1621219310000;14099479;1.21322;1.21328;1.21325;2;T;True;1
1621219311000;14099481;1.21321;1.21327;1.21324;1;T;True;1
1621219312000;14099482;1.21321;1.21327;1.21324;0;T;True;1
1621219313000;14099484;1.21322;1.21328;1.21325;1;T;True;1
1621219314000;14099486;1.21323;1.21329;1.21326;1;T;True;1
1621219315000;14099489;1.21324;1.2133;1.21327;2;T;True;1
1621219316000;14099490;1.21324;1.2133;1.21327;0;T;True;1
1621219317000;14099491;1.21324;1.2133;1.21327;0;T;True;1
1621219318000;14099492;1.21324;1.2133;1.21327;0;T;True;1
1621219319000;14099493;1.21324;1.2133;1.21327;0;T;True;1
1621219320000;14099494;1.21324;1.2133;1.21327;0;T;True;1
1621219321000;14099495;1.21324;1.2133;1.21327;0;T;True;1
1621219322000;14099496;1.21324;1.2133;1.21327;0;T;True;1
1621219323000;14099497;1.21324;1.2133;1.21327;0;T;True;1
1621219324000;14099498;1.21324;1.2133;1.21327;0;T;True;1
1621219325000;14099502;1.21324;1.2133;1.21327;3;T;True;1
1621219326000;14099506;1.21322;1.21328;1.21325;3;T;True;1
1621219327000;14099509;1.21324;1.2133;1.21327;2;T;True;1
1621219328000;14099510;1.21324;1.2133;1.21327;0;T;True;1
1621219329000;14099511;1.21324;1.2133;1.21327;0;T;True;1
1621219330000;14099512;1.21324;1.2133;1.21327;0;T;True;1
1621219331000;14099513;1.21324;1.2133;1.21327;0;T;True;1
1621219332000;14099519;1.21328;1.21334;1.21331;5;T;True;1
1621219333000;14099520;1.21328;1.21334;1.21331;0;T;True;1
1621219334000;14099521;1.21328;1.21334;1.21331;0;T;True;1
1621219335000;14099522;1.21328;1.21334;1.21331;0;T;True;1
1621219336000;14099523;1.21328;1.21334;1.21331;0;T;True;1
1621219337000;14099524;1.21328;1.21334;1.21331;0;T;True;1
1621219338000;14099525;1.21328;1.21334;1.21331;0;T;True;1
1621219339000;14099526;1.21328;1.21334;1.21331;0;T;True;1
1621219340000;14099527;1.21328;1.21334;1.21331;0;T;True;1
1621219341000;14099528;1.21328;1.21334;1.21331;0;T;True;1
1621219342000;14099529;1.21328;1.21334;1.21331;0;T;True;1
1621219343000;14099530;1.21328;1.21334;1.21331;0;T;True;1
1621219344000;14099531;1.21328;1.21334;1.21331;0;T;True;1
1621219345000;14099532;1.21328;1.21334;1.21331;0;T;True;1
1621219346000;14099533;1.21328;1.21334;1.21331;0;T;True;1
1621219347000;14099534;1.21328;1.21334;1.21331;0;T;True;1
1621219348000;14099535;1.21328;1.21334;1.21331;0;T;True;1
1621219349000;14099536;1.21328;1.21334;1.21331;0;T;True;1
1621219350000;14099543;1.21328;1.21334;1.21331;6;T;True;1
1621219351000;14099544;1.21328;1.21334;1.21331;0;T;True;1
1621219352000;14099545;1.21328;1.21334;1.21331;0;T;True;1
1621219353000;14099546;1.21328;1.21334;1.21331;0;T;True;1
1621219354000;14099547;1.21328;1.21334;1.21331;0;T;True;1
1621219355000;14099548;1.21328;1.21334;1.21331;0;T;True;1
1621219356000;14099549;1.21328;1.21334;1.21331;0;T;True;1
1621219357000;14099550;1.21328;1.21334;1.21331;0;T;True;1
1621219358000;14099552;1.21328;1.21334;1.21331;1;T;True;1
1621219359000;14099553;1.21328;1.21334;1.21331;0;T;True;1
1621219360000;14099554;1.21328;1.21334;1.21331;0;T;True;1
1621219361000;14099557;1.21328;1.21334;1.21331;2;T;True;1
1621219362000;14099561;1.21327;1.21333;1.2133;3;T;True;1
1621219363000;14099563;1.21327;1.21333;1.2133;1;T;True;1
1621219364000;14099564;1.21327;1.21333;1.2133;0;T;True;1
1621219365000;14099565;1.21327;1.21333;1.2133;0;T;True;1
1621219366000;14099569;1.21328;1.21334;1.21331;3;T;True;1
1621219367000;14099570;1.21328;1.21334;1.21331;0;T;True;1
1621219368000;14099571;1.21328;1.21334;1.21331;0;T;True;1
1621219369000;14099572;1.21328;1.21334;1.21331;0;T;True;1
1621219370000;14099573;1.21328;1.21334;1.21331;0;T;True;1
1621219371000;14099574;1.21328;1.21334;1.21331;0;T;True;1
1621219372000;14099576;1.21328;1.21334;1.21331;1;T;True;1
1621219373000;14099577;1.21328;1.21334;1.21331;0;T;True;1
1621219374000;14099578;1.21328;1.21334;1.21331;0;T;True;1
1621219375000;14099579;1.21328;1.21334;1.21331;0;T;True;1
1621219376000;14099583;1.21328;1.21334;1.21331;3;T;True;1
1621219377000;14099585;1.21328;1.21334;1.21331;1;T;True;1
1621219378000;14099586;1.21328;1.21334;1.21331;0;T;True;1
1621219379000;14099587;1.21328;1.21334;1.21331;0;T;True;1
1621219380000;14099588;1.21328;1.21334;1.21331;0;T;True;1
1621219381000;14099589;1.21328;1.21334;1.21331;0;T;True;1
1621219382000;14099590;1.21328;1.21334;1.21331;0;T;True;1
1621219383000;14099591;1.21328;1.21334;1.21331;0;T;True;1
1621219384000;14099592;1.21328;1.21334;1.21331;0;T;True;1
1621219385000;14099593;1.21328;1.21334;1.21331;0;T;True;1
1621219386000;14099594;1.21328;1.21334;1.21331;0;T;True;1
1621219387000;14099595;1.21328;1.21334;1.21331;0;T;True;1
1621219388000;14099596;1.21328;1.21334;1.21331;0;T;True;1
1621219389000;14099597;1.21328;1.21334;1.21331;0;T;True;1
1621219390000;14099600;1.21328;1.21334;1.21331;2;T;True;1
1621219391000;14099602;1.21328;1.21334;1.21331;1;T;True;1
1621219392000;14099603;1.21328;1.21334;1.21331;0;T;True;1
1621219393000;14099604;1.21328;1.21334;1.21331;0;T;True;1
1621219394000;14099607;1.21328;1.21334;1.21331;2;T;True;1
1621219395000;14099609;1.21328;1.21334;1.21331;1;T;True;1
1621219396000;14099610;1.21328;1.21334;1.21331;0;T;True;1
1621219397000;14099611;1.21328;1.21334;1.21331;0;T;True;1
1621219398000;14099612;1.21328;1.21334;1.21331;0;T;True;1
1621219399000;14099613;1.21328;1.21334;1.21331;0;T;True;1
1621219400000;14099616;1.21328;1.21334;1.21331;2;T;True;1
1621219401000;14099617;1.21328;1.21334;1.21331;0;T;True;1
1621219402000;14099618;1.21328;1.21334;1.21331;0;T;True;1
1621219403000;14099619;1.21328;1.21334;1.21331;0;T;True;1
1621219404000;14099620;1.21328;1.21334;1.21331;0;T;True;1
1621219405000;14099621;1.21328;1.21334;1.21331;0;T;True;1
1621219406000;14099622;1.21328;1.21334;1.21331;0;T;True;1
1621219407000;14099623;1.21328;1.21334;1.21331;0;T;True;1
1621219408000;14099626;1.21328;1.21334;1.21331;2;T;True;1
1621219409000;14099628;1.21328;1.21334;1.21331;1;T;True;1
1621219410000;14099629;1.21328;1.21334;1.21331;0;T;True;1
1621219411000;14099630;1.21328;1.21334;1.21331;0;T;True;1
1621219412000;14099631;1.21328;1.21334;1.21331;0;T;True;1
1621219413000;14099632;1.21328;1.21334;1.21331;0;T;True;1
1621219414000;14099635;1.21328;1.21334;1.21331;2;T;True;1
1621219415000;14099636;1.21328;1.21334;1.21331;0;T;True;1
1621219416000;14099637;1.21328;1.21334;1.21331;0;T;True;1
1621219417000;14099639;1.21328;1.21334;1.21331;1;T;True;1
1621219418000;14099645;1.21328;1.21334;1.21331;5;T;True;1
1621219419000;14099648;1.21328;1.21334;1.21331;2;T;True;1
1621219420000;14099655;1.21328;1.21334;1.21331;6;T;True;1
1621219421000;14099660;1.21329;1.21335;1.21332;4;T;True;1
1621219422000;14099663;1.21329;1.21335;1.21332;2;T;True;1
1621219423000;14099670;1.2133;1.21336;1.21333;6;T;True;1
1621219424000;14099673;1.2133;1.21336;1.21333;2;T;True;1
1621219425000;14099676;1.2133;1.21336;1.21333;2;T;True;1
1621219426000;14099680;1.21328;1.21334;1.21331;3;T;True;1
1621219427000;14099683;1.21328;1.21334;1.21331;2;T;True;1
1621219428000;14099684;1.21328;1.21334;1.21331;0;T;True;1
1621219429000;14099685;1.21328;1.21334;1.21331;0;T;True;1
1621219430000;14099688;1.21328;1.21334;1.21331;2;T;True;1
1621219431000;14099690;1.21328;1.21334;1.21331;1;T;True;1
1621219432000;14099691;1.21328;1.21334;1.21331;0;T;True;1
1621219433000;14099693;1.21328;1.21334;1.21331;1;T;True;1
1621219434000;14099695;1.21328;1.21334;1.21331;1;T;True;1
1621219435000;14099697;1.21328;1.21334;1.21331;1;T;True;1
1621219436000;14099698;1.21328;1.21334;1.21331;0;T;True;1
1621219437000;14099699;1.21328;1.21334;1.21331;0;T;True;1
1621219438000;14099700;1.21328;1.21334;1.21331;0;T;True;1
1621219439000;14099702;1.21329;1.21335;1.21332;1;T;True;1
1621219440000;14099703;1.21329;1.21335;1.21332;0;T;True;1
1621219441000;14099709;1.21332;1.21338;1.21335;5;T;True;1
1621219442000;14099710;1.21332;1.21338;1.21335;0;T;True;1
1621219443000;14099713;1.21332;1.21338;1.21335;2;T;True;1
1621219444000;14099715;1.21332;1.21338;1.21335;1;T;True;1
1621219445000;14099719;1.2133;1.21336;1.21333;3;T;True;1
1621219446000;14099720;1.2133;1.21336;1.21333;0;T;True;1
1621219447000;14099722;1.2133;1.21336;1.21333;1;T;True;1
1621219448000;14099723;1.2133;1.21336;1.21333;0;T;True;1
1621219449000;14099724;1.2133;1.21336;1.21333;0;T;True;1
1621219450000;14099725;1.2133;1.21336;1.21333;0;T;True;1
1621219451000;14099726;1.2133;1.21336;1.21333;0;T;True;1
1621219452000;14099728;1.21329;1.21335;1.21332;1;T;True;1
1621219453000;14099730;1.2133;1.21336;1.21333;1;T;True;1
1621219454000;14099731;1.2133;1.21336;1.21333;0;T;True;1
1621219455000;14099733;1.2133;1.21336;1.21333;1;T;True;1
1621219456000;14099735;1.2133;1.21336;1.21333;1;T;True;1
1621219457000;14099737;1.2133;1.21336;1.21333;1;T;True;1
1621219458000;14099738;1.2133;1.21336;1.21333;0;T;True;1
1621219459000;14099739;1.2133;1.21336;1.21333;0;T;True;1
1621219460000;14099740;1.2133;1.21336;1.21333;0;T;True;1
1621219461000;14099741;1.2133;1.21336;1.21333;0;T;True;1
1621219462000;14099742;1.2133;1.21336;1.21333;0;T;True;1
1621219463000;14099743;1.2133;1.21336;1.21333;0;T;True;1
1621219464000;14099744;1.2133;1.21336;1.21333;0;T;True;1
1621219465000;14099746;1.2133;1.21336;1.21333;1;T;True;1
1621219466000;14099747;1.2133;1.21336;1.21333;0;T;True;1
1621219467000;14099748;1.2133;1.21336;1.21333;0;T;True;1
1621219468000;14099749;1.2133;1.21336;1.21333;0;T;True;1
1621219469000;14099750;1.2133;1.21336;1.21333;0;T;True;1
1621219470000;14099751;1.2133;1.21336;1.21333;0;T;True;1
1621219471000;14099752;1.2133;1.21336;1.21333;0;T;True;1
1621219472000;14099753;1.2133;1.21336;1.21333;0;T;True;1
1621219473000;14099754;1.2133;1.21336;1.21333;0;T;True;1
1621219474000;14099755;1.2133;1.21336;1.21333;0;T;True;1
1621219475000;14099756;1.2133;1.21336;1.21333;0;T;True;1
1621219476000;14099757;1.2133;1.21336;1.21333;0;T;True;1
1621219477000;14099758;1.2133;1.21336;1.21333;0;T;True;1
1621219478000;14099759;1.2133;1.21336;1.21333;0;T;True;1
1621219479000;14099760;1.2133;1.21336;1.21333;0;T;True;1
1621219480000;14099763;1.2133;1.21336;1.21333;2;T;True;1
1621219481000;14099765;1.21329;1.21335;1.21332;1;T;True;1
1621219482000;14099766;1.21329;1.21335;1.21332;0;T;True;1
1621219483000;14099767;1.21329;1.21335;1.21332;0;T;True;1
1621219484000;14099768;1.21329;1.21335;1.21332;0;T;True;1
1621219485000;14099771;1.2133;1.21336;1.21333;2;T;True;1
1621219486000;14099772;1.2133;1.21336;1.21333;0;T;True;1
1621219487000;14099775;1.2133;1.21336;1.21333;2;T;True;1
1621219488000;14099776;1.2133;1.21336;1.21333;0;T;True;1
1621219489000;14099777;1.2133;1.21336;1.21333;0;T;True;1
1621219490000;14099778;1.2133;1.21336;1.21333;0;T;True;1
1621219491000;14099779;1.2133;1.21336;1.21333;0;T;True;1
1621219492000;14099780;1.2133;1.21336;1.21333;0;T;True;1
1621219493000;14099781;1.2133;1.21336;1.21333;0;T;True;1
1621219494000;14099782;1.2133;1.21336;1.21333;0;T;True;1
1621219495000;14099783;1.2133;1.21336;1.21333;0;T;True;1
1621219496000;14099784;1.2133;1.21336;1.21333;0;T;True;1
1621219497000;14099785;1.2133;1.21336;1.21333;0;T;True;1
1621219498000;14099791;1.21328;1.21334;1.21331;5;T;True;1
1621219499000;14099794;1.21328;1.21334;1.21331;2;T;True;1
1621219500000;14099798;1.21329;1.21335;1.21332;3;T;True;1
1621219501000;14099804;1.2133;1.21336;1.21333;5;T;True;1
1621219502000;14099805;1.2133;1.21336;1.21333;0;T;True;1
1621219503000;14099806;1.2133;1.21336;1.21333;0;T;True;1
1621219504000;14099807;1.2133;1.21336;1.21333;0;T;True;1
1621219505000;14099815;1.2133;1.21336;1.21333;7;T;True;1
1621219506000;14099816;1.2133;1.21336;1.21333;0;T;True;1
1621219507000;14099817;1.2133;1.21336;1.21333;0;T;True;1
1621219508000;14099819;1.2133;1.21336;1.21333;1;T;True;1
1621219509000;14099820;1.2133;1.21336;1.21333;0;T;True;1
1621219510000;14099821;1.2133;1.21336;1.21333;0;T;True;1
1621219511000;14099823;1.2133;1.21336;1.21333;1;T;True;1
1621219512000;14099824;1.2133;1.21336;1.21333;0;T;True;1
1621219513000;14099825;1.2133;1.21336;1.21333;0;T;True;1
1621219514000;14099826;1.2133;1.21336;1.21333;0;T;True;1
1621219515000;14099827;1.2133;1.21336;1.21333;0;T;True;1
1621219516000;14099828;1.2133;1.21336;1.21333;0;T;True;1
1621219517000;14099830;1.21331;1.21337;1.21334;1;T;True;1
1621219518000;14099831;1.21331;1.21337;1.21334;0;T;True;1
1621219519000;14099832;1.21331;1.21337;1.21334;0;T;True;1
1621219520000;14099833;1.21331;1.21337;1.21334;0;T;True;1
1621219521000;14099834;1.21331;1.21337;1.21334;0;T;True;1
1621219522000;14099835;1.21331;1.21337;1.21334;0;T;True;1
1621219523000;14099836;1.21331;1.21337;1.21334;0;T;True;1
1621219524000;14099837;1.21331;1.21337;1.21334;0;T;True;1
1621219525000;14099841;1.21332;1.21338;1.21335;3;T;True;1
1621219526000;14099843;1.21332;1.21338;1.21335;1;T;True;1
1621219527000;14099844;1.21332;1.21338;1.21335;0;T;True;1
1621219528000;14099845;1.21332;1.21338;1.21335;0;T;True;1
1621219529000;14099847;1.21332;1.21338;1.21335;1;T;True;1
1621219530000;14099850;1.21332;1.21338;1.21335;2;T;True;1
1621219531000;14099851;1.21332;1.21338;1.21335;0;T;True;1
1621219532000;14099856;1.21332;1.21338;1.21335;4;T;True;1
1621219533000;14099857;1.21332;1.21338;1.21335;0;T;True;1
1621219534000;14099858;1.21332;1.21338;1.21335;0;T;True;1
1621219535000;14099860;1.21333;1.21339;1.21336;1;T;True;1
1621219536000;14099861;1.21333;1.21339;1.21336;0;T;True;1
1621219537000;14099862;1.21333;1.21339;1.21336;0;T;True;1
1621219538000;14099863;1.21333;1.21339;1.21336;0;T;True;1
1621219539000;14099864;1.21333;1.21339;1.21336;0;T;True;1
1621219540000;14099865;1.21333;1.21339;1.21336;0;T;True;1
1621219541000;14099866;1.21333;1.21339;1.21336;0;T;True;1
1621219542000;14099867;1.21333;1.21339;1.21336;0;T;True;1
1621219543000;14099868;1.21333;1.21339;1.21336;0;T;True;1
1621219544000;14099869;1.21333;1.21339;1.21336;0;T;True;1
1621219545000;14099870;1.21333;1.21339;1.21336;0;T;True;1
1621219546000;14099871;1.21333;1.21339;1.21336;0;T;True;1
1621219547000;14099872;1.21333;1.21339;1.21336;0;T;True;1
1621219548000;14099873;1.21333;1.21339;1.21336;0;T;True;1
1621219549000;14099875;1.21332;1.21338;1.21335;1;T;True;1
1621219550000;14099876;1.21332;1.21338;1.21335;0;T;True;1
1621219551000;14099877;1.21332;1.21338;1.21335;0;T;True;1
1621219552000;14099878;1.21332;1.21338;1.21335;0;T;True;1
1621219553000;14099879;1.21332;1.21338;1.21335;0;T;True;1
1621219554000;14099880;1.21332;1.21338;1.21335;0;T;True;1
1621219555000;14099881;1.21332;1.21338;1.21335;0;T;True;1
1621219556000;14099882;1.21332;1.21338;1.21335;0;T;True;1
1621219557000;14099883;1.21332;1.21338;1.21335;0;T;True;1
1621219558000;14099884;1.21332;1.21338;1.21335;0;T;True;1
1621219559000;14099885;1.21332;1.21338;1.21335;0;T;True;1
1621219560000;14099886;1.21332;1.21338;1.21335;0;T;True;1
1621219561000;14099887;1.21332;1.21338;1.21335;0;T;True;1
1621219562000;14099888;1.21332;1.21338;1.21335;0;T;True;1
1621219563000;14099890;1.21333;1.21339;1.21336;1;T;True;1
1621219564000;14099891;1.21333;1.21339;1.21336;0;T;True;1
1621219565000;14099892;1.21333;1.21339;1.21336;0;T;True;1
1621219566000;14099893;1.21333;1.21339;1.21336;0;T;True;1
1621219567000;14099894;1.21333;1.21339;1.21336;0;T;True;1
1621219568000;14099895;1.21333;1.21339;1.21336;0;T;True;1
1621219569000;14099896;1.21333;1.21339;1.21336;0;T;True;1
1621219570000;14099897;1.21333;1.21339;1.21336;0;T;True;1
1621219571000;14099898;1.21333;1.21339;1.21336;0;T;True;1
1621219572000;14099899;1.21333;1.21339;1.21336;0;T;True;1
1621219573000;14099900;1.21333;1.21339;1.21336;0;T;True;1
1621219574000;14099903;1.21332;1.21338;1.21335;2;T;True;1
1621219575000;14099904;1.21332;1.21338;1.21335;0;T;True;1
1621219576000;14099905;1.21332;1.21338;1.21335;0;T;True;1
1621219577000;14099907;1.21333;1.21339;1.21336;1;T;True;1
1621219578000;14099908;1.21333;1.21339;1.21336;0;T;True;1
1621219579000;14099909;1.21333;1.21339;1.21336;0;T;True;1
1621219580000;14099910;1.21333;1.21339;1.21336;0;T;True;1
1621219581000;14099912;1.21333;1.21339;1.21336;1;T;True;1
1621219582000;14099913;1.21333;1.21339;1.21336;0;T;True;1
1621219583000;14099914;1.21333;1.21339;1.21336;0;T;True;1
1621219584000;14099915;1.21333;1.21339;1.21336;0;T;True;1
1621219585000;14099916;1.21333;1.21339;1.21336;0;T;True;1
1621219586000;14099917;1.21333;1.21339;1.21336;0;T;True;1
1621219587000;14099918;1.21333;1.21339;1.21336;0;T;True;1
1621219588000;14099919;1.21333;1.21339;1.21336;0;T;True;1
1621219589000;14099921;1.21333;1.21339;1.21336;1;T;True;1
1621219590000;14099922;1.21333;1.21339;1.21336;0;T;True;1
1621219591000;14099923;1.21333;1.21339;1.21336;0;T;True;1
1621219592000;14099924;1.21333;1.21339;1.21336;0;T;True;1
1621219593000;14099925;1.21333;1.21339;1.21336;0;T;True;1
1621219594000;14099926;1.21333;1.21339;1.21336;0;T;True;1
1621219595000;14099927;1.21333;1.21339;1.21336;0;T;True;1
1621219596000;14099928;1.21333;1.21339;1.21336;0;T;True;1
1621219597000;14099929;1.21333;1.21339;1.21336;0;T;True;1
1621219598000;14099930;1.21333;1.21339;1.21336;0;T;True;1
1621219599000;14099931;1.21333;1.21339;1.21336;0;T;True;1
1621219600000;14099932;1.21333;1.21339;1.21336;0;T;True;1
1621219601000;14099934;1.21333;1.21339;1.21336;1;T;True;1
1621219602000;14099936;1.21334;1.2134;1.21337;1;T;True;1
1621219603000;14099937;1.21334;1.2134;1.21337;0;T;True;1
1621219604000;14099938;1.21334;1.2134;1.21337;0;T;True;1
1621219605000;14099939;1.21334;1.2134;1.21337;0;T;True;1
1621219606000;14099940;1.21334;1.2134;1.21337;0;T;True;1
1621219607000;14099941;1.21334;1.2134;1.21337;0;T;True;1
1621219608000;14099942;1.21334;1.2134;1.21337;0;T;True;1
1621219609000;14099943;1.21334;1.2134;1.21337;0;T;True;1
1621219610000;14099944;1.21334;1.2134;1.21337;0;T;True;1
1621219611000;14099945;1.21334;1.2134;1.21337;0;T;True;1
1621219612000;14099946;1.21334;1.2134;1.21337;0;T;True;1
1621219613000;14099947;1.21334;1.2134;1.21337;0;T;True;1
1621219614000;14099948;1.21334;1.2134;1.21337;0;T;True;1
1621219615000;14099949;1.21334;1.2134;1.21337;0;T;True;1
1621219616000;14099952;1.21332;1.21338;1.21335;2;T;True;1
1621219617000;14099953;1.21332;1.21338;1.21335;0;T;True;1
1621219618000;14099955;1.21332;1.21338;1.21335;1;T;True;1
1621219619000;14099957;1.21332;1.21338;1.21335;1;T;True;1
1621219620000;14099958;1.21332;1.21338;1.21335;0;T;True;1
1621219621000;14099959;1.21332;1.21338;1.21335;0;T;True;1
1621219622000;14099964;1.21328;1.21334;1.21331;4;T;True;1
1621219623000;14099965;1.21328;1.21334;1.21331;0;T;True;1
1621219624000;14099966;1.21328;1.21334;1.21331;0;T;True;1
1621219625000;14099967;1.21328;1.21334;1.21331;0;T;True;1
1621219626000;14099968;1.21328;1.21334;1.21331;0;T;True;1
1621219627000;14099969;1.21328;1.21334;1.21331;0;T;True;1
1621219628000;14099970;1.21328;1.21334;1.21331;0;T;True;1
1621219629000;14099971;1.21328;1.21334;1.21331;0;T;True;1
1621219630000;14099973;1.21328;1.21334;1.21331;1;T;True;1
1621219631000;14099974;1.21328;1.21334;1.21331;0;T;True;1
1621219632000;14099975;1.21328;1.21334;1.21331;0;T;True;1
1621219633000;14099976;1.21328;1.21334;1.21331;0;T;True;1
1621219634000;14099977;1.21328;1.21334;1.21331;0;T;True;1
1621219635000;14099978;1.21328;1.21334;1.21331;0;T;True;1
1621219636000;14099979;1.21328;1.21334;1.21331;0;T;True;1
1621219637000;14099981;1.21329;1.21335;1.21332;1;T;True;1
1621219638000;14099982;1.21329;1.21335;1.21332;0;T;True;1
1621219639000;14099983;1.21329;1.21335;1.21332;0;T;True;1
1621219640000;14099984;1.21329;1.21335;1.21332;0;T;True;1
1621219641000;14099985;1.21329;1.21335;1.21332;0;T;True;1
1621219642000;14099987;1.21329;1.21335;1.21332;1;T;True;1
1621219643000;14099988;1.21329;1.21335;1.21332;0;T;True;1
1621219644000;14099989;1.21329;1.21335;1.21332;0;T;True;1
1621219645000;14099990;1.21329;1.21335;1.21332;0;T;True;1
1621219646000;14099991;1.21329;1.21335;1.21332;0;T;True;1
1621219647000;14099992;1.21329;1.21335;1.21332;0;T;True;1
1621219648000;14099993;1.21329;1.21335;1.21332;0;T;True;1
1621219649000;14099994;1.21329;1.21335;1.21332;0;T;True;1
1621219650000;14099995;1.21329;1.21335;1.21332;0;T;True;1
1621219651000;14099996;1.21329;1.21335;1.21332;0;T;True;1
1621219652000;14099999;1.21328;1.21334;1.21331;2;T;True;1
1621219653000;14100002;1.21327;1.21333;1.2133;2;T;True;1
1621219654000;14100004;1.21328;1.21334;1.21331;1;T;True;1
1621219655000;14100005;1.21328;1.21334;1.21331;0;T;True;1
1621219656000;14100006;1.21328;1.21334;1.21331;0;T;True;1
1621219657000;14100007;1.21328;1.21334;1.21331;0;T;True;1
1621219658000;14100008;1.21328;1.21334;1.21331;0;T;True;1
1621219659000;14100009;1.21328;1.21334;1.21331;0;T;True;1
1621219660000;14100010;1.21328;1.21334;1.21331;0;T;True;1
1621219661000;14100011;1.21328;1.21334;1.21331;0;T;True;1
1621219662000;14100012;1.21328;1.21334;1.21331;0;T;True;1
1621219663000;14100015;1.21328;1.21334;1.21331;2;T;True;1
1621219664000;14100019;1.21328;1.21334;1.21331;3;T;True;1
1621219665000;14100020;1.21328;1.21334;1.21331;0;T;True;1
1621219666000;14100021;1.21328;1.21334;1.21331;0;T;True;1
1621219667000;14100022;1.21328;1.21334;1.21331;0;T;True;1
1621219668000;14100023;1.21328;1.21334;1.21331;0;T;True;1
1621219669000;14100024;1.21328;1.21334;1.21331;0;T;True;1
1621219670000;14100025;1.21328;1.21334;1.21331;0;T;True;1
1621219671000;14100028;1.21328;1.21334;1.21331;2;T;True;1
1621219672000;14100029;1.21328;1.21334;1.21331;0;T;True;1
1621219673000;14100030;1.21328;1.21334;1.21331;0;T;True;1
1621219674000;14100031;1.21328;1.21334;1.21331;0;T;True;1
1621219675000;14100032;1.21328;1.21334;1.21331;0;T;True;1
1621219676000;14100035;1.21328;1.21334;1.21331;2;T;True;1
1621219677000;14100036;1.21328;1.21334;1.21331;0;T;True;1
1621219678000;14100038;1.21328;1.21334;1.21331;1;T;True;1
1621219679000;14100040;1.21328;1.21334;1.21331;1;T;True;1
1621219680000;14100041;1.21328;1.21334;1.21331;0;T;True;1
1621219681000;14100042;1.21328;1.21334;1.21331;0;T;True;1
1621219682000;14100043;1.21328;1.21334;1.21331;0;T;True;1
1621219683000;14100046;1.21328;1.21334;1.21331;2;T;True;1
1621219684000;14100049;1.21328;1.21334;1.21331;2;T;True;1
1621219685000;14100051;1.21328;1.21334;1.21331;1;T;True;1
1621219686000;14100053;1.21328;1.21334;1.21331;1;T;True;1
1621219687000;14100054;1.21328;1.21334;1.21331;0;T;True;1
1621219688000;14100055;1.21328;1.21334;1.21331;0;T;True;1
1621219689000;14100056;1.21328;1.21334;1.21331;0;T;True;1
1621219690000;14100057;1.21328;1.21334;1.21331;0;T;True;1
1621219691000;14100058;1.21328;1.21334;1.21331;0;T;True;1
1621219692000;14100059;1.21328;1.21334;1.21331;0;T;True;1
1621219693000;14100060;1.21328;1.21334;1.21331;0;T;True;1
1621219694000;14100061;1.21328;1.21334;1.21331;0;T;True;1
1621219695000;14100062;1.21328;1.21334;1.21331;0;T;True;1
1621219696000;14100063;1.21328;1.21334;1.21331;0;T;True;1
1621219697000;14100064;1.21328;1.21334;1.21331;0;T;True;1
1621219698000;14100065;1.21328;1.21334;1.21331;0;T;True;1
1621219699000;14100066;1.21328;1.21334;1.21331;0;T;True;1
1621219700000;14100067;1.21328;1.21334;1.21331;0;T;True;1
1621219701000;14100068;1.21328;1.21334;1.21331;0;T;True;1
1621219702000;14100069;1.21328;1.21334;1.21331;0;T;True;1
1621219703000;14100070;1.21328;1.21334;1.21331;0;T;True;1
1621219704000;14100071;1.21328;1.21334;1.21331;0;T;True;1
1621219705000;14100072;1.21328;1.21334;1.21331;0;T;True;1
1621219706000;14100073;1.21328;1.21334;1.21331;0;T;True;1
1621219707000;14100074;1.21328;1.21334;1.21331;0;T;True;1
1621219708000;14100075;1.21328;1.21334;1.21331;0;T;True;1
1621219709000;14100076;1.21328;1.21334;1.21331;0;T;True;1
1621219710000;14100077;1.21328;1.21334;1.21331;0;T;True;1
1621219711000;14100078;1.21328;1.21334;1.21331;0;T;True;1
1621219712000;14100080;1.21328;1.21334;1.21331;1;T;True;1
1621219713000;14100081;1.21328;1.21334;1.21331;0;T;True;1
1621219714000;14100082;1.21328;1.21334;1.21331;0;T;True;1
1621219715000;14100084;1.21328;1.21334;1.21331;1;T;True;1
1621219716000;14100085;1.21328;1.21334;1.21331;0;T;True;1
1621219717000;14100089;1.21328;1.21334;1.21331;3;T;True;1
1621219718000;14100090;1.21328;1.21334;1.21331;0;T;True;1
1621219719000;14100096;1.2133;1.21336;1.21333;5;T;True;1
1621219720000;14100097;1.2133;1.21336;1.21333;0;T;True;1
1621219721000;14100101;1.2133;1.21336;1.21333;3;T;True;1
1621219722000;14100102;1.2133;1.21336;1.21333;0;T;True;1
1621219723000;14100104;1.2133;1.21336;1.21333;1;T;True;1
1621219724000;14100105;1.2133;1.21336;1.21333;0;T;True;1
1621219725000;14100106;1.2133;1.21336;1.21333;0;T;True;1
1621219726000;14100107;1.2133;1.21336;1.21333;0;T;True;1
1621219727000;14100108;1.2133;1.21336;1.21333;0;T;True;1
1621219728000;14100109;1.2133;1.21336;1.21333;0;T;True;1
1621219729000;14100110;1.2133;1.21336;1.21333;0;T;True;1
1621219730000;14100111;1.2133;1.21336;1.21333;0;T;True;1
1621219731000;14100112;1.2133;1.21336;1.21333;0;T;True;1
1621219732000;14100113;1.2133;1.21336;1.21333;0;T;True;1
1621219733000;14100116;1.2133;1.21336;1.21333;2;T;True;1
1621219734000;14100122;1.2133;1.21336;1.21333;5;T;True;1
1621219735000;14100123;1.2133;1.21336;1.21333;0;T;True;1
1621219736000;14100124;1.2133;1.21336;1.21333;0;T;True;1
1621219737000;14100127;1.2133;1.21336;1.21333;2;T;True;1
1621219738000;14100128;1.2133;1.21336;1.21333;0;T;True;1
1621219739000;14100130;1.2133;1.21336;1.21333;1;T;True;1
1621219740000;14100137;1.21328;1.21334;1.21331;6;T;True;1
1621219741000;14100139;1.21328;1.21334;1.21331;1;T;True;1
1621219742000;14100140;1.21328;1.21334;1.21331;0;T;True;1
1621219743000;14100142;1.21328;1.21334;1.21331;1;T;True;1
1621219744000;14100144;1.21328;1.21334;1.21331;1;T;True;1
1621219745000;14100146;1.21328;1.21334;1.21331;1;T;True;1
1621219746000;14100147;1.21328;1.21334;1.21331;0;T;True;1
1621219747000;14100150;1.21328;1.21334;1.21331;2;T;True;1
1621219748000;14100151;1.21328;1.21334;1.21331;0;T;True;1
1621219749000;14100152;1.21328;1.21334;1.21331;0;T;True;1
1621219750000;14100154;1.21328;1.21334;1.21331;1;T;True;1
1621219751000;14100158;1.2133;1.21336;1.21333;3;T;True;1
1621219752000;14100159;1.2133;1.21336;1.21333;0;T;True;1
1621219753000;14100160;1.2133;1.21336;1.21333;0;T;True;1
1621219754000;14100163;1.2133;1.21336;1.21333;2;T;True;1
1621219755000;14100164;1.2133;1.21336;1.21333;0;T;True;1
1621219756000;14100165;1.2133;1.21336;1.21333;0;T;True;1
1621219757000;14100167;1.2133;1.21336;1.21333;1;T;True;1
1621219758000;14100170;1.2133;1.21336;1.21333;2;T;True;1
1621219759000;14100172;1.2133;1.21336;1.21333;1;T;True;1
1621219760000;14100173;1.2133;1.21336;1.21333;0;T;True;1
1621219761000;14100174;1.2133;1.21336;1.21333;0;T;True;1
1621219762000;14100177;1.21328;1.21334;1.21331;2;T;True;1
1621219763000;14100179;1.21328;1.21334;1.21331;1;T;True;1
1621219764000;14100181;1.21328;1.21334;1.21331;1;T;True;1
1621219765000;14100182;1.21328;1.21334;1.21331;0;T;True;1
1621219766000;14100183;1.21328;1.21334;1.21331;0;T;True;1
1621219767000;14100184;1.21328;1.21334;1.21331;0;T;True;1
1621219768000;14100185;1.21328;1.21334;1.21331;0;T;True;1
1621219769000;14100186;1.21328;1.21334;1.21331;0;T;True;1
1621219770000;14100187;1.21328;1.21334;1.21331;0;T;True;1
1621219771000;14100188;1.21328;1.21334;1.21331;0;T;True;1
1621219772000;14100189;1.21328;1.21334;1.21331;0;T;True;1
1621219773000;14100190;1.21328;1.21334;1.21331;0;T;True;1
1621219774000;14100191;1.21328;1.21334;1.21331;0;T;True;1
1621219775000;14100192;1.21328;1.21334;1.21331;0;T;True;1
1621219776000;14100193;1.21328;1.21334;1.21331;0;T;True;1
1621219777000;14100194;1.21328;1.21334;1.21331;0;T;True;1
1621219778000;14100195;1.21328;1.21334;1.21331;0;T;True;1
1621219779000;14100196;1.21328;1.21334;1.21331;0;T;True;1
1621219780000;14100198;1.21328;1.21334;1.21331;1;T;True;1
1621219781000;14100199;1.21328;1.21334;1.21331;0;T;True;1
1621219782000;14100200;1.21328;1.21334;1.21331;0;T;True;1
1621219783000;14100201;1.21328;1.21334;1.21331;0;T;True;1
1621219784000;14100202;1.21328;1.21334;1.21331;0;T;True;1
1621219785000;14100203;1.21328;1.21334;1.21331;0;T;True;1
1621219786000;14100204;1.21328;1.21334;1.21331;0;T;True;1
1621219787000;14100205;1.21328;1.21334;1.21331;0;T;True;1
1621219788000;14100206;1.21328;1.21334;1.21331;0;T;True;1
1621219789000;14100207;1.21328;1.21334;1.21331;0;T;True;1
1621219790000;14100208;1.21328;1.21334;1.21331;0;T;True;1
1621219791000;14100209;1.21328;1.21334;1.21331;0;T;True;1
1621219792000;14100210;1.21328;1.21334;1.21331;0;T;True;1
1621219793000;14100211;1.21328;1.21334;1.21331;0;T;True;1
1621219794000;14100214;1.21329;1.21335;1.21332;2;T;True;1
1621219795000;14100215;1.21329;1.21335;1.21332;0;T;True;1
1621219796000;14100216;1.21329;1.21335;1.21332;0;T;True;1
1621219797000;14100217;1.21329;1.21335;1.21332;0;T;True;1
1621219798000;14100218;1.21329;1.21335;1.21332;0;T;True;1
1621219799000;14100219;1.21329;1.21335;1.21332;0;T;True;1
1621219800000;14100221;1.2133;1.21336;1.21333;1;T;True;1
1621219801000;14100222;1.2133;1.21336;1.21333;0;T;True;1
1621219802000;14100223;1.2133;1.21336;1.21333;0;T;True;1
1621219803000;14100225;1.2133;1.21336;1.21333;1;T;True;1
1621219804000;14100227;1.21331;1.21337;1.21334;1;T;True;1
1621219805000;14100228;1.21331;1.21337;1.21334;0;T;True;1
1621219806000;14100229;1.21331;1.21337;1.21334;0;T;True;1
1621219807000;14100230;1.21331;1.21337;1.21334;0;T;True;1
1621219808000;14100231;1.21331;1.21337;1.21334;0;T;True;1
1621219809000;14100232;1.21331;1.21337;1.21334;0;T;True;1
1621219810000;14100233;1.21331;1.21337;1.21334;0;T;True;1
1621219811000;14100234;1.21331;1.21337;1.21334;0;T;True;1
1621219812000;14100236;1.21331;1.21337;1.21334;1;T;True;1
1621219813000;14100239;1.21331;1.21337;1.21334;2;T;True;1
1621219814000;14100240;1.21331;1.21337;1.21334;0;T;True;1
1621219815000;14100241;1.21331;1.21337;1.21334;0;T;True;1
1621219816000;14100242;1.21331;1.21337;1.21334;0;T;True;1
1621219817000;14100243;1.21331;1.21337;1.21334;0;T;True;1
1621219818000;14100244;1.21331;1.21337;1.21334;0;T;True;1
1621219819000;14100245;1.21331;1.21337;1.21334;0;T;True;1
1621219820000;14100246;1.21331;1.21337;1.21334;0;T;True;1
1621219821000;14100247;1.21331;1.21337;1.21334;0;T;True;1
1621219822000;14100248;1.21331;1.21337;1.21334;0;T;True;1
1621219823000;14100249;1.21331;1.21337;1.21334;0;T;True;1
1621219824000;14100250;1.21331;1.21337;1.21334;0;T;True;1
1621219825000;14100251;1.21331;1.21337;1.21334;0;T;True;1
1621219826000;14100253;1.21331;1.21337;1.21334;1;T;True;1
1621219827000;14100256;1.21332;1.21338;1.21335;2;T;True;1
1621219828000;14100259;1.21332;1.21338;1.21335;2;T;True;1
1621219829000;14100264;1.21334;1.2134;1.21337;4;T;True;1
1621219830000;14100265;1.21334;1.2134;1.21337;0;T;True;1
1621219831000;14100266;1.21334;1.2134;1.21337;0;T;True;1
1621219832000;14100267;1.21334;1.2134;1.21337;0;T;True;1
1621219833000;14100268;1.21334;1.2134;1.21337;0;T;True;1
1621219834000;14100269;1.21334;1.2134;1.21337;0;T;True;1
1621219835000;14100270;1.21334;1.2134;1.21337;0;T;True;1
1621219836000;14100271;1.21334;1.2134;1.21337;0;T;True;1
1621219837000;14100272;1.21334;1.2134;1.21337;0;T;True;1
1621219838000;14100273;1.21334;1.2134;1.21337;0;T;True;1
1621219839000;14100274;1.21334;1.2134;1.21337;0;T;True;1
1621219840000;14100275;1.21334;1.2134;1.21337;0;T;True;1
1621219841000;14100279;1.21333;1.21339;1.21336;3;T;True;1
1621219842000;14100280;1.21333;1.21339;1.21336;0;T;True;1
1621219843000;14100281;1.21333;1.21339;1.21336;0;T;True;1
1621219844000;14100282;1.21333;1.21339;1.21336;0;T;True;1
1621219845000;14100283;1.21333;1.21339;1.21336;0;T;True;1
1621219846000;14100285;1.21333;1.21339;1.21336;1;T;True;1
1621219847000;14100288;1.21333;1.21339;1.21336;2;T;True;1
1621219848000;14100289;1.21333;1.21339;1.21336;0;T;True;1
1621219849000;14100290;1.21333;1.21339;1.21336;0;T;True;1
1621219850000;14100291;1.21333;1.21339;1.21336;0;T;True;1
1621219851000;14100292;1.21333;1.21339;1.21336;0;T;True;1
1621219852000;14100294;1.21333;1.21339;1.21336;1;T;True;1
1621219853000;14100295;1.21333;1.21339;1.21336;0;T;True;1
1621219854000;14100296;1.21333;1.21339;1.21336;0;T;True;1
1621219855000;14100297;1.21333;1.21339;1.21336;0;T;True;1
1621219856000;14100298;1.21333;1.21339;1.21336;0;T;True;1
1621219857000;14100305;1.21331;1.21337;1.21334;6;T;True;1
1621219858000;14100309;1.21334;1.2134;1.21337;3;T;True;1
1621219859000;14100311;1.21334;1.2134;1.21337;1;T;True;1
1621219860000;14100312;1.21334;1.2134;1.21337;0;T;True;1
1621219861000;14100313;1.21334;1.2134;1.21337;0;T;True;1
1621219862000;14100314;1.21334;1.2134;1.21337;0;T;True;1
1621219863000;14100315;1.21334;1.2134;1.21337;0;T;True;1
1621219864000;14100316;1.21334;1.2134;1.21337;0;T;True;1
1621219865000;14100317;1.21334;1.2134;1.21337;0;T;True;1
1621219866000;14100318;1.21334;1.2134;1.21337;0;T;True;1
1621219867000;14100319;1.21334;1.2134;1.21337;0;T;True;1
1621219868000;14100320;1.21334;1.2134;1.21337;0;T;True;1
1621219869000;14100323;1.21333;1.21339;1.21336;2;T;True;1
1621219870000;14100324;1.21333;1.21339;1.21336;0;T;True;1
1621219871000;14100325;1.21333;1.21339;1.21336;0;T;True;1
1621219872000;14100326;1.21333;1.21339;1.21336;0;T;True;1
1621219873000;14100327;1.21333;1.21339;1.21336;0;T;True;1
1621219874000;14100328;1.21333;1.21339;1.21336;0;T;True;1
1621219875000;14100329;1.21333;1.21339;1.21336;0;T;True;1
1621219876000;14100331;1.21333;1.21339;1.21336;1;T;True;1
1621219877000;14100332;1.21333;1.21339;1.21336;0;T;True;1
1621219878000;14100334;1.21333;1.21339;1.21336;1;T;True;1
1621219879000;14100337;1.21334;1.2134;1.21337;2;T;True;1
1621219880000;14100338;1.21334;1.2134;1.21337;0;T;True;1
1621219881000;14100339;1.21334;1.2134;1.21337;0;T;True;1
1621219882000;14100341;1.21333;1.21339;1.21336;1;T;True;1
1621219883000;14100343;1.21333;1.21339;1.21336;1;T;True;1
1621219884000;14100345;1.21333;1.21339;1.21336;1;T;True;1
1621219885000;14100346;1.21333;1.21339;1.21336;0;T;True;1
1621219886000;14100347;1.21333;1.21339;1.21336;0;T;True;1
1621219887000;14100349;1.21333;1.21339;1.21336;1;T;True;1
1621219888000;14100353;1.21333;1.21339;1.21336;3;T;True;1
1621219889000;14100354;1.21333;1.21339;1.21336;0;T;True;1
1621219890000;14100357;1.21332;1.21338;1.21335;2;T;True;1
1621219891000;14100360;1.2133;1.21336;1.21333;2;T;True;1
1621219892000;14100361;1.2133;1.21336;1.21333;0;T;True;1
1621219893000;14100364;1.2133;1.21336;1.21333;2;T;True;1
1621219894000;14100365;1.2133;1.21336;1.21333;0;T;True;1
1621219895000;14100368;1.2133;1.21336;1.21333;2;T;True;1
1621219896000;14100369;1.2133;1.21336;1.21333;0;T;True;1
1621219897000;14100372;1.21332;1.21338;1.21335;2;T;True;1
1621219898000;14100376;1.21334;1.2134;1.21337;3;T;True;1
1621219899000;14100377;1.21334;1.2134;1.21337;0;T;True;1
1621219900000;14100378;1.21334;1.2134;1.21337;0;T;True;1
1621219901000;14100385;1.21339;1.21345;1.21342;6;T;True;1
1621219902000;14100386;1.21339;1.21345;1.21342;0;T;True;1
1621219903000;14100387;1.21339;1.21345;1.21342;0;T;True;1
1621219904000;14100388;1.21339;1.21345;1.21342;0;T;True;1
1621219905000;14100389;1.21339;1.21345;1.21342;0;T;True;1
1621219906000;14100398;1.2134;1.21346;1.21343;8;T;True;1
1621219907000;14100402;1.2134;1.21346;1.21343;3;T;True;1
1621219908000;14100405;1.2134;1.21346;1.21343;2;T;True;1
1621219909000;14100410;1.2134;1.21346;1.21343;4;T;True;1
1621219910000;14100411;1.2134;1.21346;1.21343;0;T;True;1
1621219911000;14100416;1.2134;1.21346;1.21343;4;T;True;1
1621219912000;14100417;1.2134;1.21346;1.21343;0;T;True;1
1621219913000;14100418;1.2134;1.21346;1.21343;0;T;True;1
1621219914000;14100421;1.2134;1.21346;1.21343;2;T;True;1
1621219915000;14100424;1.2134;1.21346;1.21343;2;T;True;1
1621219916000;14100425;1.2134;1.21346;1.21343;0;T;True;1
1621219917000;14100426;1.2134;1.21346;1.21343;0;T;True;1
1621219918000;14100427;1.2134;1.21346;1.21343;0;T;True;1
1621219919000;14100428;1.2134;1.21346;1.21343;0;T;True;1
1621219920000;14100429;1.2134;1.21346;1.21343;0;T;True;1
1621219921000;14100430;1.2134;1.21346;1.21343;0;T;True;1
1621219922000;14100431;1.2134;1.21346;1.21343;0;T;True;1
1621219923000;14100432;1.2134;1.21346;1.21343;0;T;True;1
1621219924000;14100433;1.2134;1.21346;1.21343;0;T;True;1
1621219925000;14100434;1.2134;1.21346;1.21343;0;T;True;1
1621219926000;14100436;1.2134;1.21346;1.21343;1;T;True;1
1621219927000;14100439;1.2134;1.21346;1.21343;2;T;True;1
1621219928000;14100440;1.2134;1.21346;1.21343;0;T;True;1
1621219929000;14100441;1.2134;1.21346;1.21343;0;T;True;1
1621219930000;14100442;1.2134;1.21346;1.21343;0;T;True;1
1621219931000;14100444;1.2134;1.21346;1.21343;1;T;True;1
1621219932000;14100447;1.2134;1.21346;1.21343;2;T;True;1
1621219933000;14100450;1.2134;1.21346;1.21343;2;T;True;1
1621219934000;14100454;1.21339;1.21345;1.21342;3;T;True;1
1621219935000;14100455;1.21339;1.21345;1.21342;0;T;True;1
1621219936000;14100456;1.21339;1.21345;1.21342;0;T;True;1
1621219937000;14100457;1.21339;1.21345;1.21342;0;T;True;1
1621219938000;14100458;1.21339;1.21345;1.21342;0;T;True;1
1621219939000;14100459;1.21339;1.21345;1.21342;0;T;True;1
1621219940000;14100460;1.21339;1.21345;1.21342;0;T;True;1
1621219941000;14100461;1.21339;1.21345;1.21342;0;T;True;1
1621219942000;14100462;1.21339;1.21345;1.21342;0;T;True;1
1621219943000;14100465;1.21338;1.21344;1.21341;2;T;True;1
1621219944000;14100466;1.21338;1.21344;1.21341;0;T;True;1
1621219945000;14100467;1.21338;1.21344;1.21341;0;T;True;1
1621219946000;14100470;1.21338;1.21344;1.21341;2;T;True;1
1621219947000;14100480;1.21341;1.21347;1.21344;9;T;True;1
1621219948000;14100481;1.21341;1.21347;1.21344;0;T;True;1
1621219949000;14100482;1.21341;1.21347;1.21344;0;T;True;1
1621219950000;14100483;1.21341;1.21347;1.21344;0;T;True;1
1621219951000;14100484;1.21341;1.21347;1.21344;0;T;True;1
1621219952000;14100485;1.21341;1.21347;1.21344;0;T;True;1
1621219953000;14100493;1.21342;1.21348;1.21345;7;T;True;1
1621219954000;14100499;1.21341;1.21347;1.21344;5;T;True;1
1621219955000;14100500;1.21341;1.21347;1.21344;0;T;True;1
1621219956000;14100507;1.21344;1.2135;1.21347;6;T;True;1
1621219957000;14100511;1.21344;1.2135;1.21347;3;T;True;1
1621219958000;14100512;1.21344;1.2135;1.21347;0;T;True;1
1621219959000;14100515;1.21344;1.2135;1.21347;2;T;True;1
1621219960000;14100518;1.21344;1.2135;1.21347;2;T;True;1
1621219961000;14100519;1.21344;1.2135;1.21347;0;T;True;1
1621219962000;14100520;1.21344;1.2135;1.21347;0;T;True;1
1621219963000;14100522;1.21344;1.2135;1.21347;1;T;True;1
1621219964000;14100527;1.21345;1.21351;1.21348;4;T;True;1
1621219965000;14100528;1.21345;1.21351;1.21348;0;T;True;1
1621219966000;14100529;1.21345;1.21351;1.21348;0;T;True;1
1621219967000;14100530;1.21345;1.21351;1.21348;0;T;True;1
1621219968000;14100531;1.21345;1.21351;1.21348;0;T;True;1
1621219969000;14100532;1.21345;1.21351;1.21348;0;T;True;1
1621219970000;14100533;1.21345;1.21351;1.21348;0;T;True;1
1621219971000;14100534;1.21345;1.21351;1.21348;0;T;True;1
1621219972000;14100535;1.21345;1.21351;1.21348;0;T;True;1
1621219973000;14100536;1.21345;1.21351;1.21348;0;T;True;1
1621219974000;14100537;1.21345;1.21351;1.21348;0;T;True;1
1621219975000;14100538;1.21345;1.21351;1.21348;0;T;True;1
1621219976000;14100539;1.21345;1.21351;1.21348;0;T;True;1
1621219977000;14100540;1.21345;1.21351;1.21348;0;T;True;1
1621219978000;14100541;1.21345;1.21351;1.21348;0;T;True;1
1621219979000;14100546;1.21346;1.21352;1.21349;4;T;True;1
1621219980000;14100547;1.21346;1.21352;1.21349;0;T;True;1
1621219981000;14100548;1.21346;1.21352;1.21349;0;T;True;1
1621219982000;14100549;1.21346;1.21352;1.21349;0;T;True;1
1621219983000;14100553;1.21345;1.21351;1.21348;3;T;True;1
1621219984000;14100554;1.21345;1.21351;1.21348;0;T;True;1
1621219985000;14100556;1.21344;1.2135;1.21347;1;T;True;1
1621219986000;14100558;1.21344;1.2135;1.21347;1;T;True;1
1621219987000;14100565;1.21346;1.21352;1.21349;6;T;True;1
1621219988000;14100569;1.21346;1.21352;1.21349;3;T;True;1
1621219989000;14100570;1.21346;1.21352;1.21349;0;T;True;1
1621219990000;14100571;1.21346;1.21352;1.21349;0;T;True;1
1621219991000;14100574;1.21346;1.21352;1.21349;2;T;True;1
1621219992000;14100575;1.21346;1.21352;1.21349;0;T;True;1
1621219993000;14100577;1.21346;1.21352;1.21349;1;T;True;1
1621219994000;14100578;1.21346;1.21352;1.21349;0;T;True;1
1621219995000;14100586;1.21347;1.21353;1.2135;7;T;True;1
1621219996000;14100590;1.21347;1.21353;1.2135;3;T;True;1
1621219997000;14100598;1.21349;1.21355;1.21352;7;T;True;1
1621219998000;14100605;1.21349;1.21355;1.21352;6;T;True;1
1621219999000;14100607;1.2135;1.21356;1.21353;1;T;True;1
1621220000000;14100610;1.21349;1.21355;1.21352;2;T;True;1
1621220001000;14100614;1.21349;1.21355;1.21352;3;T;True;1
1621220002000;14100617;1.21347;1.21353;1.2135;2;T;True;1
1621220003000;14100619;1.21345;1.21351;1.21348;1;T;True;1
1621220004000;14100621;1.21345;1.21351;1.21348;1;T;True;1
1621220005000;14100622;1.21345;1.21351;1.21348;0;T;True;1
1621220006000;14100625;1.21344;1.2135;1.21347;2;T;True;1
1621220007000;14100628;1.21344;1.2135;1.21347;2;T;True;1
1621220008000;14100630;1.21345;1.21351;1.21348;1;T;True;1
1621220009000;14100631;1.21345;1.21351;1.21348;0;T;True;1
1621220010000;14100632;1.21345;1.21351;1.21348;0;T;True;1
1621220011000;14100633;1.21345;1.21351;1.21348;0;T;True;1
1621220012000;14100635;1.21346;1.21352;1.21349;1;T;True;1
1621220013000;14100644;1.21348;1.21354;1.21351;8;T;True;1
1621220014000;14100650;1.2135;1.21356;1.21353;5;T;True;1
1621220015000;14100653;1.21349;1.21355;1.21352;2;T;True;1
1621220016000;14100654;1.21349;1.21355;1.21352;0;T;True;1
1621220017000;14100655;1.21349;1.21355;1.21352;0;T;True;1
1621220018000;14100656;1.21349;1.21355;1.21352;0;T;True;1
1621220019000;14100658;1.21349;1.21355;1.21352;1;T;True;1
1621220020000;14100659;1.21349;1.21355;1.21352;0;T;True;1
1621220021000;14100660;1.21349;1.21355;1.21352;0;T;True;1
1621220022000;14100661;1.21349;1.21355;1.21352;0;T;True;1
1621220023000;14100663;1.21349;1.21355;1.21352;1;T;True;1
1621220024000;14100665;1.21348;1.21354;1.21351;1;T;True;1
1621220025000;14100670;1.21346;1.21352;1.21349;4;T;True;1
1621220026000;14100671;1.21346;1.21352;1.21349;0;T;True;1
1621220027000;14100672;1.21346;1.21352;1.21349;0;T;True;1
1621220028000;14100673;1.21346;1.21352;1.21349;0;T;True;1
1621220029000;14100677;1.21346;1.21352;1.21349;3;T;True;1
1621220030000;14100678;1.21346;1.21352;1.21349;0;T;True;1
1621220031000;14100679;1.21346;1.21352;1.21349;0;T;True;1
1621220032000;14100680;1.21346;1.21352;1.21349;0;T;True;1
1621220033000;14100681;1.21346;1.21352;1.21349;0;T;True;1
1621220034000;14100682;1.21346;1.21352;1.21349;0;T;True;1
1621220035000;14100683;1.21346;1.21352;1.21349;0;T;True;1
1621220036000;14100684;1.21346;1.21352;1.21349;0;T;True;1
1621220037000;14100687;1.21344;1.2135;1.21347;2;T;True;1
1621220038000;14100688;1.21344;1.2135;1.21347;0;T;True;1
1621220039000;14100689;1.21344;1.2135;1.21347;0;T;True;1
1621220040000;14100691;1.21345;1.21351;1.21348;1;T;True;1
1621220041000;14100692;1.21345;1.21351;1.21348;0;T;True;1
1621220042000;14100694;1.21344;1.2135;1.21347;1;T;True;1
1621220043000;14100698;1.21343;1.21349;1.21346;3;T;True;1
1621220044000;14100701;1.21341;1.21347;1.21344;2;T;True;1
1621220045000;14100702;1.21341;1.21347;1.21344;0;T;True;1
1621220046000;14100703;1.21341;1.21347;1.21344;0;T;True;1
1621220047000;14100704;1.21341;1.21347;1.21344;0;T;True;1
1621220048000;14100705;1.21341;1.21347;1.21344;0;T;True;1
1621220049000;14100707;1.21342;1.21348;1.21345;1;T;True;1
1621220050000;14100711;1.2134;1.21346;1.21343;3;T;True;1
1621220051000;14100713;1.2134;1.21346;1.21343;1;T;True;1
1621220052000;14100714;1.2134;1.21346;1.21343;0;T;True;1
1621220053000;14100715;1.2134;1.21346;1.21343;0;T;True;1
1621220054000;14100716;1.2134;1.21346;1.21343;0;T;True;1
1621220055000;14100718;1.2134;1.21346;1.21343;1;T;True;1
1621220056000;14100720;1.21339;1.21345;1.21342;1;T;True;1
1621220057000;14100721;1.21339;1.21345;1.21342;0;T;True;1
1621220058000;14100723;1.21338;1.21344;1.21341;1;T;True;1
1621220059000;14100724;1.21338;1.21344;1.21341;0;T;True;1
1621220060000;14100725;1.21338;1.21344;1.21341;0;T;True;1
1621220061000;14100726;1.21338;1.21344;1.21341;0;T;True;1
1621220062000;14100727;1.21338;1.21344;1.21341;0;T;True;1
1621220063000;14100728;1.21338;1.21344;1.21341;0;T;True;1
1621220064000;14100729;1.21338;1.21344;1.21341;0;T;True;1
1621220065000;14100730;1.21338;1.21344;1.21341;0;T;True;1
1621220066000;14100731;1.21338;1.21344;1.21341;0;T;True;1
1621220067000;14100733;1.21339;1.21345;1.21342;1;T;True;1
1621220068000;14100734;1.21339;1.21345;1.21342;0;T;True;1
1621220069000;14100735;1.21339;1.21345;1.21342;0;T;True;1
1621220070000;14100737;1.21339;1.21345;1.21342;1;T;True;1
1621220071000;14100739;1.21339;1.21345;1.21342;1;T;True;1
1621220072000;14100740;1.21339;1.21345;1.21342;0;T;True;1
1621220073000;14100744;1.2134;1.21346;1.21343;3;T;True;1
1621220074000;14100747;1.2134;1.21346;1.21343;2;T;True;1
1621220075000;14100748;1.2134;1.21346;1.21343;0;T;True;1
1621220076000;14100749;1.2134;1.21346;1.21343;0;T;True;1
1621220077000;14100750;1.2134;1.21346;1.21343;0;T;True;1
1621220078000;14100751;1.2134;1.21346;1.21343;0;T;True;1
1621220079000;14100752;1.2134;1.21346;1.21343;0;T;True;1
1621220080000;14100753;1.2134;1.21346;1.21343;0;T;True;1
1621220081000;14100758;1.21339;1.21345;1.21342;4;T;True;1
1621220082000;14100761;1.21339;1.21345;1.21342;2;T;True;1
1621220083000;14100762;1.21339;1.21345;1.21342;0;T;True;1
1621220084000;14100763;1.21339;1.21345;1.21342;0;T;True;1
1621220085000;14100764;1.21339;1.21345;1.21342;0;T;True;1
1621220086000;14100765;1.21339;1.21345;1.21342;0;T;True;1
1621220087000;14100766;1.21339;1.21345;1.21342;0;T;True;1
1621220088000;14100767;1.21339;1.21345;1.21342;0;T;True;1
1621220089000;14100769;1.21338;1.21344;1.21341;1;T;True;1
1621220090000;14100773;1.21339;1.21345;1.21342;3;T;True;1
1621220091000;14100774;1.21339;1.21345;1.21342;0;T;True;1
1621220092000;14100776;1.21339;1.21345;1.21342;1;T;True;1
1621220093000;14100778;1.21338;1.21344;1.21341;1;T;True;1
1621220094000;14100779;1.21338;1.21344;1.21341;0;T;True;1
1621220095000;14100782;1.21338;1.21344;1.21341;2;T;True;1
1621220096000;14100787;1.21338;1.21344;1.21341;4;T;True;1
1621220097000;14100788;1.21338;1.21344;1.21341;0;T;True;1
1621220098000;14100789;1.21338;1.21344;1.21341;0;T;True;1
1621220099000;14100793;1.21338;1.21344;1.21341;3;T;True;1
1621220100000;14100799;1.21339;1.21345;1.21342;5;T;True;1
1621220101000;14100801;1.21338;1.21344;1.21341;1;T;True;1
1621220102000;14100809;1.21339;1.21345;1.21342;7;T;True;1
1621220103000;14100817;1.2134;1.21346;1.21343;7;T;True;1
1621220104000;14100823;1.21341;1.21347;1.21344;5;T;True;1
1621220105000;14100824;1.21341;1.21347;1.21344;0;T;True;1
1621220106000;14100828;1.21341;1.21347;1.21344;3;T;True;1
1621220107000;14100830;1.2134;1.21346;1.21343;1;T;True;1
1621220108000;14100831;1.2134;1.21346;1.21343;0;T;True;1
1621220109000;14100832;1.2134;1.21346;1.21343;0;T;True;1
1621220110000;14100837;1.21341;1.21347;1.21344;4;T;True;1
1621220111000;14100839;1.21341;1.21347;1.21344;1;T;True;1
1621220112000;14100842;1.21342;1.21348;1.21345;2;T;True;1
1621220113000;14100845;1.21342;1.21348;1.21345;2;T;True;1
1621220114000;14100846;1.21342;1.21348;1.21345;0;T;True;1
1621220115000;14100847;1.21342;1.21348;1.21345;0;T;True;1
1621220116000;14100848;1.21342;1.21348;1.21345;0;T;True;1
1621220117000;14100849;1.21342;1.21348;1.21345;0;T;True;1
1621220118000;14100850;1.21342;1.21348;1.21345;0;T;True;1
1621220119000;14100851;1.21342;1.21348;1.21345;0;T;True;1
1621220120000;14100852;1.21342;1.21348;1.21345;0;T;True;1
1621220121000;14100857;1.2134;1.21346;1.21343;4;T;True;1
1621220122000;14100858;1.2134;1.21346;1.21343;0;T;True;1
1621220123000;14100861;1.2134;1.21346;1.21343;2;T;True;1
1621220124000;14100862;1.2134;1.21346;1.21343;0;T;True;1
1621220125000;14100863;1.2134;1.21346;1.21343;0;T;True;1
1621220126000;14100864;1.2134;1.21346;1.21343;0;T;True;1
1621220127000;14100865;1.2134;1.21346;1.21343;0;T;True;1
1621220128000;14100866;1.2134;1.21346;1.21343;0;T;True;1
1621220129000;14100867;1.2134;1.21346;1.21343;0;T;True;1
1621220130000;14100869;1.2134;1.21346;1.21343;1;T;True;1
1621220131000;14100870;1.2134;1.21346;1.21343;0;T;True;1
1621220132000;14100871;1.2134;1.21346;1.21343;0;T;True;1
1621220133000;14100872;1.2134;1.21346;1.21343;0;T;True;1
1621220134000;14100873;1.2134;1.21346;1.21343;0;T;True;1
1621220135000;14100874;1.2134;1.21346;1.21343;0;T;True;1
1621220136000;14100876;1.21341;1.21347;1.21344;1;T;True;1
1621220137000;14100877;1.21341;1.21347;1.21344;0;T;True;1
1621220138000;14100878;1.21341;1.21347;1.21344;0;T;True;1
1621220139000;14100879;1.21341;1.21347;1.21344;0;T;True;1
1621220140000;14100880;1.21341;1.21347;1.21344;0;T;True;1
1621220141000;14100882;1.21341;1.21347;1.21344;1;T;True;1
1621220142000;14100883;1.21341;1.21347;1.21344;0;T;True;1
1621220143000;14100884;1.21341;1.21347;1.21344;0;T;True;1
1621220144000;14100886;1.21341;1.21347;1.21344;1;T;True;1
1621220145000;14100894;1.21342;1.21348;1.21345;7;T;True;1
1621220146000;14100895;1.21342;1.21348;1.21345;0;T;True;1
1621220147000;14100900;1.21342;1.21348;1.21345;4;T;True;1
1621220148000;14100902;1.21342;1.21348;1.21345;1;T;True;1
1621220149000;14100903;1.21342;1.21348;1.21345;0;T;True;1
1621220150000;14100907;1.2134;1.21346;1.21343;3;T;True;1
1621220151000;14100908;1.2134;1.21346;1.21343;0;T;True;1
1621220152000;14100910;1.2134;1.21346;1.21343;1;T;True;1
1621220153000;14100913;1.2134;1.21346;1.21343;2;T;True;1
1621220154000;14100914;1.2134;1.21346;1.21343;0;T;True;1
1621220155000;14100915;1.2134;1.21346;1.21343;0;T;True;1
1621220156000;14100917;1.2134;1.21346;1.21343;1;T;True;1
1621220157000;14100918;1.2134;1.21346;1.21343;0;T;True;1
1621220158000;14100919;1.2134;1.21346;1.21343;0;T;True;1
1621220159000;14100920;1.2134;1.21346;1.21343;0;T;True;1
1621220160000;14100923;1.2134;1.21346;1.21343;2;T;True;1
1621220161000;14100924;1.2134;1.21346;1.21343;0;T;True;1
1621220162000;14100925;1.2134;1.21346;1.21343;0;T;True;1
1621220163000;14100926;1.2134;1.21346;1.21343;0;T;True;1
1621220164000;14100930;1.2134;1.21346;1.21343;3;T;True;1
1621220165000;14100932;1.2134;1.21346;1.21343;1;T;True;1
1621220166000;14100934;1.2134;1.21346;1.21343;1;T;True;1
1621220167000;14100935;1.2134;1.21346;1.21343;0;T;True;1
1621220168000;14100937;1.21339;1.21345;1.21342;1;T;True;1
1621220169000;14100938;1.21339;1.21345;1.21342;0;T;True;1
1621220170000;14100939;1.21339;1.21345;1.21342;0;T;True;1
1621220171000;14100940;1.21339;1.21345;1.21342;0;T;True;1
1621220172000;14100941;1.21339;1.21345;1.21342;0;T;True;1
1621220173000;14100942;1.21339;1.21345;1.21342;0;T;True;1
1621220174000;14100943;1.21339;1.21345;1.21342;0;T;True;1
1621220175000;14100944;1.21339;1.21345;1.21342;0;T;True;1
1621220176000;14100945;1.21339;1.21345;1.21342;0;T;True;1
1621220177000;14100946;1.21339;1.21345;1.21342;0;T;True;1
1621220178000;14100947;1.21339;1.21345;1.21342;0;T;True;1
1621220179000;14100948;1.21339;1.21345;1.21342;0;T;True;1
1621220180000;14100949;1.21339;1.21345;1.21342;0;T;True;1
1621220181000;14100950;1.21339;1.21345;1.21342;0;T;True;1
1621220182000;14100951;1.21339;1.21345;1.21342;0;T;True;1
1621220183000;14100952;1.21339;1.21345;1.21342;0;T;True;1
1621220184000;14100953;1.21339;1.21345;1.21342;0;T;True;1
1621220185000;14100954;1.21339;1.21345;1.21342;0;T;True;1
1621220186000;14100955;1.21339;1.21345;1.21342;0;T;True;1
1621220187000;14100957;1.21339;1.21345;1.21342;1;T;True;1
1621220188000;14100958;1.21339;1.21345;1.21342;0;T;True;1
1621220189000;14100959;1.21339;1.21345;1.21342;0;T;True;1
1621220190000;14100960;1.21339;1.21345;1.21342;0;T;True;1
1621220191000;14100961;1.21339;1.21345;1.21342;0;T;True;1
1621220192000;14100965;1.21339;1.21345;1.21342;3;T;True;1
1621220193000;14100966;1.21339;1.21345;1.21342;0;T;True;1
1621220194000;14100968;1.2134;1.21346;1.21343;1;T;True;1
1621220195000;14100969;1.2134;1.21346;1.21343;0;T;True;1
1621220196000;14100972;1.2134;1.21346;1.21343;2;T;True;1
1621220197000;14100975;1.21341;1.21347;1.21344;2;T;True;1
1621220198000;14100978;1.21341;1.21347;1.21344;2;T;True;1
